2468 3930
186 243 248 308 308
480 243 513 300 L.
534 241 680 300 ANNAEI
702 239 876 300 SENECAE

184 413 252 457 rum
268 393 417 468 castigant
432 391 583 467 quosdam
598 399 629 452 et
643 399 787 452 coercent
804 399 833 451 et
850 390 991 466 inrogant
1004 406 1124 469 poenas
1141 399 1172 451 et

185 479 350 554 aliquando
367 475 473 552 specie
486 475 559 536 boni
576 475 713 550 puniunt.
740 476 797 535 Vis
814 477 890 536 deos
907 474 1094 551 propitiaret
1117 475 1170 537 bo·

143 577 243 627 ttnus
257 569 334 621 esto.
363 561 438 621 satis
456 560 525 620 ilios
538 557 646 632 coluit,
664 559 805 635 quisquis
821 560 953 620 imitatus
969 567 1025 620 est.
1069 559 1170 620 Ecce

185 649 308 706 altera
323 644 519 720 quaestio,
543 644 735 718 quomodo
753 643 976 704 hominibus
994 643 1048 703 sit
1062 651 1169 705 uton-

186 730 280 789 dum.
325 728 402 803 Quid
417 728 558 803 agimust
585 743 665 802 quae
683 727 791 787 damus
807 734 993 802 praeceptat
1015 735 1048 787 ut
1061 721 1169 803 parca·

185 830 253 873 mus
266 811 407 888 sanguini
421 811 575 872 humanat
597 810 775 886 quantulum
790 819 846 882 est,
863 812 890 870 ei
907 828 967 872 non
982 827 1105 887 nocere,
1123 813 1170 873 cui

186 897 301 958 debeas
318 897 484 971 prodesset
506 911 617 971 magna
636 895 753 955 scilicet
768 897 836 956 iaus
851 903 912 966 est,
936 895 963 956 si
978 895 1070 957 horno
1086 912 1169 956 man·

186 989 293 1042 suetus
320 979 435 1042 homini
461 986 518 1041 est.
551 977 792 1054 praecipiemus,
818 985 851 1039 ut
876 981 1025 1054 naufrago
1047 996 1170 1053 manum

187 1065 337 1140 porrigat,
362 1064 473 1124 erranti
499 1064 578 1122 viam
602 1070 766 1137 monstret,
792 1078 861 1122 cum
882 1063 1036 1124 esuriente
1061 1081 1170 1140 panem

187 1165 276 1209 suum
299 1148 435 1208 dividatt
478 1147 606 1220 Quando
628 1147 744 1220 omnia,
768 1163 847 1222 quae
869 1148 1057 1223 praestanda
1071 1165 1108 1208 ac
1129 1149 1169 1207 vi-

186 1232 280 1293 tanda
294 1238 380 1305 sunt,
396 1232 516 1291 dicant
537 1237 604 1305 [our
617 1237 714 1292 autem
731 1228 861 1304 urrant]
883 1248 951 1293 cum
967 1232 1087 1307 possim
1102 1232 1169 1293 bre-

143 1315 354 1378 aeviternam
369 1316 410 1375 iili
426 1316 585 1376 formulam
599 1313 723 1375 humani
739 1316 832 1375 officii
843 1316 981 1376 tradere:
998 1332 1089 1376 omne
1100 1315 1168 1386 boc,

188 1400 271 1476 quod
282 1400 380 1474 vides,
393 1414 454 1475 quo
467 1399 570 1458 divina
582 1407 674 1474 atque
686 1399 819 1459 humana
831 1401 976 1460 conclusa
990 1409 1170 1474 suntunum

187 1493 248 1545 est:
270 1485 405 1545 membra
420 1499 527 1542 sumus
542 1482 681 1558 corporis
696 1484 806 1558 magni.
828 1491 936 1543 natura
947 1500 1005 1544 nos
1019 1491 1170 1560 cognatos

187 1567 296 1642 edidit,
323 1584 391 1628 curn
411 1582 450 1625 ex
472 1565 569 1626 isdem
592 1574 621 1626 et
642 1568 670 1627 in
689 1567 795 1628 eadem
811 1568 957 1642 gigneret.
987 1567 1066 1629 haec
1081 1568 1169 1629 nobis

187 1666 322 1711 amorem
336 1650 445 1711 indidit
464 1658 600 1711 mutuum
621 1658 652 1710 et
671 1650 835 1712 sociabiles
856 1653 935 1712 iecit.
965 1652 1016 1713 iile
1037 1668 1170 1727 aequum

186 1735 360 1810 iustumque
376 1735 548 1809 conposuit.
578 1751 617 1794 ex
637 1734 717 1795 iliius
732 1738 948 1796 constitutione
962 1735 1107 1797 miserius
1123 1743 1172 1796 est

186 1834 297 1878 nocere
313 1835 404 1893 quam
419 1818 509 1878 iaedi.
531 1835 571 1878 ex
584 1819 664 1879 illius
676 1819 803 1894 imperio
819 1828 945 1894 paratae
960 1821 1021 1881 sint
1036 1819 1169 1880 iuvantis

143 1911 303 1965 comanus.
347 1903 400 1963 lile
417 1919 525 1963 versus
541 1911 571 1964 et
584 1904 614 1962 in
631 1911 757 1979 pectore
773 1911 802 1963 et
819 1904 849 1963 in
866 1920 919 1964 ore
938 1905 991 1964 sit:
1012 1933 1013 1937 =

290 1988 384 2048 Homo
399 2004 472 2062 rum,
486 1989 612 2048 bumana·
623 1989 700 2048 nibil
712 2005 732 2047 u
748 2005 794 2048 me
808 1992 937 2050 alienum
948 1995 1031 2065 puto.

186 2072 361 2132 Habeamus
376 2072 406 2131 in
423 2087 593 2146 commune,
609 2071 693 2146 quod
704 2073 767 2132 nati
778 2088 895 2132 sumus.
919 2073 1051 2133 societas
1063 2079 1171 2132 nostra

187 2157 321 2230 lapidum
337 2155 530 2217 fornicationi
546 2155 699 2216 simillima
713 2163 777 2230 est,
801 2173 881 2232 quae
903 2172 1027 2230 casura,
1050 2153 1110 2216 nisi
1125 2156 1170 2215 in-

144 2244 179 2297 54
189 2241 285 2301 vicem
300 2242 445 2313 obstaret,
460 2241 520 2301 boo
533 2239 603 2316 ipso
621 2239 796 2301 sustinetur.
839 2240 931 2300 Post
945 2241 1040 2301 deos
1055 2239 1169 2300 honri-

187 2341 335 2401 nesque
356 2323 631 2399 dispiciamus,
654 2325 845 2399 quomodo
862 2325 980 2386 rebus
1002 2324 1171 2385 situten·

187 2409 280 2469 dum.
324 2411 357 2468 In
379 2424 604 2484 supervacuum
627 2416 794 2483 praecepta
808 2409 1003 2480 iactavimus,
1020 2407 1081 2468 nisi
1096 2407 1173 2467 ittud

187 2491 400 2568 praecesserit,
424 2492 543 2567 qualem
561 2493 599 2551 de
616 2508 810 2567 quacumque
824 2508 858 2552 re
872 2492 987 2553 habere
1001 2492 1171 2553 debeamus

187 2577 372 2650 opinionem,
389 2577 427 2635 de
446 2584 640 2651 paupertate,
656 2577 695 2637 de
711 2575 833 2649 divitiis,
851 2577 889 2636 de
904 2577 1009 2651 gioria,
1027 2576 1067 2636 de
1084 2575 1170 2650 igno-
1192 2583 1196 2591 “

77 2727 80 2733 ,
187 2661 292 2733 minia,
314 2660 353 2718 de
369 2661 480 2733 patria,
502 2661 541 2720 de
556 2660 657 2719 exilio.
681 2661 876 2721 aestimemus
893 2660 1012 2735 singula
1028 2661 1109 2719 tama
1123 2675 1171 2719 rc·

145 2749 268 2802 atmota
281 2749 312 2802 et
327 2758 526 2817 quaeramus,
550 2741 623 2818 quid
640 2743 714 2815 sint,
737 2760 797 2805 non
823 2745 897 2819 quid
913 2749 1069 2804 vocentur.
1115 2743 1172 2803 Ad

187 2827 353 2886 virtutes
367 2832 624 2887 transeamus.
667 2827 838 2904 Praecipiet
852 2829 970 2904 aliquis
987 2835 1019 2886 ut
1037 2828 1171 2903 pruden-

186 2910 257 2969 tiam
281 2911 382 2985 magni
407 2911 617 2985 aestimemus,
632 2920 677 2972 ·ut
703 2913 908 2973 tortitudinem
932 2913 1171 2987 conplectamur,

187 2995 428 3070 [temperantiam
444 3001 603 3069 amemus],
618 2995 775 3069 iustitiam,
792 2997 818 3057 si
832 2997 898 3057 fieri
915 3002 1024 3072 potest,
1041 2995 1171 3071 propius

187 3078 277 3139 etiam
298 3096 389 3155 quam
408 3086 527 3141 ceteras
549 3080 638 3141 nobis
663 3080 861 3156 adplicemus.
890 3081 947 3141 sed
967 3077 1009 3140 nil
1033 3094 1171 3155 agemus,

188 3164 213 3222 si
230 3179 422 3239 ignoramus,
440 3165 514 3241 quid
528 3165 567 3226 sit
581 3166 687 3239 virtus,
703 3182 763 3226 una
779 3164 872 3226 sitan
888 3166 993 3240 plures
1008 3170 1172 3240 separatae

186 3255 238 3308 aut
252 3249 397 3324 innexae,
421 3267 459 3310 an
479 3248 530 3325 qui
545 3266 635 3310 unam
651 3250 757 3323 habet,
779 3257 810 3310 et
823 3258 942 3310 ceteras
956 3248 1083 3322 habeat,
1108 3263 1171 3323 quo

143 3340 177 3394 56
186 3332 263 3392 inter
277 3350 311 3395 se
326 3333 476 3394 differant.
505 3333 571 3394 Non
587 3342 636 3394 est
649 3349 779 3394 necesse
795 3334 882 3394 fabro
895 3333 934 3393 de
948 3333 1064 3393 fabrica
1076 3347 1171 3409 quae·

186 3432 269 3490 rere,
292 3419 374 3491 quod
390 3418 457 3479 eius
472 3415 599 3494 initium,
623 3419 693 3494 quis
714 3434 789 3478 usus
810 3417 863 3491 sit,
886 3433 947 3478 non
963 3415 1062 3492 magis
1078 3432 1169 3493 quarn

186 3501 371 3577 pantomimo
393 3500 432 3560 de
447 3508 511 3560 arte
528 3502 674 3563 saltandi:
697 3517 802 3562 omnes
817 3502 895 3562 istae
911 3509 992 3563 artes
1007 3517 1043 3561 se
1058 3498 1168 3574 sciunt,
