2468 3930
270 227 441 289 EPISTUL.
456 226 551 290 molt.
572 227 693 287 Llull.
714 227 810 288 ΕΜ.
832 231 903 302 (14.)
1036 228 1078 291 29

99 381 205 458 pelli.
235 379 504 454 quorumtria,
527 379 564 438 ni
586 379 717 454 fallor,
739 387 1005 454 generosum:
1030 380 1077 440 ti·

99 473 222 525 metur
243 463 390 538 inopia,
414 464 594 522 timentur
617 464 753 536 morbi,
776 465 959 524 timentur
981 479 1079 539 quae

99 565 169 626 per
195 548 269 607 vim
299 546 541 622 potentioris
571 548 763 607 eveniunt.
804 548 852 606 Ex
873 548 1107 613 hisomnibus4

99 631 621 705 nihilmagisnosconcutit‚
646 632 933 707 quamquodex
951 633 1080 692 aliena

99 715 280 794 potentia
307 716 503 790 inpendet.
532 731 644 790 magno
664 716 743 774 euim
765 716 893 790 strepitu
908 724 938 776 et
951 717 1079 777 tumultu

98 799 191 861 venit.
219 800 368 859 naturalia
392 800 471 859 mala
493 815 572 875 quae
593 801 696 873 retuli,
719 800 928 874 inopiaatque
944 797 1077 872 morbus,

99 884 221 946 silentio
237 883 368 943 subeunt
384 899 441 942 nec
453 884 551 944 oculis
566 899 623 942 nec
638 884 762 943 auribus
775 883 937 958 quicquam
954 886 1078 944 terroris

99 967 262 1028 incutiunt:
289 966 397 1040 ingens
421 967 545 1027 alterius
565 967 635 1026 mali
657 982 771 1042 pompa
788 975 843 1026 est.
872 969 982 1027 serrum
998 969 1080 1028 circa

99 1069 135 1113 se
150 1059 180 1110 et
200 1051 287 1126 ignes
303 1051 396 1111 habet
410 1058 441 1111 et
457 1059 581 1111 catenas
597 1058 627 1111 et
640 1051 758 1112 turbam
775 1051 920 1124 serarum,
943 1069 1033 1126 quam
1048 1051 1079 1110 in

99 1137 223 1196 viscera
243 1133 371 1195 inmittat
392 1135 534 1195 humana.
574 1134 679 1209 Cogita
704 1134 853 1192 hocloco
875 1150 1029 1193 carcerem
1052 1142 1109 1194 ets

100 1234 210 1280 cruces
230 1227 261 1278 et
281 1220 406 1279 eculeos
427 1227 457 1279 et
477 1234 587 1277 uncum
604 1226 634 1277 et
650 1218 790 1277 adactum
807 1233 863 1292 per
878 1219 1010 1277 medium
1026 1218 1081 1278 ho-

99 1305 227 1374 minem,
257 1302 309 1377 qui
330 1318 386 1377 per
408 1318 444 1363 os
466 1309 649 1376 emergeret,
677 1300 808 1376 stipitem
831 1307 860 1360 et
882 1301 1026 1362 distracta
1049 1303 1078 1360 in

99 1389 258 1448 diversum
272 1386 348 1445 actis
364 1386 503 1447 curribus
519 1386 667 1458 membra,
686 1386 767 1445 illam
781 1385 914 1445 tunicam
931 1385 1080 1446 alimentis

99 1471 215 1546 ignium
236 1477 267 1532 et
286 1470 399 1529 inlitam
420 1477 451 1530 et
469 1477 596 1542 textam,
625 1476 678 1543 [et]
695 1469 842 1544 quicquid
859 1468 941 1529 aliud
960 1477 1081 1545 praeter

98 1556 177 1616 haec
200 1562 370 1615 commenta
391 1554 518 1615 saevitia
538 1561 594 1614 est.
629 1553 696 1615 Non
718 1562 765 1614 est
785 1554 889 1628 itaque
905 1555 1029 1627 mirum,
1054 1554 1109 1621 sio

98 1638 252 1698 maximus
266 1637 358 1698 huius
373 1639 418 1697 rei
435 1638 525 1697 timor
541 1645 603 1712 est,
630 1639 718 1698 cuius
734 1647 764 1698 et
777 1638 909 1698 varietas
925 1654 1035 1713 magna
1051 1645 1081 1698 et

100 1724 267 1797 adparatus
289 1720 431 1782 terribilis
454 1729 511 1782 est.
545 1739 613 1782 nam
641 1722 898 1797 quemadmodum
925 1724 994 1796 plus
1019 1724 1081 1796 agit

100 1813 210 1880 tortor,
240 1823 301 1881 quo
324 1807 411 1881 plura
432 1806 632 1866 instrumenta
652 1807 766 1866 doloris
788 1807 948 1880 exposuit,
975 1807 1080 1880 specie

101 1890 183 1950 enim
197 1890 358 1950 vincuntur
374 1890 425 1965 qul
441 1890 585 1965 patientia
597 1890 796 1951 restitissent:
819 1891 861 1951 ita
872 1906 912 1950 ex
924 1890 981 1964 his,
1000 1905 1080 1965 quae

101 1974 221 2034 animos
236 1982 361 2034 nostros
376 1973 521 2049 subigunt
534 1982 564 2034 et
576 1976 714 2047 domant,
730 1976 800 2049 plus
812 1974 983 2049 proficiunt,
1001 1989 1079 2048 quae

100 2057 214 2118 habent
235 2059 320 2131 quod
341 2058 511 2118 ostendant.
550 2059 623 2118 lllae
643 2067 747 2133 pestes
768 2074 830 2118 non
850 2059 950 2118 minus
968 2073 1079 2132 graves

101 2147 195 2217 sunt,
224 2142 334 2201 famem
359 2143 429 2203 dico
454 2149 483 2201 et
509 2141 758 2216 praecordiorum
785 2141 1023 2218 suppurationes
1051 2149 1080 2202 ct

101 2225 218 2286 lebrem
240 2226 361 2285 viscera
382 2225 451 2302 ipsa
471 2234 645 2287 torrentem.
674 2227 728 2286 sed
750 2228 858 2298 latent,
881 2226 954 2284 nihil
968 2226 1081 2285 habent

103 2309 188 2384 quod
207 2309 369 2385 intentent,
399 2310 483 2385 quod
503 2311 691 2385 praeierant:
721 2309 797 2369 haec
817 2319 850 2369 ut
870 2325 981 2384 magna
1000 2309 1081 2368 bella

100 2393 252 2468 adspectu
264 2403 434 2470 paratuque
446 2396 591 2454 vicerunt.
619 2396 733 2453 Demus
745 2391 848 2467 itaque
860 2407 994 2466 operam,
1011 2393 1109 2461 abs-7

99 2476 251 2537 tineamus
274 2477 412 2538 offensis.
446 2479 600 2540 Interdum
621 2477 756 2552 populus
778 2483 838 2549 est,
863 2491 954 2549 quem
974 2474 1081 2533 timere

101 2561 280 2620 debeamus.
302 2560 453 2622 interdum
468 2563 495 2623 sl
510 2577 547 2622 ea
561 2562 689 2622 civitatis
706 2559 870 2636 disciplina
884 2567 947 2633 est,
966 2566 999 2618 ut
1015 2560 1081 2633 plu-

101 2645 178 2704 rima
198 2661 254 2721 per
275 2655 413 2705 senatum
428 2645 641 2720 transigantur,
663 2645 789 2720 gratiosi
803 2645 832 2704 in
850 2661 886 2704 eo
902 2644 968 2703 viri.
990 2644 1080 2702 inter·

100 2729 175 2788 dum
196 2727 323 2804 singuli,
348 2729 459 2804 quibus
481 2738 618 2806 potestas
634 2730 740 2804 populi
756 2736 785 2789 et
805 2728 834 2787 in
850 2725 1083 2804 populum'data

100 2818 159 2871 est.
190 2813 250 2873 hos
273 2828 379 2874 omnes
403 2814 518 2874 amicos
539 2814 652 2873 habere
674 2829 840 2890 operosum
857 2822 917 2873 est:
945 2814 1020 2872 satis
1036 2819 1083 2871 est

100 2896 241 2957 inimicos
264 2912 326 2956 non
346 2897 470 2959 habere.
514 2898 620 2973 Itaque
644 2898 768 2973 sapiens
789 2913 954 2972 numquam
975 2903 1082 2972 poten-

99 2980 174 3040 tium
194 2980 257 3041 iras
279 2981 468 3054 provocabit.
501 2982 592 3042 immo
614 2982 790 3055 declinabit,
814 2997 874 3040 non
890 2980 976 3042 aliter
991 2995 1082 3054 quam

100 3065 132 3124 in
157 3065 334 3140 navigando
357 3068 531 3140 procellam.
573 3065 645 3125 Cum
669 3073 790 3140 peteres
814 3064 965 3137 Siciliam,
994 3064 1112 3132 traie-rt

100 3149 168 3209 cisti
183 3149 305 3211 fretum.
329 3151 508 3212 temerarius
523 3150 709 3224 gubernator
728 3151 911 3223 contempsit
921 3148 1017 3207 austri
1029 3146 1082 3204 mi·
1159 3215 1168 3229 ·

98 3249 156 3292 nas
177 3234 243 3309 (ille
264 3240 314 3293 cst
334 3235 426 3306 enim,
452 3238 503 3309 qui
526 3233 659 3295 Siculum
680 3234 810 3308 pelagus
829 3235 993 3305 exasperet
1008 3229 1081 3289 etin

98 3317 233 3378 vertices
255 3321 368 3391 cogat).
400 3335 461 3378 non
483 3317 639 3378 sinistrum
659 3319 734 3393 petit
752 3317 839 3388 litus,
868 3315 924 3376 sed
944 3313 991 3388 id,
1022 3331 1082 3388 quo

99 3401 228 3476 propior
240 3401 414 3478 Charybdis
428 3402 523 3462 maria
538 3402 701 3462 convolvit.
725 3399 819 3460 atille
835 3398 952 3458 cautior
968 3397 1083 3472 peritos

100 3484 237 3547 locomm
258 3493 362 3560 rogat,
386 3487 454 3561 quis
476 3495 580 3548 aestus
602 3485 655 3561 sit,
680 3500 759 3560 quae
782 3483 868 3558 signa
886 3482 959 3541 dent
973 3482 1081 3543 nubes.
