2468 3930
144 202 207 268 194
433 203 466 262 L.
486 200 633 261 ANNAEl
653 199 829 262 SENECAE

143 356 264 416 malium
283 353 343 412 hoc
358 351 427 428 ipso
443 359 606 424 momento,
623 369 684 428 quo
699 359 732 412 tu
747 351 824 412 mori
839 351 972 426 dubitas,
987 351 1124 437 animam

142 439 236 499 variis
258 436 422 512 generibus
445 437 590 497 emittunt.
619 443 652 496 lu
673 444 772 496 autem
794 452 855 496 non
879 436 1008 511 putabas
1022 444 1054 498 te
1068 439 1125 499 oli·

145 523 269 600 quando
284 522 322 579 ad
342 521 372 579 id
389 527 622 596 perventurum,
643 520 682 580 ad
698 520 779 595 quod
795 535 919 595 semper
932 521 1024 582 ibast
1049 521 1123 582 Nul-

103 607 204 671 lllum
226 606 292 666 sine
314 605 397 665 exitu
416 605 473 663 iter
487 612 543 683 est.
586 604 735 679 Exempla
750 619 831 663 nunc
846 621 1025 679 magnorum
1041 605 1124 667 viro·

143 707 209 751 rum
226 687 334 748 metibi
346 688 464 747 iudicas
476 688 661 748 relaturum?
677 703 842 762 puerorum
854 689 995 748 referam.
1017 689 1125 751 Lacon

144 776 194 834 ille
205 772 370 832 memoriae
381 772 509 832 traditur
520 771 652 847 impubis
665 772 774 845 adhuc,
788 773 838 848 qui
851 780 960 847 captus
973 773 1126 834 clamabat

144 874 223 934 „con
235 860 382 917 amicm“
398 872 455 916 sua
475 855 526 916 illa
541 856 652 916 Dorica
667 856 785 929 lingua,
807 863 838 916 et
852 855 955 916 verbis
970 856 1064 919 fidem
1078 857 1123 918 in-

144 942 263 1017 posuit:
286 948 319 1000 ut
333 940 462 1014 primum
473 939 577 1000 iussus
591 946 638 999 est
649 939 752 999 servili
762 939 845 1014 iungi
858 948 888 1000 et
899 940 1123 1003 contumelioso

144 1025 320 1097 ministerio,
333 1024 453 1083 adferre
467 1024 547 1083 enim
559 1040 613 1083 vas
622 1023 811 1083 obscoenum
821 1023 990 1099 iubebatur,
1001 1025 1124 1089 inlisum

104 1122 136 1174 15
144 1109 252 1185 parieti
280 1115 372 1182 caput
396 1108 485 1182 rupit.
529 1108 601 1167 Tam
623 1122 722 1182 prope
743 1107 867 1168 libertas
888 1115 949 1168 est:
979 1115 1010 1168 et
1029 1110 1125 1169 seruit

146 1194 279 1268 aliquis?
306 1191 347 1251 ita
369 1209 429 1252 non
452 1191 498 1250 sic
516 1193 617 1266 perire
631 1192 725 1251 lilium
740 1197 824 1251 tuum
839 1191 946 1252 malles
963 1206 1125 1268 quamper

145 1278 282 1337 inertiam
303 1291 409 1334 senem
431 1275 518 1334 fierit
545 1276 618 1350 quid
639 1291 713 1349 ergo
732 1282 793 1349 est,
815 1291 870 1334 cur
885 1274 1082 1350 perturberis,
1097 1275 1124 1337 si

144 1362 222 1421 mori
239 1359 355 1418 lortiter
369 1359 459 1417 etiam
475 1360 592 1433 puerile
614 1366 681 1419 esti
709 1366 783 1434 puta
800 1359 880 1419 nolle
894 1365 924 1418 te
939 1359 1044 1434 sequit
1066 1359 1122 1419 du-

146 1445 236 1504 ceris.
280 1443 341 1502 Fac
362 1443 404 1500 tui
426 1441 516 1512 iuris,
539 1442 621 1517 quod
643 1443 733 1502 alieni
755 1449 810 1502 est.
838 1458 898 1502 non
915 1458 1020 1504 sumes
1034 1442 1121 1518 pueri

146 1529 300 1602 spirltum,
324 1533 356 1585 ut
376 1525 463 1583 dicas
479 1542 560 1596 „non
576 1527 721 1585 servio“t
762 1526 887 1600 Infelix,
908 1524 1005 1587 servis
1024 1524 1120 1586 lromi-

145 1610 251 1681 nibus,
275 1609 373 1670 servis
389 1608 496 1682 rebus,
518 1609 617 1670 servis
634 1610 722 1670 vitae.
750 1627 819 1669 nam
835 1610 912 1685 vita,
931 1611 958 1670 si
972 1609 1120 1670 moriendi

105 1693 241 1760 16virtus
257 1695 358 1763 abest,
381 1693 513 1752 servitus
528 1701 584 1753 est.
626 1693 748 1768 Ecquid
763 1693 874 1768 habes,
897 1691 1123 1770 propterquod

146 1783 329 1851 exspectes?
344 1777 517 1850 voluptates
529 1777 624 1852 ipsas,
638 1794 717 1852 quae
728 1786 758 1839 te
769 1786 926 1839 morantur
936 1793 975 1838 ac
983 1776 1126 1852 retinent,

145 1859 374 1935 consumpsisti.
402 1861 484 1920 nulla
505 1861 557 1920 tibi
576 1878 655 1921 nova
677 1869 738 1935 est,
760 1863 843 1922 nulla
862 1878 923 1922 non
939 1861 999 1922 iam
1015 1862 1124 1923 odiosa

145 1945 214 2020 ipsa
231 1944 384 2004 satietate:
407 1944 476 2019 quis
495 1944 619 2019 silvini,
635 1946 704 2021 quis
720 1947 810 2006 mulsi
826 1962 929 2020 sapor,
947 1946 1021 2007 scis.
1051 1942 1125 2005 nihil

78 2045 83 2054 ’
145 2028 286 2100 interest,
317 2036 437 2088 centum
460 2045 515 2104 per
535 2029 670 2089 vesicam
692 2037 773 2090 tuam
793 2046 831 2089 an
854 2029 935 2089 mille
958 2028 1124 2105 amphorae

144 2119 316 2173 transeant:
339 2129 450 2173 saccus
465 2129 510 2174 es.
538 2113 611 2188 quid
627 2115 727 2188 sapiat
741 2119 891 2188 ostreum,
913 2113 986 2188 quid
1001 2113 1123 2186 mullus,

146 2198 259 2272 optime
280 2198 375 2257 nosti:
402 2196 476 2256 nihil
496 2197 549 2257 tibi
568 2197 686 2258 luxuria
704 2204 756 2257 tua
776 2198 806 2256 in
828 2198 946 2258 llrtrrros
962 2213 1062 2258 annos
1077 2212 1125 2257 re·

146 2282 280 2340 servavit
300 2282 459 2341 intactum:
488 2280 573 2354 atqui
593 2281 670 2341 haec
686 2289 769 2354 sunt,
791 2282 936 2357 aquibus
951 2279 1066 2342 invitus
1080 2280 1125 2341 di-

105 2375 137 2432 17
146 2365 277 2425 velleris.
322 2364 401 2439 Quid
416 2374 464 2425 est
479 2366 569 2438 aliud,
593 2365 677 2439 quod
692 2365 744 2425 tibi
759 2364 836 2439 eripi
851 2365 980 2425 doleas?
1007 2364 1125 2424 amicus

144 2456 189 2510 eat
201 2459 230 2510 et
247 2450 365 2524 patriar
386 2450 458 2509 tanti
480 2451 559 2508 enim
582 2450 664 2508 illam
680 2456 786 2525 putas,
808 2455 841 2509 ut
856 2449 973 2510 tardius
989 2453 1125 2509 coenest

146 2535 241 2593 solem
260 2550 401 2608 quoque,
424 2534 450 2592 si
466 2549 593 2607 posses,
616 2533 837 2607 exstingueres.
865 2533 939 2607 quid
961 2532 1043 2592 enim
1060 2548 1125 2593 um·

146 2634 237 2692 quam
261 2617 358 2676 iecisti
380 2618 448 2675 luce
468 2617 615 2689 dignum?
637 2618 783 2676 confitere
800 2633 861 2676 non
878 2616 1039 2689 audacte,
1061 2631 1125 2675 non

145 2699 218 2770 lori,
245 2717 306 2759 non
321 2700 425 2774 ipsius
448 2715 549 2759 rerum
569 2708 695 2760 naturae
717 2699 873 2760 desiderio
897 2700 1062 2760 tardiorem
1084 2697 1125 2758 ad

145 2783 335 2843 moriendum
351 2783 431 2841 fieri:
453 2783 565 2844 invitus
580 2785 727 2858 relinquis
741 2784 909 2858 macellum,
928 2784 957 2843 in
977 2799 1038 2859 quo
1051 2781 1125 2842 nihil

106 2866 303 2940 13reliquistl.
329 2867 458 2926 Mortem
472 2867 576 2927 times:
599 2875 629 2927 al
644 2868 799 2942 quomodo
824 2868 904 2927 illam
922 2867 1024 2927 media
1040 2866 1126 2926 oble·

147 2951 277 3011 ctatione
298 2951 489 3010 contemnis?
513 2950 618 3010 vivere
638 2953 701 3010 vis:
725 2952 787 3012 scis
803 2951 905 3010 enim?
925 2951 1003 3011 mori
1021 2950 1125 3010 timess

147 3035 220 3110 quid
237 3041 351 3109 porro?
373 3036 431 3095 ista
447 3034 507 3094 vita
522 3052 582 3095 nou
600 3051 683 3094 mors
700 3042 766 3095 esti
810 3034 938 3108 Caesar,
958 3049 1027 3094 cum
1042 3034 1126 3093 illum

145 3128 352 3180 transeuntem
381 3135 436 3193 per
464 3119 600 3178 Latinam
629 3120 709 3178 viam
738 3135 818 3179 unus
847 3134 887 3177 ex
916 3116 1126 3179 custodiarum

146 3205 265 3278 agmine
291 3205 426 3263 demissa
453 3219 554 3277 usquc
577 3202 607 3260 in
632 3210 739 3277 pectus
759 3210 865 3263 vetere
884 3202 983 3262 barba
1002 3206 1128 3276 rogaret

146 3297 287 3347 mortem:
310 3305 409 3361 ‚punc
423 3290 515 3360 enim,
536 3285 648 3361 inquit,
669 3283 786 3347 vivic?“
829 3287 897 3346 Hoc
913 3286 980 3347 istis
994 3298 1127 3359 respon-

146 3369 279 3431 dendum
299 3378 361 3444 est,
388 3371 499 3444 quibus
521 3387 705 3434 succursura
728 3385 811 3429 mors
833 3377 895 3431 est:
924 3368 1002 3429 mori
1020 3366 1127 3428 timess

106 3460 227 3517 renunc
249 3456 329 3515 enim
351 3455 452 3515 vivist
494 3453 580 3528 „Sed
600 3470 675 3530 ego,
701 3453 814 3529 inquit,
837 3452 942 3513 vivere
961 3451 1051 3525 volo,
1073 3450 1128 3526 qui
