2468 3930
229 226 397 290 EPISTUL.
412 226 507 290 molt.
527 227 600 287 LlB.
617 228 668 287 Vt.
689 226 746 288 ΕΡ.
758 237 784 290 4.
792 239 818 290 5.
833 237 890 305 (56.
900 235 958 303 57.)
1019 229 1081 294 119

103 382 162 443 sed
178 381 218 442 dc
230 381 299 456 illo,
322 379 353 438 in
374 395 464 456 quem
479 379 599 440 lortuna
613 379 661 440 ius
675 380 821 455 perdiditc
845 380 936 441 huius
955 396 1080 457 quoque

100 467 227 526 ferietur
242 464 378 538 animus,
393 461 556 524 mutabitur
571 463 665 524 colorss
694 463 886 538 Quaedam
902 464 1022 543 [enim]‚
1039 464 1108 530 mit

99 547 215 623 Lucili,
240 548 349 608 nulla
373 547 553 622 elingere
571 547 696 607 virtus
722 554 869 622 potesta
897 549 1080 608 admonet

99 633 206 692 illam
228 639 364 691 natura
385 629 641 690 mortalitatis
663 644 771 690 suae:
796 631 899 707 itaque
920 639 951 691 et
963 633 1078 692 voltum

101 716 235 776 adducet
248 714 290 774 ad
303 712 401 774 tristia
416 721 446 773 et
458 712 649 774 inhorrescet
663 714 703 773 ad
718 714 820 774 subita
835 723 866 775 et
880 714 1036 790 caligabit,
1052 716 1079 776 si

100 794 221 858 vastam
232 797 420 858 altitudinem
434 797 464 856 in
481 797 639 872 crepidine
650 797 716 856 eius
729 798 911 860 constitutus
925 799 1077 875 despexe·

99 882 154 942 rit:
170 876 231 943 non
248 888 296 942 est
308 881 369 940 hoc
384 880 486 955 timor,
503 878 561 940 sed
575 881 723 941 naturalis
741 881 873 942 adlectio
888 882 1077 958 inexpugna-

101 965 172 1025 bilis
187 965 306 1026 rationi.
333 965 440 1039 ltaque
454 965 548 1025 lortes
566 962 690 1039 quidam
706 971 737 1024 et
750 964 935 1039 paratissimi
949 967 1105 1031 funderet

101 1065 191 1110 suum
207 1049 387 1124 sanguinem
401 1049 532 1108 alienum
545 1048 649 1107 videre
664 1063 725 1107 non
738 1056 877 1122 possunt.
901 1049 1023 1123 quidam
1038 1051 1078 1109 ad

99 1133 236 1193 volneris
249 1132 336 1206 novi,
352 1131 475 1206 quidam
488 1132 528 1191 ad
539 1130 652 1191 veteris
664 1138 695 1191 et
704 1131 855 1206 purulenti
868 1133 1078 1192 tractationem

99 1214 385 1291 inspectionemque
401 1215 564 1275 succidunt
577 1229 615 1274 ac
628 1213 805 1290 linquuntur
816 1215 927 1274 animo.
953 1215 1002 1275 alli
1014 1216 1076 1290 gla-

100 1299 184 1360 dium
205 1297 326 1360 lacillus
345 1298 498 1373 recipiunt
515 1314 606 1374 quam
622 1297 736 1357 vident.
764 1297 856 1359 Sensi
871 1313 962 1374 ergo,
983 1307 1016 1359 ut
1033 1299 1107 1366 ‹ti-o

100 1383 224 1458 oebam,
248 1382 410 1458 quamdam
426 1398 487 1441 non
503 1381 624 1457 quidem
640 1381 912 1457 perturbationem,
934 1383 991 1462 sed
1012 1398 1077 1442 mu-

99 1467 255 1527 tationem.
282 1482 391 1526 rursus
413 1466 453 1543 ad
476 1467 605 1541 primum
627 1473 827 1542 conspectum
847 1466 987 1527 redditae
1000 1465 1077 1526 lueis

99 1551 243 1612 alacritas
258 1547 349 1610 rediit
364 1548 528 1624 incogitata
549 1557 579 1609 et
598 1549 731 1610 iniussa:
751 1548 850 1611 illud
869 1550 982 1611 deinde
1002 1566 1077 1611 me-

100 1649 183 1694 cum
203 1632 309 1710 loqui
332 1634 460 1708 coepi,
482 1649 590 1709 quarn
606 1633 941 1710 ineptequaedam
956 1635 1077 1709 magis

101 1724 166 1777 aut
186 1717 309 1778 minus
331 1715 566 1790 timeremuS,
588 1733 668 1778 cum
687 1717 966 1779 omniumidem
981 1716 1076 1778 linis

100 1807 219 1861 esset.
249 1801 324 1876 quid
348 1805 427 1860 enim
449 1800 589 1875 interest,
609 1808 710 1863 utrum
730 1819 825 1877 supra
847 1804 979 1878 aliquem
999 1801 1075 1878 vigi·

100 1884 218 1944 liarium
237 1891 306 1945 ruat
326 1901 364 1943 an
386 1891 497 1944 mous?
517 1885 590 1944 nihil
606 1885 753 1946 invenies.
784 1894 872 1947 erunt
884 1892 1001 1960 mmen,
1024 1885 1077 1963 qui

100 1967 180 2028 hane
200 1969 318 2028 ruinam
339 1968 436 2044 magis
457 1967 594 2043 timeant,
618 1968 757 2045 quumvis
771 1977 902 2046 utraque
921 1970 1077 2031 mortifera

102 2067 202 2127 aeque
212 2053 265 2112 site
280 2049 359 2112 adeo
370 2069 432 2113 non
445 2051 589 2127 effectus,
605 2053 661 2113 sed
673 2053 835 2114 efficientia
846 2056 937 2114 timor
948 2061 1076 2129 spectat.

100 2134 188 2196 Nunc
212 2151 261 2195 me
285 2143 377 2211 putas
403 2137 443 2196 de
467 2134 579 2197 Stoicis
606 2136 723 2211 dicere,
756 2138 820 2211 qui
852 2137 1103 2200 existimanti

101 2218 262 2279 animam
284 2218 448 2280 hominis
475 2235 609 2294 magno
638 2220 811 2300 pondere
833 2221 967 2280 extriti
990 2237 1076 2295 per-

101 2317 253 2362 manere
273 2319 347 2362 non
374 2318 495 2377 posse
523 2310 559 2362 et
586 2303 715 2363 statim
742 2302 893 2378 spargi,
922 2304 1076 2377 quianon

102 2384 191 2446 luerit
210 2384 254 2446 illi
274 2386 374 2447 exitus
396 2386 492 2446 liberi
514 2402 572 2461 ego
585 2401 660 2446 vero
684 2401 745 2445 non
765 2385 861 2446 lario:
885 2387 937 2461 qui
957 2386 1017 2446 hoc
1032 2385 1077 2445 di·

101 2475 191 2544 cunt,
214 2469 397 2530 videntur
410 2469 501 2529 mihi
516 2485 657 2529 errare.
678 2467 940 2543 Quemadmodum
954 2468 1106 2531 flamma8

100 2569 164 2614 non
181 2560 285 2628 potest
301 2553 445 2630 opprimi,
470 2570 539 2613 nam
561 2553 643 2614 circa
664 2553 694 2613 id
713 2552 833 2628 effugit,
858 2569 919 2628 quo
935 2558 1076 2627 urgeturc

100 2636 359 2711 quemadmodum
381 2653 434 2696 aer
450 2637 578 2697 verbere
598 2643 691 2712 atque
711 2636 772 2697 ictu
792 2652 852 2696 non
874 2638 1017 2710 laeditur,
1038 2651 1077 2696 ne

99 2720 252 2780 scinditur
272 2720 412 2796 quidem,
436 2721 493 2781 sed
515 2722 597 2780 circa
616 2720 662 2795 id,
690 2720 739 2781 cui
759 2719 867 2795 cessit,
893 2720 1076 2782 retunditurc

99 2803 148 2863 sic
164 2804 299 2879 animus,
321 2803 428 2878 quiex
448 2805 628 2865 tenuissimo
651 2812 786 2878 constat,
808 2805 996 2881 deprehendi
1014 2821 1076 2865 non

98 2893 206 2962 potest
220 2901 277 2946 nec
294 2887 372 2947 intra
387 2902 500 2962 corpus
522 2887 642 2962 adfligi,
664 2889 721 2948 sed
736 2887 886 2950 beneficio
904 2887 1077 2950 subtilitatis

100 2985 179 3031 suae
194 2985 250 3045 per
263 2969 346 3045 ipsa,
371 2970 481 3046 quibus
498 2971 656 3046 premitur,
672 2973 810 3048 erumpit.
844 2972 1004 3047 Quomodo
1021 2971 1076 3030 lul-

100 3053 192 3126 mini,
204 3054 293 3114 etiam
307 3069 375 3114 eum
387 3053 534 3115 latissime
546 3054 699 3130 percussit
709 3071 745 3114 ac
757 3055 853 3129 lulsit,
866 3072 922 3130 per
934 3054 1077 3129 exiguum

100 3138 240 3199 toramen
261 3143 309 3198 est
327 3137 461 3198 reditus:
490 3138 536 3198 sic
556 3138 672 3213 animo,
697 3138 749 3214 qui
771 3138 871 3199 adhuc
891 3138 1012 3198 tenuior
1030 3141 1079 3196 est

100 3219 188 3295 igne,
206 3235 263 3296 per
277 3236 368 3283 omne
383 3237 496 3297 corpus
510 3222 582 3296 luga
594 3228 650 3282 est.
672 3222 779 3297 Itaque
793 3222 844 3294 [de
853 3221 916 3298 illo]
930 3230 1107 3294 quaerenti

101 3304 175 3364 dum
190 3309 254 3379 est,
269 3320 308 3364 an
323 3305 425 3380 possit
438 3304 615 3365 immortalis
631 3321 713 3366 esse.
742 3305 809 3362 Hoc
824 3303 947 3378 quidem
963 3309 1077 3363 certum

100 3385 196 3448 haber
211 3388 239 3448 si
255 3395 417 3463 superstes
432 3395 480 3449 est
494 3387 632 3463 corpori,
647 3384 791 3462 *praeter
804 3387 882 3447 illud
894 3387 976 3446 illum
992 3387 1076 3449 nullo

100 3485 215 3546 genere
225 3475 329 3549 perire
343 3487 455 3547 posse,
474 3470 699 3548 propterquod
714 3485 773 3529 non
796 3467 908 3545 perit*,
933 3472 1077 3544 quoniam
