2468 3930
506 255 740 312 PRAEFATIO.
1074 278 1125 315 xrrr

104 397 161 447 lieri
179 408 230 445 nnn
246 402 331 460 potest
352 394 413 456 quin
434 393 540 458 incipiat
557 408 572 443 a
589 395 673 445 verbis
689 394 743 444 his:
767 397 857 445 stallum
875 398 968 448 coinel
984 402 1060 450 alteri
1070 416 1124 464 pur

106 473 159 523 een·
176 465 309 515 nonenim
325 470 433 528 possunt
450 477 481 512 ea
496 464 527 513 ob
540 462 690 528 interposita
702 465 780 515 verba
795 465 883 515 referri
898 467 932 517 ad
948 479 1124 532 argumentum

105 534 240 599 superius;
261 547 337 596 quare
354 529 421 582 male
435 531 566 582 scribitur:
585 533 690 582 alteriue
699 547 765 595 pore
783 542 833 594 εει,
853 537 950 586 accedit
964 539 1033 598 quod
1050 541 1126 590 alteri

100 617 169 666 para
186 608 225 654 eet
242 601 318 652 habet
342 600 398 651 cod.
417 601 503 650 Bamb.
528 600 578 652 levi
602 601 661 651 vitio
687 609 831 667 corruptus3
853 618 918 666 pars
941 606 1007 654 enim
1034 615 1058 656 et
1071 622 1125 670 par

105 674 182 721 etiam
200 670 263 721 alibi
280 669 349 719 haud
366 683 423 719 raro
440 676 628 734 permutantur,
652 677 680 719 ut
700 672 760 736 inp
779 673 835 722 cod.
856 687 896 738 ep.
915 673 963 736 66,
984 675 1026 726 15.
1061 676 1125 726 Item

105 755 146 805 ep.
162 739 206 802 90,
224 741 242 789 4
259 738 399 788 rectissime
415 738 442 787 in
458 739 515 788 cod.
532 738 620 791 Bamb.
642 737 707 804 legit
727 740 829 790 madent
844 739 978 804 habebant,
996 759 1047 794 non
1064 760 1124 796 eac·

104 810 173 871 dem,
192 822 267 860 nemo
284 807 402 873 negabit,
421 821 496 870 quem
511 821 562 857 non
579 807 660 873 ingit,
682 806 732 858 hoc
748 823 825 874 ogere
841 807 978 873 Senecam,
1003 820 1031 862 ut
1046 827 1124 864 aureo

104 877 192 928 seculo
209 891 318 942 regnum
336 890 416 940 penes
434 876 561 940 sapientes
579 875 659 926 luisse
680 884 782 928 auctore
799 877 937 931 Posidonio
957 881 1121 933 demonstret.

105 945 171 997 Ordo
190 954 275 996 autern
294 959 380 994 rorum
394 944 439 994 ubi
455 945 615 1008 perturbatus
634 953 686 1007 est,
705 961 809 998 necesse
828 957 866 998 est
885 958 929 999 ant
947 948 1059 1001 Senecae
1079 966 1124 1001 ne·

104 1015 251 1082 gligentlam
269 1027 417 1064 accusemus
435 1019 493 1078 aut,
516 1014 543 1062 id
563 1014 632 1076 quod
656 1029 704 1080 ego
718 1017 821 1080 saepius
836 1016 901 1079 leci,
926 1021 1124 1084 transpositione

105 1093 221 1143 nmmum
240 1098 323 1147 nequo
339 1081 390 1132 hoc
404 1089 488 1131 tamen
503 1081 575 1131 aliter
594 1081 657 1132 mihi
680 1083 756 1132 licere
775 1085 910 1135 arbitratus
931 1103 989 1137 sum
1005 1104 1082 1152 quam
1100 1089 1124 1140 si

103 1161 205 1218 praeter
222 1167 306 1201 rernm
326 1150 440 1201 ordinem
457 1151 533 1200 etiam
549 1151 576 1199 in
597 1151 662 1215 ipsis
685 1152 770 1203 verbis
791 1153 896 1217 aliquod
910 1155 1033 1206 indicium
1048 1158 1112 1208 troie

105 1229 203 1271 clarum
220 1220 398 1271 sententiarum
418 1226 498 1280 esset;
524 1219 570 1268 sed
587 1226 668 1268 totum
685 1219 735 1269 hoo
754 1235 834 1286 genus
853 1222 920 1272 malo
938 1238 1005 1273 nunc
1022 1225 1123 1275 silentio

105 1289 287 1349 transmittere,
306 1289 366 1351 quia
381 1287 486 1353 longum
504 1295 543 1337 est
559 1286 684 1351 explicare
704 1303 809 1349 causas,
830 1291 922 1352 quibus
942 1307 1043 1355 quoque
1066 1292 1122 1343 loco

105 1360 138 1408 ad
155 1358 370 1422 transponendum
386 1357 510 1407 adductus
526 1370 592 1405 sum.

172 1428 302 1478 Postremo
320 1440 408 1475 earum
422 1425 624 1476 emendationum
637 1426 752 1491 exempla
765 1426 889 1488 quaedam
901 1427 1037 1493 proferam,
1058 1444 1123 1492 quae

105 1496 187 1547 iactae
202 1502 262 1546 sunt
280 1496 312 1545 ob
328 1495 460 1560 proprium
473 1492 583 1544 Senecae
599 1494 700 1546 dicendi
718 1510 806 1555 usum,
824 1496 851 1545 in
866 1511 916 1559 quo
929 1512 1022 1563 genero
1040 1498 1123 1548 fateor

104 1579 153 1615 non
172 1580 228 1616 eam
247 1563 324 1623 mihi,
342 1578 417 1626 quam
436 1564 493 1626 quis
511 1562 615 1613 forsitan
635 1564 760 1614 desideret
775 1564 909 1614 audaciam
925 1565 1019 1627 inisse,
1040 1575 1069 1616 ut
1092 1583 1123 1617 ea

105 1634 188 1684 omnia
207 1634 331 1692 delerem,
356 1647 422 1694 quae
438 1647 454 1682 a
472 1630 570 1682 Seneca
583 1641 704 1697 usurpata
718 1647 769 1683 non
787 1632 929 1694 crederem3
948 1634 1029 1686 malui
1054 1637 1122 1686 enim

104 1703 203 1753 cautior
220 1716 366 1764 essequam
381 1702 577 1766 imprudentior,
602 1716 659 1750 cum
677 1703 828 1766 praesertim
848 1704 874 1751 in
891 1703 1008 1754 festinato
1022 1704 1071 1754 boo
1086 1705 1122 1754 ia·

104 1773 166 1822 bore
183 1785 234 1820 non
250 1770 336 1822 liceret
354 1772 386 1821 ob
402 1769 517 1836 singulas
535 1784 611 1820 voces
628 1771 761 1820 universos
775 1769 886 1821 Senecae
899 1771 976 1821 libros
994 1773 1121 1838 relegere;

103 1848 170 1891 recte
187 1848 273 1891 tamen
290 1839 382 1890 iecisse
399 1839 462 1889 mihi
476 1839 580 1900 videor,
600 1839 669 1901 quod
684 1838 771 1890 haud
787 1839 911 1904 particula
925 1841 976 1889 iam
995 1856 1122 1903 nusquam

104 1909 172 1976 apud
187 1907 309 1960 Senecam
323 1908 430 1974 legitur,
454 1909 505 1957 nisi
521 1909 548 1957 in
565 1909 696 1968 versibus3
716 1909 771 1964 vid.
795 1908 829 1958 ad
843 1907 972 1974 Dialogor.
993 1910 1071 1961 libros
1087 1911 1120 1965 V.

104 1980 200 2029 adnott.
221 1979 277 2028 crit.
297 1977 324 2027 in
339 1978 392 2028 ind.
409 1976 520 2027 scholar.
533 1977 637 2027 Vratisl.
652 1985 715 2030 aest.
731 1977 808 2029 1852.
817 1991 878 2044 pag.
890 1977 932 2028 18.
951 1979 1013 2028 item
1027 1979 1122 2030 hicce

103 2061 243 2111 pronomen
262 2046 357 2106 delevi,
380 2047 448 2109 quod
468 2047 567 2096 duobus
580 2045 644 2096 locis
663 2047 695 2096 de
709 2048 853 2097 coniectura
868 2047 1004 2111 scripserat
1020 2048 1121 2097 Ficker-

103 2124 151 2178 tus,
168 2131 212 2183 ep.
231 2116 273 2176 22,
292 2113 325 2166 13
345 2113 406 2180 (10)
423 2129 470 2180 pro
488 2130 559 2175 ecce,
578 2117 672 2179 inquo
690 2115 759 2166 nulla
771 2123 809 2165 est
823 2114 943 2175 offensio,
962 2124 987 2166 et
998 2116 1065 2170 Dial.
1074 2115 1120 2177 IX,

103 2184 126 2243 9,
141 2183 167 2240 6.
184 2199 232 2250 pro
246 2184 294 2235 boc
311 2191 352 2249 te,
371 2185 439 2246 quod
461 2184 554 2235 habent
573 2186 662 2250 optimi
684 2183 742 2235 libri
766 2184 823 2235 loco
843 2199 905 2235 sane
923 2193 1055 2250 corrupto,
1080 2186 1121 2234 cui

103 2268 150 2319 ego
167 2259 326 2319 praesentem
344 2253 496 2303 medicinam
513 2267 564 2303 non
575 2254 685 2319 repperi.
706 2281 741 2292 -
759 2253 869 2304 Perfecti
879 2256 1001 2318 temporis
1014 2254 1122 2304 formam

104 2323 227 2387 incepit
246 2322 317 2387 apud
335 2322 444 2385 optimos
460 2323 595 2386 scriptores
613 2323 770 2374 mrissimam
784 2337 834 2372 uno
856 2321 913 2373 loco
929 2323 1048 2373 intactam
1061 2324 1121 2373 rell-

103 2392 146 2453 qui
162 2391 193 2441 de
209 2389 306 2441 Beneff.
325 2391 352 2450 1,
370 2389 413 2453 15,
432 2389 449 2443 b
466 2389 528 2456 (1),
549 2393 595 2442 ubi
613 2390 683 2440 nulla
700 2399 739 2441 est
757 2393 784 2440 in
802 2389 872 2440 libris
889 2405 952 2440 mss.
973 2392 1121 2456 discrepan-

102 2460 150 2521 lia3
165 2461 310 2525 praestabat
325 2466 410 2510 tamen
426 2458 468 2510 vel
485 2463 568 2523 coepit
584 2461 694 2511 scribere
710 2461 750 2510 vel
767 2460 866 2521 incipio·
892 2465 979 2508 contra
997 2474 1039 2524 cp.
1059 2458 1119 2520 114,

101 2527 125 2578 9.
141 2530 199 2593 ipsa
211 2529 391 2579 sententiarum
405 2530 546 2579 coniunctio
565 2531 628 2580 satis
644 2528 756 2579 declarat
773 2529 863 2592 incipit
879 2534 947 2577 recte
963 2541 979 2577 a
993 2543 1035 2577 me
1045 2542 1121 2592 repo·

102 2597 178 2647 situm
196 2612 266 2658 esse,
289 2604 365 2660 atque
388 2597 425 2648 id.
437 2598 488 2647 iam
506 2599 533 2648 in
557 2599 613 2649 cod.
632 2599 722 2653 Bamb.
739 2597 851 2648 secunda
868 2611 957 2646 manns
972 2597 1120 2658 addiderat,

101 2679 159 2716 narn
173 2667 241 2730 quod
256 2667 340 2731 prima
356 2680 447 2716 manns
457 2668 549 2730 incepit
563 2669 713 2733 scripserat,
731 2666 879 2718 factumest
898 2666 929 2716 ob
945 2665 1121 2730 frequentissi-

102 2750 171 2784 mam
186 2735 212 2784 in
229 2735 272 2786 illo
286 2735 350 2786 libro
368 2736 448 2786 iate
471 2735 611 2786 litterarum
636 2737 810 2787 confusionem
834 2743 952 2798 recteque
980 2738 1056 2786 etiam
1078 2751 1119 2801 ep.

101 2804 165 2863 122,
190 2802 216 2855 1.
240 2803 308 2855 idern
332 2803 397 2854 illud
420 2805 514 2870 incepit
534 2806 695 2870 repudiatum
715 2814 754 2856 est
771 2807 888 2870 quamvis
907 2805 1028 2869 probetur
1045 2806 1121 2854 trium

101 2870 224 2923 librorum
241 2874 514 2937 praestantissimorum
532 2889 673 2941 consensu,
693 2876 793 2938 Bamb.,
811 2876 930 2941 Argent,
948 2874 1031 2924 Paris.
1045 2888 1072 2939 p.
1086 2900 1121 2912 -

100 2939 261 3007 Duplicatam
273 2943 429 3006 pronominis
452 2943 560 2994 lormam
583 2959 656 2994 sese
679 2947 773 3010 pariter
797 2942 876 2995 semel
893 2943 1013 2994 intactam
1029 2941 1121 3006 reliqui

102 3025 142 3074 ep.
161 3010 227 3071 120,
248 3009 278 3060 ll
297 3007 370 3078 (12).
390 3026 473 3075 nequo
487 3012 545 3063 ideo
562 3020 646 3064 tamen
665 3028 706 3078 ep.
727 3014 792 3075 110,
810 3014 837 3065 8.
865 3027 923 3062 cum
939 3012 1121 3062 recenlioribus

101 3077 172 3129 libris
190 3078 354 3129 scribendum
370 3082 459 3146 putavi
482 3080 522 3131 ad
544 3095 618 3132 sese
642 3083 838 3149 pertulerit,
863 3082 979 3145 quamvis
1001 3081 1029 3130 id
1050 3094 1120 3130 com-

101 3149 216 3198 mendari
227 3149 346 3200 videatur
356 3148 424 3200 falsa
439 3151 577 3200 editionum
589 3152 728 3216 scriptura,
744 3166 819 3215 quarn
832 3153 910 3201 etiam
922 3151 949 3200 in
961 3150 1019 3201 cod.
1029 3149 1118 3198 Bamb.

102 3232 156 3268 esse
173 3217 313 3268 cFiclrerti
329 3217 430 3270 silentio
446 3219 564 3284 colligas:
586 3220 623 3270 ad
643 3235 671 3270 ce
687 3235 766 3285 saepe
784 3221 900 3272 retulerit
904 3237 916 3278 ,·
938 3219 1057 3268 nimirum
1073 3232 1120 3283 po-

100 3286 146 3336 tuit
163 3287 270 3337 etiamc
290 3301 352 3341 uera
373 3289 513 3353 scriptura,
532 3290 569 3340 ud
582 3303 612 3339 se
625 3291 776 3354 pertulerit,
799 3289 864 3339 falsa
883 3286 928 3337 illa
946 3286 1021 3337 facile
1037 3287 1118 3347 nasci,

102 3355 123 3403 si
140 3357 198 3418 quis
214 3370 265 3406 non
279 3354 437 3423 intelligebat
453 3373 532 3421 caepe
547 3372 635 3409 vocem
654 3373 711 3409 esse
729 3360 761 3409 ab
778 3359 827 3407 hoc
843 3357 898 3408 loco
910 3355 1020 3406 alienam
1037 3371 1120 3418 neque

103 3424 317 3476 animadverterat
336 3425 484 3488 perferre
504 3427 543 3476 ad
560 3441 595 3476 so
613 3429 682 3493 apud
700 3426 823 3478 Senecam
841 3433 909 3476 recte
927 3426 992 3486 dici;
1010 3425 1062 3475 vid.
1076 3438 1118 3489 ep.

100 3489 439 3559 ia,1.cr.ep.95,45.
465 3523 501 3534 -
527 3494 614 3546 Utrum
642 3495 847 3547 mehercules
878 3510 911 3546 an
935 3493 1120 3545 mehercule
