2468 3930
150 212 215 277 296
422 214 456 274 L.
477 213 626 272 nuttam
649 212 827 274 SENECAE

148 383 277 442 magnos
294 368 462 443 felicesque
477 367 612 441 populus
628 374 727 426 vocat.
742 383 804 426 non
819 372 875 439 est,
892 367 977 441 quod
991 367 1045 427 tibi
1061 384 1136 431 con·⁴

147 451 269 528 positae
298 450 408 512 mentis
430 449 565 528 habitum
591 457 621 510 et
647 451 807 510 sanitatem
834 453 961 525 plausus
987 452 1134 515 excutiat.

147 551 209 595 non
226 541 287 610 est,
309 535 393 610 quod
414 534 465 594 tibi
480 534 703 608 tranquillitatis
718 541 789 594 tuac
803 534 955 594 fastidium
977 535 1071 596 saciat
1084 537 1136 599 ille

148 618 206 680 sub
223 618 282 679 illis
295 619 432 679 fascibus
445 634 581 693 purpura
594 619 702 678 cultus.
717 633 780 677 non
799 624 853 692 est,
868 620 950 694 quod
966 619 1135 682 feliciorem

148 719 217 764 eum
229 703 356 777 iudices,
373 704 421 763 cui
433 702 640 775 submovetur,
659 718 752 777 quam
762 709 801 775 te,
818 719 909 777 quem
925 702 1013 764 lictor
1025 705 1136 767 semita

148 786 252 846 deicit:
274 787 300 844 si
316 788 362 847 vis
382 802 528 846 exercere
549 785 600 846 tibi
615 786 702 856 utile,
719 786 792 844 nulli
809 794 909 847 autem
928 802 1022 861 grave
1037 786 1134 864 impe

104 895 138 949 61
146 871 234 944 rium,
248 869 398 930 submove
414 870 494 929 vitia.
510 868 596 929 Multi
607 866 808 944 inveniuntur,
826 871 877 944 qui
890 867 990 945 ign'em
1001 869 1136 935 inierant

149 953 284 1026 urbibus,
308 955 359 1029 qui
373 952 622 1029 inexpugnabilia
637 952 750 1013 seculis
765 961 796 1012 et
809 970 865 1030 per
884 952 1001 1028 aliquot
1016 963 1134 1017 aetates

147 1045 210 1110 tuta
224 1044 435 1113 prosternant,
459 1037 511 1113 qui
527 1053 659 1111 aequum
679 1037 803 1097 arcibus
818 1053 962 1112 aggerem
984 1039 1135 1102 adtollant

148 1130 178 1182 et
197 1138 302 1182 muros
324 1122 354 1181 in
374 1121 480 1182 miram
502 1121 687 1182 altitudinem
704 1121 833 1183 eductos
854 1120 999 1181 arietibus
1014 1129 1052 1182 ac
1068 1139 1133 1184 ma·

148 1206 246 1267 chinis
262 1214 419 1280 quassent.
450 1206 531 1266 multi
547 1211 632 1279 sunt,
655 1203 791 1278 quiante
812 1221 847 1265 se
862 1213 953 1280 agant
966 1205 1090 1280 agmina
1104 1214 1135 1273 et

147 1292 242 1364 tergis
263 1290 398 1350 hostium
422 1295 474 1362 [et]
496 1305 608 1364 graves
629 1289 741 1348 instent
764 1289 855 1349 etad
877 1305 962 1348 mare
988 1305 1134 1366 magnum

147 1373 264 1450 pertusi
285 1374 381 1433 caede
402 1374 535 1447 gentium
553 1373 687 1432 veniant:
704 1372 760 1431 sed
775 1373 805 1432 hi
822 1389 964 1448 quoque,
978 1380 1012 1434 ut
1028 1373 1132 1436 vince

146 1466 214 1518 rent
227 1458 356 1532 hostem,
372 1458 537 1531 cupiditate
558 1457 628 1515 victi
645 1463 724 1516 sunt.
754 1472 844 1516 nemo
861 1458 920 1517 illis
936 1459 1132 1520 venientibus

146 1541 263 1614 restitit,
280 1541 336 1600 sed
354 1556 412 1599 neo
434 1541 494 1615 ipsi
514 1540 671 1600 ambitioni
691 1540 923 1616 crudelitatique
941 1543 1131 1603 restiterant:

104 1623 640 1701 galune,cumagcrealiosvisisuut,
656 1624 833 1698 agebantur.
849 1625 1131 1700 Agebatinielicem

145 1709 356 1767 Alexandrum
377 1709 463 1768 iuror
477 1709 576 1768 aliena
593 1709 733 1768 vastandi
754 1716 784 1769 et
803 1709 843 1769 ad
859 1709 964 1783 ignota
978 1710 1131 1771 mittebat:

146 1808 185 1852 an
201 1799 234 1852 tu
249 1799 339 1867 putas
352 1808 475 1865 sanum,
499 1793 551 1866 qui
566 1809 584 1851 a
601 1786 747 1852 Graeciae
762 1790 893 1867 primum
918 1793 1075 1868 cladibus,
1099 1793 1130 1854 in

148 1892 208 1951 qua
224 1876 360 1935 eruditus
376 1883 436 1947 est,
458 1875 582 1950 incipit?
604 1877 665 1951 qui,
682 1876 766 1950 quod
784 1876 895 1951 cuique
911 1877 1057 1952 optimum
1074 1886 1131 1952 est,

147 1961 250 2034 eripit,
271 1960 503 2020 Lacedaemona
523 1958 640 2020 servire
658 1959 754 2033 iubet,
770 1960 907 2020 Athenas
924 1967 1047 2021 tacerel
1065 1976 1131 2022 non

148 2051 309 2104 contentus
325 2050 369 2104 tot
383 2045 549 2105 civitatium
564 2052 666 2120 strage
683 2061 761 2118 quas
777 2052 829 2104 aut
845 2043 1131 2120 vicerathilippus

147 2136 201 2188 aut
217 2136 345 2200 emerat,
368 2129 444 2188 alias
462 2129 522 2189 alio
543 2130 612 2188 loco
629 2128 738 2203 proicit
752 2137 782 2189 et
794 2135 859 2188 toto
877 2128 952 2189 orbe
973 2144 1058 2188 arma
1073 2129 1131 2188 cir-

149 2213 284 2272 cumfert.
310 2228 367 2272 nec
381 2211 520 2274 subsistit
535 2229 666 2288 usquam
680 2213 764 2272 lassa
780 2213 944 2273 crudelitas
965 2212 1132 2274 inmanium

148 2297 280 2357 serarum
295 2297 402 2371 modo,
425 2313 504 2376 quae
520 2299 590 2372 plus
613 2312 704 2372 quam
725 2297 819 2370 exigit
839 2298 951 2369 fames,
969 2297 1132 2358 mordenti

104 2381 211 2453 balam
231 2381 261 2441 in
283 2399 376 2443 unum
399 2398 527 2456 regnum
541 2383 752 2463 multaregna
773 2379 912 2441 coniecit.
940 2380 1000 2440 iam
1022 2379 1131 2442 Graeci

147 2465 324 2542 Persaeque
340 2467 480 2527 eumdem
495 2467 608 2526 timent.
624 2467 682 2524 iam
698 2465 787 2524 etiam
802 2466 927 2526 aDareo
943 2464 1060 2525 liberae
1075 2481 1130 2525 na·

147 2550 246 2611 tiones
261 2551 364 2624 iugum
376 2550 544 2624 accipiunt=
560 2551 582 2609 it
596 2556 696 2609 tamen
706 2550 783 2608 ultra
795 2564 944 2609 oceanum
957 2551 1129 2623 solemque.

147 2634 321 2708 indignatur
342 2635 380 2693 ab
401 2634 541 2720 Herculis
559 2633 721 2707 Liberique
743 2634 880 2707 vestigiis
894 2632 1053 2693 victoriam
1074 2631 1129 2692 ile-

147 2723 238 2776 ctere.
274 2717 334 2790 ipsi
349 2723 475 2775 naturae
489 2717 550 2774 vim
565 2725 667 2792 parat=
682 2733 743 2776 non
761 2717 811 2777 ille
830 2717 875 2777 ire
890 2719 969 2790 vult,
991 2716 1049 2776 sed
1068 2732 1131 2778 nou

146 2806 250 2874 potest
271 2806 367 2873 stare,
393 2815 453 2858 non
477 2801 565 2860 aliter
586 2818 676 2875 qaam
698 2800 727 2860 in
747 2816 897 2876 praeceps
919 2801 1038 2861 deiecta
1052 2816 1130 2876 pon-

103 2882 235 2955 64dera‚
258 2883 368 2957 quibus
388 2884 481 2945 eundi
497 2882 566 2944 iinis
586 2892 634 2945 cst
654 2886 798 2946 iacuisse.
832 2885 877 2945 Ne
897 2885 982 2947 Gneo
1004 2885 1130 2960 quidem

146 2966 293 3042 Pompeio
316 2975 441 3028 externa
455 2968 535 3047 bella
549 2985 587 3030 ac
604 2969 773 3030 domestica
792 2970 889 3030 virtus
904 2977 956 3029 aut
968 2969 1045 3030 ratio
1057 2984 1130 3029 sua-

147 3051 254 3125 debat,
277 3052 334 3112 sed
357 3053 485 3113 insanus
505 3069 591 3114 amor
605 3053 821 3128 magnitudinis
843 3056 956 3115 falsae:
982 3053 1075 3115 modo
1098 3053 1130 3113 iu

145 3136 323 3211 Hispaniam
339 3144 369 3197 et
385 3136 561 3198 Sertoriana
575 3154 673 3208 arma,
700 3138 849 3199 modoad
869 3137 1060 3213 colligendos
1083 3136 1131 3212 pi-

145 3228 228 3281 ratas
257 3237 294 3281 ac
318 3222 412 3282 maria
442 3222 584 3297 pacanda
607 3221 754 3282 radebat:
792 3222 850 3282 hae
873 3222 1130 3297 praetexebantur

102 3313 259 3368 docausae
270 3305 310 3364 ad
323 3306 559 3367 continuandam
571 3306 747 3381 potentiam.
763 3306 841 3380 Quid
853 3306 936 3368 illum
944 3306 973 3365 in
981 3305 1128 3377 Africam,

147 3388 222 3465 quid
236 3388 265 3447 in
286 3388 548 3464 Septemtrionem‚
568 3390 641 3465 quid
655 3391 685 3450 in
702 3390 894 3451 Mithridaten
909 3397 940 3450 et
953 3389 1131 3450 Armeniam

146 3478 178 3532 ct
202 3472 302 3534 omnis
321 3475 416 3534 Asiae
441 3474 571 3548 angulos
597 3472 706 3533 traxitt
734 3473 851 3536 infinita
872 3473 989 3535 scilicet
1013 3472 1130 3549 cupido
