2468 3930
433 229 469 289 L.
489 228 637 288 ANNAEI
657 227 832 289 SENECAE

429 433 645 492 EPISTULA
670 435 716 490 Ill.
744 437 815 505 tib.)

387 527 497 579 sunnon
515 530 628 581 Lucrum
648 541 700 580 suo
720 540 859 584 sxuurux.

106 641 120 694 1
195 632 263 692 Mos
286 632 418 706 antiquis
439 633 494 692 luit
517 649 618 707 usque
639 631 678 692 ad
699 646 798 691 meam
819 639 958 692 servatus
972 638 1110 708 aetatem,

134 716 239 791 primis
262 716 412 791 epistulae
432 715 535 776 verbis
550 716 687 776 adicere:
718 715 771 787 „St
789 718 870 776 vales
895 715 967 776 beate
981 723 1040 790 cst,
1058 733 1114 792 epo

132 803 250 860 valeo=“
267 808 349 859 recte
361 814 419 860 nos
433 799 578 861 dicimus=
600 798 659 874 „Si
680 798 992 874 philosopharis,
1015 799 1112 860 bene

134 886 223 944 est.“
245 884 348 942 valere
369 891 469 944 autern
485 883 545 943 hoc
560 885 680 943 demum
696 890 753 941 cst.
773 883 840 942 sine
857 881 918 943 hoc
933 897 1026 957 aeger
1040 890 1110 956 [est]

134 967 262 1026 animus.
285 983 399 1042 corpus
416 983 555 1042 quoque,
571 967 687 1027 etiamsi
700 981 827 1040 magnas
838 964 931 1026 habet
942 967 1034 1039 vires
1050 984 1110 1028 non

105 1051 220 1114 naliter
235 1067 327 1125 quarn
342 1052 448 1112 furiosi
463 1059 515 1112 aut
526 1050 693 1126 phrenetici
704 1049 838 1109 validum
849 1056 906 1110 est
938 1049 1020 1123 Ergo
1031 1049 1111 1111 lianc

131 1134 299 1210 praecipue
318 1134 516 1196 valitudinem
538 1151 625 1194 cura=
652 1132 763 1193 deinde
781 1141 812 1192 et
830 1133 911 1193 illam
933 1135 1110 1209 secundam,

133 1233 212 1293 quae
233 1236 294 1280 non
318 1235 428 1294 magno
449 1219 502 1279 tibi
524 1219 690 1292 constabit,
713 1217 739 1277 si
754 1218 889 1278 volueris
904 1217 983 1277 bene
998 1218 1110 1278 valere.

133 1300 260 1363 Stulta
282 1309 342 1362 est
362 1302 457 1376 enim,
485 1304 524 1360 mi
545 1302 655 1376 Lucili,
683 1310 713 1362 et
733 1302 855 1361 minime
871 1301 1059 1360 conveniens
1076 1303 1110 1362 li·

131 1393 227 1446 tereto
246 1386 311 1446 viro
334 1385 544 1461 occupatio
567 1386 779 1445 exercendi
801 1386 974 1446 lacertos
996 1391 1033 1445 et
1055 1384 1110 1446 di·

132 1469 280 1528 latandi
310 1469 500 1527 cervicem
529 1485 571 1529 ac
599 1471 724 1530 latera
750 1468 944 1528 firmandiz
973 1485 1042 1529 curn
1056 1469 1110 1529 tibi

132 1551 259 1610 feliciter
280 1552 387 1626 sagina
408 1553 536 1612 cesserit
556 1562 586 1614 et
604 1552 662 1613 tori
684 1553 848 1626 creverint,
870 1568 927 1612 nec
947 1551 1030 1614 vires
1044 1569 1109 1613 urn-

133 1651 224 1709 quam
236 1635 328 1710 opimi
339 1637 429 1696 bovis
441 1651 498 1695 nec
511 1637 633 1710 pondus
645 1636 803 1711 aequabis.
822 1636 910 1696 adice
922 1653 1012 1711 nunc,
1027 1637 1110 1712 quod

132 1719 247 1779 maiore
267 1721 407 1795 corporis
429 1721 550 1780 sarcina
569 1721 688 1779 animus
710 1721 830 1780 eliditur
851 1728 881 1781 et
900 1721 999 1781 miuus
1021 1721 1109 1795 agilis

132 1809 189 1862 est.
211 1801 315 1878 itaque
337 1812 482 1878 quantum
497 1812 602 1879 potes,
622 1805 837 1865 circumscribe
852 1820 967 1879 corpus
983 1813 1066 1865 tuum
1081 1812 1111 1865 et

103 1885 233 1951 eanimo
259 1889 360 1947 locum
387 1890 466 1947 laxa.
505 1888 599 1948 Multa
625 1896 797 1963 sequuntur
821 1889 1016 1949 incommoda
1038 1888 1109 1949 huic

133 1970 253 2030 deditos
269 1986 376 2032 curae:
399 1974 526 2047 primurn
543 1972 790 2045 exercitationes,
807 1988 934 2047 quarum
948 1973 1036 2033 labor
1046 1973 1108 2046 spi·

131 2054 220 2113 ritum
247 2056 387 2115 exhaurit
411 2063 441 2116 et
465 2056 627 2115 inhabilem
647 2056 804 2116 intentioni
825 2073 862 2116 ac
884 2056 992 2116 studiis
1011 2057 1108 2116 acrio·

131 2137 216 2197 ribus
237 2139 346 2200 reddit.
378 2139 490 2200 deinde
510 2141 599 2215 copia
622 2139 757 2200 ciborum
779 2139 929 2200 subtilitas
945 2139 1098 2216 inpeditur

133 2222 283 2282 accedunt
311 2222 465 2299 pessimae
492 2230 583 2283 notae
606 2225 759 2298 mancipia
780 2223 810 2282 in
831 2223 1039 2298 magisterium
1060 2240 1107 2284 rc·

132 2312 235 2381 cepta,
264 2307 403 2367 homines
425 2307 502 2368 inter
522 2308 622 2367 oleum
644 2315 674 2367 et
694 2309 796 2367 vinum
817 2309 973 2382 occupati,
997 2308 1107 2382 quibus

131 2389 170 2449 ad
185 2399 288 2452 votum
307 2390 373 2451 dies
388 2397 435 2451 est
450 2397 552 2465 actm,
577 2391 603 2450 si
618 2391 697 2451 bene
713 2392 955 2465 desudaverunt,
977 2390 1049 2452 siin
1064 2390 1108 2451 lo·

131 2489 199 2532 curn
224 2477 305 2548 eius,
335 2476 418 2548 quod
440 2473 572 2548 effluxit,
598 2477 722 2536 multum
745 2476 877 2550 potionis
899 2474 989 2535 altius
1004 2473 1107 2536 ieiuno

131 2557 227 2616 iturae
247 2566 454 2632 sogesserunt.
490 2559 600 2617 Bibere
621 2567 651 2618 et
673 2559 785 2618 sudare
805 2559 867 2618 vita
892 2558 1025 2619 cardiaci
1051 2566 1107 2619 est.

100 2639 556 2702 esuntexcrcitotiones
572 2642 764 2702 etfaciles
780 2643 988 2716 etbreves,
1010 2657 1108 2718 quac

131 2738 273 2796 corpus
301 2730 338 2784 et
365 2724 448 2782 sine
473 2740 578 2784 mora
605 2725 755 2786 lassent
777 2733 814 2786 et
835 2725 999 2801 tempori
1022 2741 1105 2801 par·

131 2814 231 2880 cant,
254 2807 340 2866 cuius
357 2807 522 2882 praecipua
535 2810 611 2870 ratio
627 2810 769 2870 habenda
783 2818 845 2871 est:
868 2827 978 2870 cursus
993 2816 1024 2869 ct
1039 2824 1108 2870 cum

130 2889 233 2964 aliquo
254 2891 392 2966 pondere
411 2908 520 2953 manus
544 2900 644 2954 motae
664 2900 695 2953 et
711 2895 807 2954 saltus
821 2895 870 2953 vel
884 2895 948 2968 ille,
972 2893 1025 2968 qui
1040 2908 1108 2954 cor·

130 2989 189 3048 pus
204 2974 234 3033 in
248 2977 339 3034 allum
355 2977 450 3051 levat,
469 2978 518 3037 vel
534 2977 597 3051 illc,
614 2978 708 3052 quiin
724 2979 847 3052 longum
861 2977 962 3051 mittit,
984 2977 1033 3036 vel
1048 2977 1107 3051 ille,

130 3066 163 3119 ut
180 3058 221 3118 ita
236 3057 349 3133 dicam,
373 3061 491 3121 saliaris
507 3068 574 3135 out,
596 3069 630 3120 ut
646 3061 895 3122 contumeliosius
911 3061 1028 3134 dicam,
1050 3060 1108 3121 ful-

101 3142 248 3207 blonius:
271 3143 356 3218 quod
376 3144 450 3204 libet
469 3161 507 3204 ex
522 3145 570 3204 his
586 3145 674 3220 elige.
700 3163 759 3206 usu
773 3145 867 3206 redde
883 3145 980 3204 facile.
1018 3143 1107 3218 Quic-

131 3226 204 3301 quid
219 3227 328 3301 lacies,
353 3227 412 3288 cito
428 3228 494 3288 redi
509 3244 527 3288 a
542 3245 674 3304 corpore
689 3230 727 3289 ad
746 3229 893 3289 animum=
913 3227 996 3289 illum
1012 3228 1106 3290 nocti·

128 3309 186 3370 bus
211 3325 248 3370 ac
275 3311 383 3372 diebus
410 3327 531 3372 exerce.
564 3313 670 3373 labore
691 3312 812 3374 modico
834 3313 923 3373 alitur
942 3311 1003 3373 ille.
1028 3311 1107 3372 hanc

129 3395 377 3455 exercitationem
399 3412 460 3457 non
485 3396 595 3471 frigus,
623 3413 683 3456 non
705 3404 810 3457 aestus
830 3396 979 3471 inpediet,
1003 3412 1042 3456 ne
1059 3412 1107 3458 se-

129 3485 236 3538 nectus
252 3479 384 3554 quidem.
412 3481 447 3539 Id
462 3479 574 3541 bonurn
591 3497 672 3557 cura,
687 3481 770 3557 quod
783 3488 932 3542 vetustate
943 3481 977 3543 lit
987 3481 1106 3542 melius.
