2468 3930
270 239 441 302 EPISTUL.
453 239 547 300 Mon.
569 239 643 299 LlB.
656 240 722 301 XV.
744 239 800 300 ΕΡ.
815 249 841 301 2.
857 245 928 315 (94.)
1025 242 1088 306 293

110 393 160 454 dis
176 391 349 467 praeceptis
364 389 479 451 utiturt
499 391 550 449 illa
565 404 639 451 vero
655 387 810 450 efficacior
826 397 873 450 est
885 391 1018 464 etaltius
1034 408 1086 467 pe·

109 483 223 551 uehat,
247 491 326 551 quae
340 474 464 534 adiuvat
478 473 597 534 ratione
613 474 695 549 quod
712 472 874 550 praecipit,
891 491 971 551 quae
986 476 1086 552 adicit,

109 576 208 637 quare
225 560 360 635 quidque
377 558 549 619 faciendum
564 558 603 619 sit
618 557 729 634 etquis
743 558 904 619 facientem
941 555 1085 620 obedien-

107 651 234 720 temque
256 641 430 718 praeceptis
450 643 749 717 fructusexspectet.
778 643 805 702 si
820 642 947 718 imperio
964 644 1086 719 prolici-

107 737 174 803 tur,
195 735 227 788 et
246 727 470 788 admonitione=
502 729 588 801 atqui
606 725 765 801 proficitur
789 726 931 800 imperio,
956 743 1030 802 ergo
1057 735 1087 789 et

107 812 326 874 admonitione.
358 813 393 871 ln
417 810 495 871 dues
523 811 743 886 partesvirtus
773 809 930 884 dividitur,
959 812 989 871 in
1013 826 1129 882 con-45

107 895 336 971 temptationem
350 894 417 955 veri
431 903 461 956 et
476 894 642 955 actionem=
666 893 953 968 contemplationem
968 895 1085 957 institu-

106 981 150 1042 tio
170 979 276 1052 tradit,
302 980 452 1040 actionem
473 978 650 1039 admonitio.
686 977 835 1037 Virtutem
856 983 886 1036 et
909 986 1032 1038 exercet
1057 986 1087 1039 et

107 1064 243 1126 ostendit
255 1071 341 1123 recta
353 1064 443 1123 actio.
472 1069 578 1123 acturo
594 1070 694 1122 autem
712 1061 739 1119 si
753 1061 883 1135 prodest
897 1062 949 1136 qui
964 1062 1085 1136 suadet,

108 1148 204 1223 etqui
217 1149 321 1209 monet
336 1147 480 1222 proderit.
503 1162 576 1222 ergo
593 1147 714 1206 sirecte
730 1145 808 1203 actio
824 1144 925 1204 virtuti
941 1160 1085 1205 necessa-

106 1231 153 1292 ria
169 1237 232 1303 εει,
253 1238 354 1293 rectas
379 1239 479 1291 autem
495 1231 632 1291 actiones
648 1227 820 1289 admonitio
831 1228 1034 1289 demonstrat:
1057 1236 1086 1290 et

106 1315 274 1377 admonitio
305 1316 482 1376 necessaria
507 1321 563 1375 est.
596 1315 682 1374 Duae
700 1329 750 1372 res
778 1314 939 1388 plurimum
964 1312 1128 1384 roborisaa

107 1400 209 1460 animo
235 1400 323 1473 dant,
348 1400 426 1459 fides
447 1399 512 1458 veri
533 1407 562 1459 et
583 1397 710 1458 fiducia:
742 1404 903 1472 utramque
919 1396 1084 1458 admonitio

107 1482 189 1545 fecit.
216 1499 286 1543 nam
307 1490 336 1544 et
351 1483 485 1543 creditur
498 1482 541 1542 illi
557 1490 602 1555 et,
625 1498 693 1541 cum
709 1481 855 1541 creditum
872 1487 934 1555 est,
955 1497 1084 1556 magnos

106 1568 226 1628 animus
243 1566 368 1643 spiritus
385 1567 519 1641 concipit
535 1583 571 1624 ac
586 1565 699 1626 fiducia
713 1564 860 1640 inpletur:
889 1580 963 1640 ergo
979 1567 1084 1627 admo·

106 1650 179 1712 nitio
193 1659 314 1712 nonest
329 1667 532 1726 supervacua.
554 1650 594 1709 M.
606 1650 758 1725 Agrippa,
775 1649 822 1708 vir
836 1650 967 1724 ingentis
983 1650 1083 1724 animi,

107 1735 161 1810 qui
175 1737 260 1796 solus
277 1735 385 1809 exiis,
402 1751 481 1810 quos
497 1733 597 1795 civilia
611 1732 692 1793 bella
704 1734 805 1794 claros
821 1740 1025 1809 potentesque
1041 1734 1055 1792 f
1072 1767 1084 1779 -

107 1825 228 1893 cerunt,
251 1819 325 1879 felix
340 1821 371 1879 in
391 1819 546 1894 publicum
561 1819 631 1892 fuit,
653 1818 756 1878 dicere
771 1816 891 1878 solebat
907 1818 1035 1879 multum
1050 1834 1085 1878 se

105 1901 177 1963 huic
192 1903 304 1964 debere
319 1904 501 1964 sententiae=
531 1949 547 1976 „
557 1903 634 1962 Num
648 1903 809 1963 concordio
817 1919 937 1978 parvae
950 1921 1000 1964 rec
1012 1920 1084 1964 crc-

104 1993 204 2061 ccant‚
220 1989 373 2049 discordia
391 1990 541 2048 maximoe
561 1987 767 2046 dilabuntur.“
796 1985 855 2045 hac
877 2002 912 2046 se
933 1986 1033 2046 aiebat
1055 1994 1085 2046 et

105 2070 228 2131 fratrem
243 2078 273 2131 et
287 2074 416 2131 amicum
434 2073 579 2146 optimum
594 2071 716 2131 factum.
746 2069 778 2133 Si
794 2069 947 2130 eiusmodi
961 2077 1123 2141 senten-47

103 2153 166 2214 tiae
187 2154 373 2215 familiariter
396 2156 426 2214 in
446 2156 580 2215 animum
600 2161 743 2228 receptae
765 2153 897 2213 forment
917 2169 1003 2229 eum,
1030 2169 1084 2215 cur

104 2255 167 2300 non
182 2238 259 2300 haec
275 2255 347 2314 pars
363 2238 594 2314 philosophiae,
612 2252 691 2312 quae
706 2234 818 2296 talibus
834 2237 993 2297 sententiis
1010 2253 1081 2298 con·

104 2329 179 2395 stat,
200 2324 282 2383 idem
296 2322 418 2398 possitt
452 2322 527 2383 Pars
543 2321 661 2382 virtutis
677 2319 841 2394 disciplina
858 2327 993 2394 constat,
1009 2338 1082 2396 pars

104 2406 338 2467 exercitatione:
361 2414 391 2467 et
409 2408 511 2467 discas
527 2411 649 2480 oportet
662 2410 692 2464 et
707 2404 792 2480 quod
810 2404 942 2464 didicisti
960 2405 1081 2479 agenda

104 2490 279 2551 confirmes.
303 2492 389 2566 quod
406 2492 432 2551 si
448 2498 511 2564 est,
533 2507 593 2551 non
605 2496 721 2550 tantum
737 2489 813 2548 scita
828 2488 997 2563 sapientiae
1010 2505 1081 2564 pro-

103 2581 189 2648 sunt,
211 2575 269 2636 sed
290 2575 380 2636 etiam
400 2581 580 2650 praecepta,
603 2588 683 2649 quae
703 2573 841 2633 adfectus
859 2580 983 2633 nostros
998 2575 1082 2639 velut

103 2658 203 2719 edicto
222 2666 367 2720 coercent
382 2668 412 2719 ει
426 2660 570 2732 adligant.
592 2657 825 2734 „Philosophia
841 2657 952 2732 inquit,
971 2656 1123 2723 dividi-ta

102 2748 151 2802 tur
166 2743 197 2802 in
213 2742 306 2819 haec,
323 2743 480 2803 scientiam
496 2751 527 2804 et
542 2743 677 2804 habiturn
691 2742 792 2801 animi.
822 2758 892 2802 nam
908 2742 961 2818 qui
976 2742 1081 2804 didicit

103 2832 133 2885 et
146 2826 288 2886 facienda
303 2843 339 2887 ac
350 2829 474 2888 vitanda
489 2828 641 2903 percepit,
655 2827 792 2887 nondum
805 2827 930 2902 sapiens
943 2832 1005 2901 est,
1021 2827 1079 2887 nisi

102 2909 132 2968 in
147 2925 199 2985 ea,
217 2928 296 2986 quae
310 2912 429 2984 didicit,
445 2912 562 2972 animus
580 2912 646 2972 eius
661 2910 894 2985 transfiguratus
909 2917 971 2971 est:
993 2913 1081 2972 tertia

101 2991 161 3054 ista
180 2998 262 3070 pars'
277 2995 488 3072 praecipiendi
509 3011 548 3056 ex
566 3002 699 3070 utroque
714 3001 776 3068 est,
800 3001 830 3054 et
843 3011 883 3054 ex
895 2994 1028 3056 decretis
1051 3001 1081 3055 et

102 3093 141 3138 ex
154 3077 270 3139 habitu.
293 3081 398 3154 itaque
414 3096 608 3155 supervacua
618 3086 670 3139 'est
684 3079 722 3139 ad
738 3078 915 3153 inplendam
930 3079 1080 3152 virtutem,

100 3163 149 3223 cui
173 3164 235 3224 duc
256 3164 308 3225 illa
329 3165 521 3225 sufficiunt.“
558 3165 621 3225 lsto
643 3179 716 3238 ergo
738 3163 830 3223 modo
859 3169 890 3221 et
909 3160 1122 3223 consolatioltl

100 3263 296 3322 supervacua
310 3253 372 3321 εει,
387 3265 457 3310 nam
471 3249 548 3308 haec
565 3263 689 3323 quoque
705 3263 745 3306 ex
757 3253 889 3321 unoque
903 3254 964 3320 est,
980 3252 1010 3305 et
1027 3245 1080 3305 ad-

99 3329 232 3392 hortatio
255 3337 286 3392 et
309 3333 413 3393 suasio
429 3340 458 3394 et
472 3333 542 3409 ipsa
554 3331 784 3406 argumentatio.
813 3346 885 3389 nam
905 3337 935 3390 et
948 3329 1026 3389 haec
1041 3330 1080 3389 ab

99 3413 205 3476 habitu
220 3414 313 3475 animi
334 3417 484 3492 conpositi
496 3415 651 3491 validique
664 3414 878 3490 proficiscitur.
904 3414 961 3474 sed
976 3430 1080 3489 quam·

98 3498 147 3559 vis
162 3499 221 3561 ista
232 3515 273 3560 ex
285 3493 399 3575 optimo
414 3500 520 3561 habitu
529 3501 620 3562 animi
632 3500 762 3574 veniant,
780 3497 911 3574 optimus
925 3497 1017 3561 animi
1028 3497 1078 3558 ha-
