2468 3930
57 265 330 329 nctst'tttnton.
346 267 476 329 Ltutx.
491 268 585 331 nna
600 274 671 345 (rc.)
685 271 950 348 -x.EP.1.(7r.)
971 269 1031 338 itti

57 420 83 480 si
96 419 221 479 vincula
236 424 266 478 et
279 419 371 478 exilia
385 425 415 479 et
431 435 525 479 vanas
540 420 741 481 humanarum
757 421 934 483 formidines
949 439 1032 483 men·

56 503 130 564 tium
146 518 275 564 securus
292 502 375 563 audit
391 511 421 563 et
435 503 522 563 dicit=

351 588 435 660 „Non
448 591 512 647 alle
525 589 667 665 laborum,

142 688 159 732 o
172 672 269 745 circo,
291 687 368 732 aava
380 674 422 731 mc·
431 671 529 744 semies
542 674 701 747 inopinave
713 677 826 747 sarcit:

142 757 242 839 omnic
249 757 398 830 praecepi
410 761 498 829 atque
512 758 611 817 animo
624 773 736 818 meeum
749 759 815 834 ipse
827 762 941 833 pereni.

57 847 89 900 tu
109 838 203 899 hodie
224 838 281 898 ista
302 838 479 899 denuntias:
501 854 559 912 ego
582 856 706 914 semper
723 840 896 899 denuntiavi
915 840 989 901 mihi
1003 849 1034 900 et

56 921 210 984 hominem
226 923 332 997 paravi
346 929 376 982 et
390 922 429 981 ad
443 914 606 982 humana.“
632 922 833 998 Praecogitati
849 921 918 983 mali
931 919 1074 986 mollis34

56 1009 136 1068 ictus
151 1005 242 1067 venit.
265 1014 295 1067 at
310 1005 409 1067 stultis
425 1011 455 1065 et
469 1008 608 1066 fortunae
624 1005 817 1068 credentibus
835 1005 933 1069 omnis
949 1008 1032 1066 vide·

56 1097 104 1152 tur
127 1106 209 1150 nova
228 1106 329 1150 rerum
350 1096 380 1150 et
403 1089 561 1165 inopinata
582 1091 687 1151 iacies.
717 1106 827 1166 magna
845 1097 944 1151 autem
960 1106 1033 1165 pars

56 1183 102 1237 est
118 1174 203 1250 apud
219 1174 364 1250 inperitos
380 1174 451 1233 maii
466 1175 601 1234 novitas=
630 1174 690 1236 hoc
705 1181 737 1235 ut
759 1176 855 1246 scias,
879 1190 931 1247 ea,
953 1188 1033 1249 quae

56 1266 238 1335 putaverant
262 1274 388 1334 aspera,
415 1257 538 1332 fortius,
564 1274 632 1319 cum
658 1260 842 1334 adsuevere,
868 1258 1033 1334 patiuntur.

55 1345 129 1404 Ideo
153 1343 280 1418 sapiens
301 1343 458 1402 adsuescit
477 1343 586 1403 futuris
604 1344 691 1403 maiis
708 1349 737 1403 et
752 1358 831 1418 quae
846 1342 897 1403 alii
910 1343 960 1402 diu
978 1340 1076 1417 tta-35

55 1427 159 1488 tiendo
175 1427 256 1487 levia
269 1427 392 1499 iaciunt,
408 1427 457 1485 hic
472 1427 552 1486 levia
567 1427 639 1486 iacit
653 1428 705 1487 diu
724 1428 895 1502 cogitando.
936 1425 1032 1486 Audi-

54 1527 123 1572 mus
147 1511 314 1587 aliquando
339 1526 433 1572 voces
454 1509 650 1584 inperitorum
672 1511 850 1572 dicentium:
877 1509 1033 1585 „sciebam

55 1597 114 1657 hoc
129 1595 203 1655 milti
218 1599 376 1655 restare=“
399 1594 524 1669 sapiens
540 1596 598 1654 scit
611 1593 669 1654 sibi
685 1596 787 1656 omnia
800 1603 926 1657 restare.
948 1594 1031 1669 quic

55 1679 130 1756 quid
144 1681 259 1740 iactum
275 1684 331 1750 est,
348 1677 435 1738 dicit:
456 1678 643 1752 ‚,sciebam.“
672 1680 759 1739 Vale,

345 2013 380 2094 li.
405 2012 545 2096 ttitttt
573 2013 743 2096 timuit

396 2166 449 2216 AD
479 2165 695 2217 LUGILIUM

94 2280 586 2383 EPISTULARUM
631 2281 988 2384 Mttttttttt

446 2456 581 2519 LIBER
608 2455 644 2516 X.

362 2709 578 2768 EPISTULA
597 2711 618 2770 1.
645 2711 717 2782 (tt.)

309 2803 420 2857 Seneca
436 2806 547 2857 Lucmro
566 2818 618 2857 suo
638 2817 777 2860 siturum.

120 2921 229 2984 Subito
250 2924 339 2985 nobis
360 2924 453 2984 hodie
466 2925 693 2986 Alexandrinae
707 2941 803 2986 naves
818 2925 1062 3001 adparuerunt‚1

57 3022 138 3083 quae
149 3007 302 3082 praemitti
314 3011 414 3070 solent
428 3016 458 3069 et
472 3009 611 3070 nuntiare
624 3017 788 3070 secuturae
798 3008 908 3068 classis
920 3009 1033 3068 adven·

55 3099 135 3151 tumr
168 3093 400 3153 tabellarias
424 3102 544 3155 vocant.
578 3099 682 3170 gratus
707 3094 825 3153 illarum
851 3091 1034 3165 Campaniae

56 3175 226 3250 adspectus
247 3183 310 3238 est=
333 3175 432 3238 omnis
452 3176 483 3236 in
499 3177 568 3258 pilis
583 3177 777 3239 Puteolorum
792 3176 879 3236 turba
894 3174 1034 3234 consistit

57 3267 88 3319 et
114 3275 155 3320 ex
181 3260 252 3336 ipso
281 3275 393 3335 genere
419 3260 558 3322 velorum
582 3261 807 3321 Alexandrinas
834 3256 973 3333 quamvis
1002 3258 1034 3316 in

58 3359 170 3418 magna
189 3344 280 3405 turba
301 3346 422 3407 navium
443 3346 596 3420 intellegit.
621 3342 696 3404 solis
719 3343 798 3403 enim
813 3342 884 3401 licet
898 3341 1033 3415 siparum

58 3427 228 3504 intendere,
245 3430 328 3505 quod
343 3431 373 3489 in
388 3432 449 3490 alto
466 3446 572 3490 omnes
589 3429 702 3488 habent
716 3442 821 3487 naves.
843 3425 939 3501 (nulla
954 3425 1034 3484 enim
1043 3439 1063 3493 α

57 3526 110 3571 res
126 3528 228 3589 aeque
248 3513 373 3576 adiuvat
390 3529 514 3576 cursum
529 3530 620 3590 quam
636 3529 754 3575 summa
769 3527 841 3587 pars
855 3510 930 3571 veliz
952 3509 1034 3571 illinc
