2468 3930
198 231 261 294 220
470 230 504 290 L.
525 227 673 288 ANNAEl
696 227 871 288 SENECAE

196 383 333 459 „ebrium
349 382 471 443 duobus
486 380 586 442 modis
602 378 678 441 diei:
696 382 802 456 altero,
818 396 886 441 oum
899 379 1009 456 aliquis
1025 381 1096 442 vino
1107 397 1176 456 gra·

196 468 243 527 vis
263 474 311 527 est
331 473 361 526 et
379 467 481 542 impos
503 465 560 525 sui.
583 466 694 536 altero,
718 463 746 524 si
766 467 845 525 solet
860 464 963 526 ebrius
978 464 1043 524 fieri
1059 473 1089 525 et
1104 465 1177 528 huic

195 551 348 611 obnoxius
369 550 441 611 vitio
463 556 519 610 est.
541 547 621 608 hunc
643 565 662 609 a
680 547 805 608 Zenone
826 547 901 623 dici,
923 548 977 623 qui
996 552 1095 610 soleat
1108 550 1176 613 fieri

193 633 306 706 ebrius,
318 649 379 693 non
396 632 449 709 qui
460 640 516 693 est.
528 632 599 692 huic
608 640 707 692 autem
721 632 871 691 neminem
884 634 1118 696 commissurum
1127 650 1175 694 ar·

153 721 278 792 11caua,
294 716 799 792 quaeperviuumeloquipossit.“
817 717 902 790 quod
916 723 965 777 est
978 718 1098 778 falsum.
1112 720 1176 792 pri·

190 817 241 860 ma
255 799 335 860 enim
350 800 401 861 illa
414 799 827 874 interrogatiooonplectltur
843 815 921 873 euru,
937 802 989 876 qui
1002 809 1050 863 est
1060 801 1175 877 ebrius,

191 900 253 944 non
269 899 353 956 eum,
377 885 429 959 qui
445 885 564 945 iuturus
585 890 641 944 est.
664 885 827 958 plurimum
842 884 922 944 enlm
936 884 1087 945 interesse
1102 902 1175 947 con-

192 969 287 1028 cedes
302 968 380 1028 inter
396 967 512 1027 ebrium
527 974 558 1026 et
571 965 742 1028 ebriosum=
767 974 871 1042 potest
885 974 916 1027 et
930 970 982 1044 qui
998 968 1100 1029 ebrius
1116 978 1173 1044 est,

191 1058 263 1111 tunc
280 1053 410 1127 primum
426 1067 498 1111 esse
511 1065 568 1109 neo
582 1050 697 1110 habere
711 1051 771 1111 hoc
785 1051 905 1125 vitium,
919 1059 949 1112 et
965 1054 1017 1128 qui
1031 1052 1172 1114 ebriosus

191 1143 247 1210 est,
260 1151 355 1211 saepe
368 1143 454 1196 extra
466 1134 640 1193 ebrietatem
654 1150 736 1194 esse.
758 1136 862 1210 itaquo
875 1134 908 1194 id
921 1136 1072 1212 intellego,
1088 1137 1174 1211 quod

191 1219 356 1295 significari
378 1218 473 1280 verbo
493 1219 553 1278 isto
580 1218 675 1292 solet,
699 1218 879 1294 praesertim
900 1233 971 1278 cum
991 1220 1030 1279 ab
1051 1219 1173 1280 homine

189 1303 375 1378 diligentiam
390 1303 534 1377 professo
548 1308 682 1376 ponatur
696 1310 725 1362 et
740 1301 835 1362 verba
848 1301 1050 1363 examinante.
1072 1302 1173 1363 Adice

189 1403 270 1447 nunc
286 1387 385 1461 quod,
410 1387 436 1445 si
452 1386 512 1444 hoc
526 1385 674 1446 intellexit
686 1386 790 1446 Zenon
805 1393 835 1444 et
851 1401 909 1444 nos
925 1383 1101 1461 intellegere
1116 1401 1172 1446 no·

188 1471 257 1543 luit,
282 1468 477 1543 ambiguitate
499 1469 583 1528 verbi
605 1467 757 1545 quaesivit
771 1469 871 1529 locum
888 1468 1002 1542 fraudi,
1028 1468 1113 1544 quod
1128 1471 1172 1529 ia-

149 1554 330 1619 laciendum
350 1569 412 1613 non
434 1560 495 1627 est,
520 1553 573 1612 ubi
593 1553 707 1614 veritas
730 1553 893 1628 quaeritur.
931 1551 994 1612 Sed
1015 1568 1090 1612 sane
1111 1552 1172 1615 hoc

189 1636 335 1697 senserim
357 1637 442 1711 quod
456 1635 610 1711 sequitur,
633 1637 744 1698 laisum
759 1642 821 1710 est,
843 1637 872 1697 ei
887 1635 940 1712 qui
955 1637 1055 1697 soleat
1068 1636 1172 1698 ebrius

189 1721 271 1793 lieri,
298 1735 358 1778 non
387 1720 531 1781 committi
558 1724 731 1781 sermonem
757 1728 919 1782 secretum.
955 1720 1055 1795 cogita
1081 1720 1170 1796 enim,

190 1819 280 1880 quam
296 1804 397 1864 multis
413 1804 558 1865 militibus
573 1807 635 1865 non
651 1820 775 1880 semper
792 1802 904 1865 sobriis
920 1812 950 1864 et
963 1805 1128 1879 imperator
1142 1813 1172 1867 et

187 1884 328 1949 'tribunus
344 1895 376 1948 et
389 1888 525 1949 centurio
541 1888 672 1949 tacendo
686 1889 905 1948 mandaverint.
925 1889 970 1948 De
984 1889 1036 1947 illa
1051 1888 1081 1948 C.
1098 1887 1170 1947 Cae·

191 1971 269 2033 saris
285 1973 397 2046 caede,
418 1972 499 2032 illius
514 1972 600 2045 dico,
618 1973 670 2046 qui
686 1979 830 2046 superato
845 1972 991 2047 Pompeio
1006 1971 1170 2047 rempubli-

190 2072 256 2116 cam
271 2056 381 2129 tenuit,
404 2063 464 2116 tarn
478 2056 626 2116 creditum
641 2063 688 2116 est
701 2056 786 2115 Tillio
804 2055 924 2116 Cimbro
942 2072 1033 2131 quam
1050 2055 1081 2115 C.
1097 2053 1170 2114 Cas·

189 2141 246 2200 sio.
286 2138 411 2200 Cassius
432 2147 497 2201 tota
512 2141 574 2201 vita
588 2155 700 2214 aquam
717 2138 808 2199 bibio
828 2139 933 2200 Tillius
949 2139 1067 2200 Cimber
1081 2145 1111 2199 et
1125 2139 1169 2197 ni·

188 2224 267 2284 mius
289 2231 353 2284 erat
374 2223 405 2283 in
426 2222 498 2293 vino
519 2232 550 2284 et
570 2224 742 2286 scordalus.
765 2224 795 2283 in
816 2223 896 2283 hanc
910 2240 975 2284 rem
989 2227 1108 2284 iocatus
1122 2229 1170 2283 est

189 2308 271 2384 ipse:
293 2308 367 2384 Ego,
381 2309 494 2383 inquit,
514 2309 819 2383 amanuensem,
835 2312 888 2383 qui
901 2312 999 2368 uinum
1009 2308 1097 2381 ferre
1111 2323 1169 2367 aen

148 2389 327 2469 13possum?
359 2391 424 2452 Sibi
439 2391 572 2467 quisque
586 2409 668 2452 nunc
688 2394 823 2453 nominet
843 2407 915 2465 eos,
939 2390 1051 2466 quibus
1067 2390 1125 2449 scit
1140 2398 1169 2452 et

189 2476 292 2536 vinum
305 2478 383 2535 male
398 2476 482 2535 credi
497 2482 527 2536 et
541 2492 713 2537 sermonem
728 2476 821 2536 berea
842 2491 936 2534 unum
950 2481 1050 2533 tamen
1065 2490 1168 2533 exem·

187 2562 287 2636 plum,
306 2560 390 2634 quod
405 2559 538 2620 occurrit
551 2559 639 2634 mihi,
654 2562 799 2631 reseram,
815 2572 854 2616 ne
868 2556 1035 2616 intercidat.
1057 2557 1168 2618 instru-

189 2644 270 2703 enda
284 2650 331 2702 est
345 2644 423 2702 enim
440 2645 501 2706 vita
516 2644 666 2717 exemplis
677 2640 864 2702 inlustribus.
887 2656 949 2699 non
962 2655 1084 2714 semper
1096 2657 1168 2702 oon-

148 2741 181 2797 14
189 2727 340 2800 fugiamus
355 2726 394 2785 ad
411 2735 525 2788 vetera.
557 2725 590 2785 L.
605 2725 686 2798 Piso,
701 2725 785 2788 urbis
802 2729 917 2798 custos,
934 2724 1036 2784 ebrius
1052 2741 1092 2784 ex
1107 2741 1169 2798 quo

188 2811 284 2870 semel
298 2811 396 2871 factus
412 2818 468 2885 est,
483 2810 546 2869 luit.
568 2809 713 2869 maiorem
728 2814 845 2884 partem
859 2809 959 2869 noctis
974 2809 1003 2867 ln
1026 2809 1168 2868 convivio
1210 2827 1212 2832 ·

188 2894 339 2968 exigebat.
367 2909 467 2967 usque
489 2894 520 2953 in
541 2893 648 2952 horam
670 2893 734 2952 lere
755 2899 873 2952 sextam
896 2891 1080 2953 dormiebat:
1107 2891 1168 2951 hoc

187 2979 253 3038 eius
276 2985 341 3038 erat
361 2976 547 3037 matutinum.
580 2976 713 3036 officium
734 2984 836 3038 tamen
864 2993 966 3050 suum,
993 2992 1054 3051 quo
1075 2975 1169 3035 tutela

185 3063 270 3123 urbis
292 3060 517 3132 continebatur,
545 3060 776 3135 diligentissime
796 3060 1025 3121 administravit.
1046 3057 1116 3118 huic
1138 3065 1171 3119 et

187 3147 276 3205 divus
296 3146 456 3218 Augustus
474 3141 559 3203 dedit
578 3151 698 3204 secreta
712 3145 869 3218 mandata,
893 3161 961 3204 cum
981 3143 1064 3203 illum
1079 3157 1169 3216 prae·

189 3235 315 3303 poneret
327 3227 489 3300 Thraciae,
517 3244 608 3303 quarn
629 3228 816 3303 perdomuit,
841 3236 872 3288 et
886 3226 1023 3289 Tiberius
1045 3223 1169 3302 prolici-

188 3329 279 3372 scens
301 3313 331 3373 in
348 3312 558 3387 Campaniam,
582 3329 651 3372 cum
668 3313 761 3373 multa
780 3311 812 3370 in
825 3311 901 3372 urbe
916 3317 947 3371 et
960 3316 1107 3385 suspecta
1120 3323 1169 3368 re-

146 3397 338 3469 relinqueret
357 3405 387 3456 et
401 3397 509 3456 invisa.
541 3395 633 3469 Puto,
658 3395 730 3471 quia
743 3395 823 3455 bene
838 3400 975 3455 cesserat
988 3393 1031 3454 illi
1046 3390 1168 3452 Pisonis

188 3478 337 3553 ebrietas,
362 3488 473 3555 postea
496 3480 626 3540 Cossum
652 3479 724 3539 lecit
740 3479 824 3538 urbis
843 3477 1045 3553 praelectum,
1069 3475 1169 3536 virum
