2468 3930
149 212 319 274 EPISTUL.
334 211 428 275 MOR.
448 213 584 274 Ltulv.
606 213 665 277 ΕΡ.
678 220 764 277 5-7.
786 222 934 292 (tl-36.)
990 215 1029 282 77

53 382 115 427 nos
129 365 229 426 animo
244 365 364 425 iuturus
380 373 409 426 et
421 365 567 441 quiequid
582 365 671 425 aetati
682 381 769 426 meae
780 367 894 441 vigoris
907 369 1030 429 absees-

55 451 109 523 sit,
132 447 165 509 id
184 449 223 508 ad
238 464 287 508 rne
301 464 341 508 ex
355 454 422 522 tua,
446 465 629 524 quamquam
645 465 705 509 non
721 450 846 511 multum
862 452 962 524 abest,
984 470 1031 514 re-

55 535 196 595 diturum.
239 532 295 592 sed
322 538 421 592 tamen
446 547 482 592 ro
503 547 628 608 quoque
650 532 720 607 ipsa
739 548 811 593 esse
830 536 929 596 laetus
948 538 1030 598 volo.

54 617 148 679 Venit
161 615 203 676 ad
216 631 274 676 nos
286 631 326 675 ex
336 614 389 689 iis,
408 631 488 690 quos
499 631 652 689 amamus,
667 617 757 677 etiam
770 617 947 679 absentibus
959 626 1062 696 gau-3

55 701 155 775 dium,
171 700 228 760 sed
243 699 274 758 id
288 700 357 757 leve
369 705 399 758 et
413 698 591 759 evanidam:
614 707 799 774 conspectus
815 709 844 763 et
858 705 1032 777 praesentia

55 793 85 846 et
106 780 298 845 conversatio
318 779 411 842 habet
430 782 547 858 aliquid
566 783 655 843 vivae
675 784 856 859 voluptatis,
879 786 984 862 utique
1005 789 1032 848 si

55 884 117 928 non
137 872 253 929 tanturn
274 880 365 941 quern
386 867 477 938 velis,
502 865 559 926 sed
573 867 694 942 qualem
709 866 785 928 velis
802 868 917 930 videas.
946 871 1032 932 adler

55 952 159 1027 itaque
172 955 204 1010 te
219 948 292 1009 mihi
305 949 414 1023 ingens
428 965 540 1010 munus
555 958 599 1022 et,
619 965 680 1024 quo
695 951 793 1025 magis
806 953 916 1025 instes,
932 955 1033 1029 cogita

55 1043 86 1096 te
99 1034 258 1095 mortalem
272 1047 358 1108 esse,
381 1048 430 1093 me
445 1049 560 1094 senem.
589 1032 726 1108 Propera
739 1034 779 1093 ad
791 1049 855 1107 me,
877 1035 934 1095 sed
948 1038 987 1097 ad
1002 1045 1057 1099 tel

55 1119 153 1194 prius.
192 1116 312 1177 Profice
333 1123 452 1178 etanta
474 1117 575 1178 omnia
594 1117 654 1177 hoe
670 1133 758 1191 eura,
783 1125 817 1178 ut
831 1124 954 1179 constes
969 1119 1032 1180 tibi.

56 1198 203 1277 Quotiens
224 1200 358 1275 experiri
378 1200 481 1275 voles,
505 1216 543 1259 an
565 1200 680 1275 aliquid
696 1205 796 1260 aetum
811 1202 864 1274 sit,
891 1202 1031 1277 observa,

55 1301 93 1346 an
115 1284 223 1346 eadem
242 1283 336 1345 hodie
351 1282 442 1358 velis,
470 1286 549 1359 quae
564 1283 644 1344 heri:
670 1284 795 1345 mutatio
810 1284 974 1346 voluntatis
988 1286 1032 1344 in-

56 1369 139 1431 dicat
152 1367 286 1429 animum
299 1374 419 1442 natare,
441 1367 533 1428 aliubi
547 1374 640 1443 atque
654 1367 747 1427 aliubi
762 1368 926 1443 adparere,
943 1377 1034 1444 prout

55 1453 122 1516 tulit
143 1457 261 1514 ventus.
295 1467 357 1512 non
378 1459 520 1526 vagatur,
544 1451 629 1525 quod
648 1451 743 1512 fixum
758 1459 788 1512 et
803 1451 961 1513 fundatum
977 1461 1032 1514 est.

56 1537 139 1598 istud
154 1535 287 1611 sapienti,
300 1537 436 1611 perlecto
453 1534 592 1609 contigit,
615 1535 807 1610 aliquatenus
822 1542 853 1596 et
864 1536 1034 1611 proficienti

56 1621 277 1696 proveetoque.
316 1619 393 1693 Quid
415 1635 487 1694 ergo
504 1618 650 1678 interest?
676 1618 726 1679 hie
743 1628 952 1681 commovetur
968 1622 1032 1695 qui·

57 1705 144 1778 dem,
162 1711 338 1764 nontamen
353 1704 474 1777 transit,
497 1702 554 1762 sed
569 1718 626 1764 suo
642 1703 711 1763 loeo
723 1709 816 1763 nutat.
839 1703 888 1763 ille
899 1718 938 1765 ne
949 1721 1030 1766 oom-

56 1794 196 1849 movetur
211 1788 345 1863 quidem.
383 1788 471 1847 Vale.

341 1921 557 1998 EPISTULA
579 1923 639 1979 Vll.
669 1927 683 1995 (
720 1923 740 1992 .)

308 2017 418 2069 Seneca
436 2019 547 2069 Lucano
567 2030 619 2070 suo
640 2029 778 2069 susurru.

118 2121 288 2183 Amicum
308 2129 411 2182 tuum
432 2120 602 2196 hortare,
624 2127 664 2181 ut
681 2121 781 2181 istus
801 2136 935 2196 magno
952 2119 1061 2181 ani-1

56 2219 112 2266 nro
137 2212 373 2280 contemnat,
395 2203 817 2281 quiillumobiurgant,
842 2206 1033 2280 quodum-

56 2291 161 2350 brum
182 2296 220 2350 et
239 2289 357 2349 otium
379 2287 553 2363 petierit,
576 2288 661 2363 quod
682 2286 857 2361 dignitatem
878 2303 965 2348 suam
982 2289 1034 2347 de-

57 2373 201 2444 stituerit,
224 2378 256 2432 et
276 2388 344 2433 eum
360 2373 430 2447 plus
448 2372 597 2446 consequi
614 2376 736 2446 posset,
759 2370 936 2444 praetulerit
950 2372 1034 2446 quie·

56 2464 117 2517 tem
133 2454 288 2518 omnibus=
311 2471 403 2530 quarn
416 2455 526 2516 utiliter
545 2454 699 2529 negotium
714 2469 803 2514 suurn
817 2454 961 2527 gesserit,
983 2469 1034 2514 eo-

55 2541 132 2602 tidie
154 2539 213 2599 illis
235 2540 384 2600 ostendet.
424 2538 477 2612 Hi,
498 2537 609 2613 quibus
628 2536 794 2611 invidetur,
816 2553 878 2597 non
895 2537 1036 2597 desinent

55 2624 204 2685 transira=
225 2623 276 2682 alii
286 2622 444 2697 elidentur,
459 2620 509 2683 alii
522 2623 641 2683 eadent.
670 2637 720 2681 res
733 2628 781 2681 est
793 2619 929 2696 inquieta
939 2620 1034 2681 lelioi·

56 2715 121 2769 tas:
149 2706 220 2782 ipsa
234 2722 269 2766 se
284 2707 426 2781 exagitat.
462 2713 565 2766 movet
579 2705 737 2766 cerebrum
752 2721 813 2765 non
829 2721 891 2765 uno
907 2721 1036 2781 generez

57 2791 137 2851 alios
152 2790 183 2849 in
198 2789 280 2850 aliud
294 2790 408 2862 inritat,
426 2789 485 2850 hos
500 2791 530 2849 iu
546 2788 727 2864 potentiam,
747 2789 816 2852 illos
829 2790 860 2849 in
875 2788 1036 2851 luxuriam.

57 2872 120 2934 hos
133 2871 234 2947 inflat,
255 2872 323 2935 illos
339 2872 435 2933 mollit
448 2879 478 2932 et
491 2881 573 2935 totos
589 2873 726 2934 resolvit.
761 2875 822 2948 „At
834 2872 914 2934 bene
925 2872 1036 2949 aliquis
1049 2885 1066 2937 a

56 2956 139 3017 illurn
155 2956 245 3017 lert.“
272 2956 332 3032 sie,
356 2956 512 3033 quomodo
523 2956 636 3018 viuum.
670 2957 774 3034 itaque
789 2963 930 3030 nonest,
954 2956 1039 3032 quod

55 3037 111 3101 tibi
124 3039 176 3102 isti
191 3042 400 3117 persuadeant
414 3057 483 3101 eum
498 3056 569 3101 esse
583 3041 717 3114 lelioem,
740 3043 792 3116 qui
807 3059 824 3101 a
839 3041 940 3101 mulus
956 3037 1037 3100 obsi·

56 3123 160 3184 detur=
194 3124 240 3185 sio
265 3125 305 3184 ad
326 3124 424 3198 illurn,
455 3125 713 3200 quemadmodum
734 3126 773 3184 ad
794 3126 893 3184 laeum
912 3137 1038 3183 ooueur-

55 3207 141 3284 ritur,
160 3222 252 3284 quern
267 3208 342 3282 [qui]
359 3206 555 3281 exhauriunt,
575 3215 604 3268 et
618 3208 748 3269 turbant.
781 3206 997 3282 „Nugatorium
1010 3210 1040 3264 et

56 3288 186 3353 inertem
206 3296 349 3351 voeant“
385 3291 453 3352 Seis
470 3291 621 3367 quosdam
642 3305 788 3367 perverse
802 3289 887 3364 loqui
902 3294 931 3348 et
945 3287 1038 3363 signi·

59 3374 152 3436 lieare
167 3372 329 3436 contraria.
352 3373 471 3435 lelieem
486 3374 652 3435 vorabant:
676 3371 749 3449 quid
765 3379 861 3447 ergol
883 3377 968 3430 eratt
995 3370 1068 3433 Neo

58 3458 136 3519 illud.
154 3459 279 3535 quidem
303 3473 391 3533 euro,
415 3459 497 3534 quod
512 3457 696 3534 quibusdam
712 3456 801 3518 nimis
816 3454 931 3516 horridi
947 3453 1039 3516 anirni
