2468 3930
265 243 435 304 EPISPUL.
447 242 541 304 MOR.
563 241 635 303 LlB.
647 244 713 304 XV.
735 243 792 303 ΕΡ.
804 252 831 306 3.
851 253 923 320 (95.)
1024 245 1086 310 307

99 405 191 460 tama
213 394 273 456 hoe
287 401 343 468 est,
362 395 447 471 quod
462 396 659 458 decretum
674 412 763 457 voeo.
808 397 911 471 Qualis
925 397 1002 459 haee
1017 415 1085 475 per·

101 480 208 542 suasio
221 479 319 553 luerit,
334 479 406 539 talia
418 487 513 552 erunt,
527 496 607 555 quae
618 488 755 555 agentur,
766 497 847 557 quae
859 481 1085 558 cogitabuntum

102 565 206 641 qualia
225 571 326 624 autem
346 561 424 623 haee
445 562 571 637 luerint,
596 566 665 625 talis
686 566 748 624 vita
768 566 833 626 erit.
867 565 897 625 in
919 568 1085 641 particulas

101 648 243 710 suasisse
265 654 360 708 totum
389 647 541 708 ordinanti
565 664 672 722 parum
698 655 753 708 est.
798 649 838 707 M.
859 650 972 711 Brutus
993 651 1023 710 in
1048 651 1127 712 e045

101 731 198 806 libro,
219 747 310 805 quem
324 724 399 806 napi
415 724 625 810 καθήκοντος
639 731 810 806 inscripsit,
826 733 878 792 dat
890 736 983 794 multa
997 751 1086 810 prae-

102 821 195 890 cepta
207 822 237 875 et
251 813 430 892 parentibus
445 822 476 875 et
494 814 598 874 tiberis
614 821 645 875 et
661 816 821 877 iratribus:
844 816 922 877 haee
937 834 1027 880 nemo
1043 821 1057 879 l
1075 851 1087 860 -

102 900 177 972 ciet,
200 898 458 975 quemadmodum
478 897 583 970 debet,
605 899 665 960 nisi
688 899 842 971 habuerit,
866 917 927 975 quo
944 903 1087 976 perierat.

102 998 314 1059 proponamus
330 989 452 1058 oportet
466 983 558 1043 linem
573 985 681 1044 summi
693 982 776 1056 boni,
791 984 831 1042 ad
846 999 936 1058 quem
949 984 1087 1060 nitamur,

102 1067 143 1127 ad
154 1081 245 1143 quem
258 1081 348 1126 omne
362 1069 475 1126 laetum
487 1071 625 1128 nostrum
638 1068 814 1142 dictumque
825 1066 979 1142 respiciat,
994 1069 1087 1129 veluti

101 1150 316 1226 navigantibus
329 1153 369 1211 ad
381 1151 508 1225 aliquod
519 1149 607 1211 sidus
619 1151 799 1227 dirigendus
814 1157 862 1211 est
876 1166 995 1212 cursus.
1017 1152 1130 1212 vitato

101 1235 171 1295 sine
184 1234 346 1310 proposito
359 1250 437 1309 vaga
452 1242 508 1295 est.
531 1236 616 1313 quod
629 1235 655 1296 si
666 1236 771 1309 utique
782 1236 1018 1310 proponendum
1030 1243 1086 1310 est,

101 1319 251 1395 incipiunt
262 1319 438 1379 necessaria
450 1334 522 1380 esse
533 1323 665 1381 decreta.
683 1318 771 1394 Illud,
782 1324 816 1379 ut
827 1326 911 1394 puto,
921 1320 1085 1392 consedes,

102 1401 177 1462 nihil
184 1417 257 1464 esse
264 1404 384 1478 turpius
397 1402 490 1464 dubio
503 1411 533 1464 et
544 1406 660 1466 incerto
668 1410 748 1478 actu,
756 1404 849 1463 modo
858 1404 1087 1480 [propredienm

101 1487 199 1558 modo]
208 1487 318 1562 pedem
325 1488 486 1547 referente.
499 1489 596 1549 hooin
605 1488 746 1548 omnibus
757 1488 849 1547 rebus
862 1487 1087 1563 aecidetnobis,

102 1570 162 1631 nisi
173 1571 354 1643 eximuntur,
372 1586 451 1646 quae
462 1572 652 1647 reprendunt
663 1572 782 1632 animos
793 1579 822 1631 et
833 1571 969 1634 detinent
980 1583 1087 1647 pereo-

103 1652 233 1731 narique
247 1662 327 1716 totos
343 1662 456 1715 vetant.
480 1656 677 1729 Quomodo
693 1656 771 1717 sint
787 1656 823 1715 di
840 1656 1013 1728 oolendi,
1031 1662 1129 1719 soti

102 1739 157 1800 let
170 1739 364 1814 praeripi:
387 1741 557 1800 accendere
571 1740 702 1815 aliquem
715 1742 856 1801 lucernas
868 1740 1005 1800 sabbatis
1016 1756 1086 1816 pro·

102 1821 272 1897 hibeamus,
282 1824 427 1898 quoniam
439 1840 496 1885 nee
508 1825 622 1885 lumine
634 1825 664 1884 di
675 1831 766 1900 egent
777 1831 807 1884 et
817 1840 857 1883 ne
867 1823 1008 1884 homines
1021 1824 1087 1899 qui-

103 1907 173 1965 dem
186 1907 373 1967 delectantur
385 1907 518 1982 iuligine.
536 1916 673 1970 vetemus
686 1907 920 1969 salutationibus
932 1908 1086 1968 matutinis

103 1989 188 2064 iungi
213 1998 244 2052 et
269 1991 386 2052 loribus
413 1993 556 2053 adsidere
576 1993 775 2067 templorum=
803 1992 937 2052 humana
962 1991 1086 2051 ambitio

102 2074 169 2133 istis
185 2073 296 2135 olfioiis
312 2076 444 2151 capitum
466 2077 556 2136 deum
569 2077 647 2146 eolit,
665 2076 717 2149 qui
728 2075 821 2137 novit.
844 2083 984 2136 vetemus
995 2076 1088 2135 lintea

102 2164 132 2217 et
159 2157 291 2233 strigiles
316 2159 383 2220 Iovi
409 2161 488 2219 terre
513 2167 543 2220 et
565 2160 726 2235 speculum
747 2167 852 2219 tenere
875 2158 998 2219 lunoniz
1025 2176 1087 2220 non

102 2240 223 2318 quaerit
241 2242 398 2305 ministros
414 2244 508 2304 deus:
532 2242 658 2317 quidni?
680 2243 749 2317 ipse
761 2242 896 2303 humano
911 2242 1015 2316 generi
1032 2243 1085 2301 mi-

102 2326 219 2399 nistrat,
234 2326 349 2402 ubique
365 2335 395 2388 et
407 2328 547 2389 omnibus
561 2334 684 2401 praesto
697 2333 754 2386 est.
779 2326 893 2386 Audiat
904 2325 983 2399 lieet,
997 2341 1087 2399 quem
1097 2331 1132 2385 48

102 2410 227 2471 modum
242 2425 367 2471 servare
382 2413 412 2472 in
427 2410 587 2472 saorilioiis
603 2410 722 2484 debeat,
739 2426 831 2485 quam
845 2410 953 2485 procui
967 2407 1087 2469 resilire

101 2510 121 2553 a
144 2495 294 2554 molestiis
317 2510 354 2555 ao
380 2494 664 2572 superstitionibus:
695 2510 860 2569 numquam
886 2493 960 2553 satis
986 2493 1087 2566 proi·

102 2584 185 2638 otum
210 2577 282 2652 erit,
309 2578 368 2639 nisi
397 2581 517 2656 qualem
544 2579 636 2638 debet
659 2578 750 2639 deum
775 2585 875 2639 mente
901 2576 1087 2652 conceperit,

102 2659 204 2724 omnia
216 2661 387 2737 habentem,
402 2663 504 2724 omnia
519 2663 700 2723 tribuentem
716 2666 759 2735 [in
773 2662 966 2734 beneficium]
982 2661 1087 2736 gratis.

102 2745 187 2822 Quae
203 2761 298 2808 eausa
313 2756 361 2808 est
375 2748 423 2809 dis
445 2745 678 2808 benefaciendi?
705 2755 822 2809 natura.
851 2753 946 2822 errat,
969 2747 995 2806 si
1018 2746 1087 2820 quis
1095 2745 1130 2800 49

101 2831 173 2890 illos
187 2838 274 2905 putat
293 2847 406 2892 nooere
420 2833 516 2891 nolle=
539 2848 600 2892 non
618 2838 757 2907 possunt.
780 2847 838 2892 nee
853 2831 995 2914 accipere
1010 2830 1087 2890 iniu-

100 2913 179 2974 riam
193 2920 310 2990 queunt
323 2931 380 2976 nee
395 2916 507 2976 iacere.
533 2914 655 2975 laedere
676 2916 786 2976 etenim
802 2915 945 2990 laedique
960 2914 1087 2974 coniun-

101 3005 184 3060 etum
198 3006 256 3060 est.
278 3015 398 3060 summa
412 3000 463 3060 illa
474 3016 511 3060 ae
523 2998 727 3075 pulcherrima
740 2998 874 3059 omnium
886 3005 995 3057 natura
1007 3013 1087 3071 quos

100 3082 240 3159 periculo
257 3083 377 3156 exemit,
395 3100 434 3143 ne
451 3083 646 3160 periculosos
662 3083 785 3158 quidem
801 3084 881 3144 leoit.
910 3080 1028 3140 Primus
1042 3081 1130 3139 est50

100 3166 231 3228 deorum
247 3169 346 3229 cultus
361 3169 438 3229 deos
453 3169 590 3229 eredere.
612 3167 724 3227 deinde
734 3167 865 3226 reddere
877 3165 935 3224 illis
946 3162 1087 3223 maiesta-

99 3256 162 3312 tem
178 3267 274 3326 suam
289 3252 420 3312 reddere
435 3253 610 3324 bonitatem,
627 3249 695 3309 sine
707 3266 768 3324 qua
779 3250 861 3312 nulla
874 3247 1018 3309 maiestas
1030 3251 1087 3306 est.

100 3333 183 3396 seire
196 3336 266 3397 illos
281 3351 364 3409 esse,
381 3337 432 3412 qui
444 3335 621 3413 praesident
632 3335 755 3407 mundo,
768 3333 820 3408 qui
831 3333 977 3393 universa
987 3332 1017 3391 vi
1030 3346 1089 3389 sua

100 3426 287 3496 temperant,
310 3421 362 3496 qui
385 3419 508 3481 humani
527 3418 649 3493 generis
673 3419 794 3478 tutelam
809 3422 919 3492 gerunt
936 3415 1088 3476 interdum

101 3503 218 3565 curiosi
232 3504 430 3579 singulorum.
453 3505 484 3564 hi
499 3519 556 3564 neo
572 3502 645 3562 dant
660 3502 771 3563 malum
787 3517 844 3563 neo
859 3501 986 3562 habenta
1007 3505 1087 3561 eete-

867 3589 928 3646 no*
