2468 3930
143 225 204 290 172
420 224 454 284 L.
477 223 625 284 ANNAEI
647 221 823 283 SENECAE

143 381 426 454 accedere‘potest
447 377 480 437 id
500 377 702 452 inperfectum
722 384 780 437 est.
815 376 865 449 cui
878 377 995 453 aliquid
1012 378 1124 443 absce-

143 467 218 526 dere
233 470 349 539 potest,
369 461 401 521 id
421 463 636 537 inperpetuum
657 467 719 521 cst:
741 460 828 521 cuius
851 456 1000 537 perpetua
1021 463 1123 526 nutura

143 546 255 618 laetitia
270 552 331 620 ast,
345 548 374 606 is
385 562 443 608 suo
458 545 600 620 gaudeat
629 544 731 605 omnia
744 551 861 618 autem,
880 546 994 621 quibus
1010 549 1123 624 volgus

142 631 252 702 inhiat,
279 631 358 690 ultro
373 629 513 704 citroque
527 627 635 688 fluunt
663 626 738 688 nihil
752 629 806 688 dat
818 629 943 690 fortuna
955 632 1123 708 mancipio.

143 715 201 775 sed
214 713 293 773 haec
315 729 440 788 quoque
462 710 587 773 fortuita
606 719 678 772 tunc
693 712 859 786 delectant,
882 728 952 774 cum
970 713 1024 775 illa
1044 717 1123 778 cauo

142 797 324 872 temperavit
333 813 371 857 ao
385 795 521 858 miscuit=
541 794 619 856 haee
631 803 687 870 est,
703 812 784 872 quae
799 795 889 857 etiam
900 804 1030 859 externa
1040 815 1123 861 com

115 881 281 955 emendet,
305 897 434 955 quorum
448 879 548 940 avidis
566 895 643 941 usus
658 878 795 954 ingratus
810 887 870 943 cst.
892 879 1022 943 Solebat
1034 883 1122 945 Atta·

142 966 192 1026 lus
213 965 273 1025 hac
290 965 423 1039 imagine
439 965 494 1025 uti=
516 961 647 1037 „vidisti
673 964 838 1043 aliquando
863 980 970 1025 canem
994 966 1123 1029 missua

143 1048 267 1109 domino
289 1049 387 1109 frusta
412 1047 501 1123 panis
522 1055 575 1108 aut
597 1047 697 1107 carnis
722 1056 830 1123 apertu
853 1064 908 1110 ore
927 1056 1125 1125 captantem

143 1133 292 1208 qiuoquid
310 1133 446 1208 excepit,
468 1131 609 1208 protinus
625 1131 777 1206 integrum
798 1132 928 1193 devorat
947 1139 979 1193 et
998 1149 1125 1210 semper

144 1218 183 1277 ad
199 1232 286 1292 spem
307 1217 426 1276 venturi
445 1216 524 1277 hints
545 1216 626 1275 idem
648 1215 750 1276 evenit
771 1215 876 1278 nobis:
898 1214 1051 1294 quicquid
1069 1235 1122 1280 ex·

143 1301 354 1376 spectantibus
371 1301 494 1361 fortuna
509 1299 651 1375 proiecit,
674 1299 707 1359 id
729 1299 797 1359 sino
817 1300 1054 1376 ulla-voluptate
1068 1303 1120 1363 dc·

143 1384 288 1445 mittimus
308 1385 425 1455 statim,
447 1383 647 1458 adrapinam
667 1383 792 1444 alterius
809 1383 904 1444 erecti
918 1391 951 1445 et
962 1385 1123 1445 adtoniti.“

142 1469 209 1529 Hoc
231 1466 363 1542 sapienti
383 1483 445 1527 non
467 1468 584 1528 evenit=
607 1465 716 1541 plenus
731 1475 788 1528 est.
818 1467 909 1529 etiam
928 1468 957 1528 si
970 1469 1044 1544 quid
1065 1469 1120 1530 ob·

142 1553 240 1625 venit,
261 1565 371 1611 secure
386 1551 501 1626 excipit
515 1567 551 1611 ac
565 1552 695 1626 reponit.
725 1552 839 1613 laetitia
853 1553 962 1613 fruitur
977 1552 1120 1627 martimo,

114 1635 301 1709 scontinua,
327 1652 394 1696 sua.
427 1634 528 1695 Habet
546 1634 658 1709 aliquis
678 1635 791 1696 bonam
806 1636 1010 1711 voluntatem,
1028 1635 1122 1698 habet

143 1720 322 1795 profectum,
337 1719 394 1780 sed
409 1721 458 1779 oui
469 1721 595 1780 multum
606 1718 717 1779 desita
731 1735 867 1780 summo:
881 1719 932 1780 hic
943 1719 1123 1796 deprimitur

141 1804 267 1865 alternis
286 1811 316 1863 et
332 1804 485 1864 extollitur
499 1819 536 1862 ac
553 1803 645 1863 modo
657 1804 688 1862 in
703 1805 823 1864 coelum
838 1803 1014 1878 adlevatur,
1029 1805 1121 1865 modo

142 1888 278 1948 delentur
298 1887 339 1947 ad
359 1894 479 1947 terram.
515 1887 656 1961 Inperitis
677 1903 715 1947 ac
733 1887 863 1950 rudibus
883 1889 986 1949 nullus
1003 1888 1119 1964 praeci-

144 1969 299 2047 pitationis
321 1970 392 2032 finis
413 1977 475 2032 est:
501 1971 532 2031 in
552 1971 738 2046 Epicureum
757 1970 833 2033 illud
858 1971 954 2032 chaos
975 1972 1121 2034 decidunt

103 2056 248 2129 minane,
269 2054 337 2114 sine
356 2055 495 2116 termino.
528 2055 604 2134 [Est]
626 2055 728 2116 adhuc
749 2070 849 2130 genus
869 2055 991 2117 tertium
1004 2071 1119 2130 eorum,

144 2140 196 2214 qui
211 2138 380 2214 sapientiae
390 2140 559 2214 adludunt,
583 2155 674 2214 quam
696 2156 759 2199 non
780 2140 905 2215 quidem
918 2139 1119 2215 contigerunt

143 2224 173 2283 iu
189 2230 360 2298 conspeetu
374 2232 472 2284 tamen
488 2231 531 2295 et,
547 2230 580 2284 ut
595 2224 637 2283 ita
651 2222 766 2298 dicam,
788 2224 848 2285 sub
860 2221 923 2284 ictu
938 2223 1070 2285 habente
1089 2222 1120 2283 bi

143 2324 207 2368 non
224 2308 452 2382 concutiuntur,
467 2325 507 2368 ne
519 2306 659 2368 defluunt
669 2308 802 2381 quidam.
829 2307 965 2368 nondum
979 2305 1012 2368 iu
1026 2308 1120 2381 sicco,

103 2405 117 2459 1
122 2391 203 2460 liam
221 2392 252 2452 in
268 2400 360 2468 portu
374 2398 454 2454 sunt.
488 2392 569 2466 Ergo
586 2408 654 2452 cum
669 2398 729 2452 tam
744 2407 856 2466 magna
870 2388 932 2452 sint
944 2391 1024 2452 iuter
1037 2407 1119 2453 sum·

144 2493 211 2537 mos
226 2476 369 2552 imosque
384 2475 573 2549 discrimina,
596 2491 665 2536 cum
684 2475 805 2536 modios
827 2490 952 2551 quoque
973 2482 1121 2551 sequatur

143 2561 253 2635 ingens
275 2560 444 2636 periculum
466 2560 506 2619 ad
530 2560 683 2620 deteriora
697 2559 864 2620 redeundi=
885 2576 948 2622 non
971 2559 1120 2620 debemus

145 2644 400 2718 occupationibus
413 2643 581 2716 indulgere.
604 2644 817 2705 excludendae
829 2651 916 2706 sunto
931 2641 959 2704 si
970 2641 1120 2703 somelin·

143 2726 302 2801 traverint,
315 2727 345 2786 in
359 2727 459 2786 locum
473 2742 563 2786 suum
575 2727 651 2788 alias
665 2727 864 2789 substituent:
884 2725 1045 2802 principiis
1055 2726 1120 2801 illa·

143 2825 210 2870 rum
218 2810 387 2871 obstemus.
401 2811 508 2870 melius
523 2826 584 2870 non
597 2810 751 2887 incipient,
766 2829 859 2888 quam
866 2812 1017 2872 desinent.
1030 2810 1120 2871 Vale.

442 2948 659 3006 EPISTULA
686 2951 721 3005 II.
751 2950 822 3022 (73.)

393 3043 505 3096 saraca
521 3044 633 3096 Lucuro
653 3056 705 3095 suo
725 3055 865 3096 sacurem.

202 3146 487 3208 1.Erraremibi
502 3149 699 3222 videntur,
714 3149 777 3223 qui
792 3147 1021 3208 existimant
1035 3143 1121 3222 pbi-

144 3231 355 3307 losophiae
378 3233 556 3293 fideliter
577 3231 734 3294 deditos
756 3239 1007 3294 contumaces
1030 3242 1123 3291 esse

144 3331 185 3375 ae
206 3317 485 3390 refractarios,
514 3317 572 3398 [et]
597 3325 893 3392 contemptores
911 3313 1122 3390 magistra·

144 3406 661 3475 tuumaoregumeorumve,
686 3416 754 3476 per
771 3397 1122 3476 quospublicaad·

118 3520 122 3527 -
143 3482 424 3545 ministrantur.
460 3500 479 3545 e
502 3483 654 3546 contrario
681 3485 761 3545 enim
780 3484 855 3545 nulli
875 3484 1030 3544 adversus
1050 3480 1125 3543 illos
