2468 3930
135 207 176 272 14
421 207 454 267 L.
475 205 621 267 ΑΝΝΑΕΙ
644 205 820 267 SENECAE

134 358 306 421 conscribo.
347 358 498 418 salutares
527 357 767 432 admonitiones,
797 358 881 418 velut
904 356 1112 419 medicamen·

132 451 230 505 torum
253 440 370 503 utilium
391 440 637 515 conpositiones,
665 440 760 501 literis
784 439 914 514 mando,
943 455 1016 503 esse
1039 437 1115 504 illus'

133 527 278 587 efficaces
295 523 325 584 in
341 524 417 585 meis
433 523 586 586 ulceribus
604 530 767 598 expertus,
788 538 882 598 quae,
904 524 1023 585 etiamsi
1038 540 1109 600 per-

102 615 241 672 asanatu
261 623 322 669 non
342 615 425 680 sunt,
446 622 572 681 serpere
587 607 752 668 desierunt.
787 607 914 669 Rectum
930 606 1003 681 iter,
1026 609 1110 683 quod

134 708 204 753 sero
217 690 348 766 cognovi
359 698 389 751 et
399 692 501 752 lassus
514 691 654 761 errando,
670 691 738 752 aliis
750 697 896 753 monstro.
913 693 1027 754 clamor
1043 692 1109 766 „vi-

133 783 210 849 late,
225 789 438 850 quaecumque
448 776 540 849 volgo
552 775 683 849 placent,
700 789 780 849 quae
792 790 885 835 casus
897 775 1049 837 adtribuit.
1069 773 1107 835 ad

134 874 225 919 omne
240 857 393 919 fortuitum
406 857 520 919 bonum
531 856 696 933 suspiciosi
707 857 874 933 pavidique
885 858 1059 920 subsistite=
1080 863 1111 918 et

133 943 199 1002 lcra
213 949 243 1002 et
257 940 353 1017 piscis
368 957 425 1016 spe
436 940 539 1016 aliqua
550 942 721 1003 oblectante
731 939 892 1017 decipitur.
914 957 1041 1002 munere
1051 942 1111 1002 iste

133 1025 271 1086 fortunae
292 1025 425 1100 putatisr
451 1025 580 1086 insidiae
598 1031 678 1086 sunt.
707 1024 848 1100 quisquis
863 1031 1002 1086 nostrum
1016 1031 1111 1086 tutam

133 1124 225 1184 agere
238 1109 332 1169 vitum
346 1109 445 1182 volet,
460 1115 604 1182 quantum
616 1107 779 1183 plurimum
791 1115 908 1183 potest,
923 1108 983 1170 ista
993 1109 1110 1169 viscata

131 1191 282 1254 benelicie
301 1192 428 1264 devitet,
457 1190 489 1253 in
511 1192 622 1268 quibus
642 1191 702 1252 hoc
717 1207 842 1267 quoque
859 1190 1019 1254 miserrimi
1033 1191 1109 1250 lalli-

103 1283 216 1337 4mur=
238 1276 351 1337 babere
362 1290 420 1335 nos
433 1282 592 1350 putamus,
606 1275 777 1336 haeremus.
805 1276 840 1335 In
852 1274 1031 1350 praecipitio
1042 1290 1109 1336 cur·

133 1376 188 1421 sus
205 1361 264 1420 isle
282 1359 414 1420 deducit.
436 1358 528 1420 huius
545 1359 704 1420 eminentis
722 1359 802 1419 vitoe
817 1359 917 1420 exitus
930 1359 1041 1420 cedere
1052 1366 1108 1419 esl.

134 1442 246 1503 deinde
264 1457 304 1501 ne
322 1442 468 1503 resistere
483 1440 606 1517 quidem
628 1441 714 1516 licet,
742 1457 812 1502 cum
832 1443 935 1517 coepit
954 1449 1108 1504 transver-

133 1541 187 1587 sos
211 1542 305 1601 egere
323 1525 453 1584 lelicitas
473 1531 526 1584 aut
545 1527 655 1585 saltem
679 1525 793 1595 rectis,
812 1527 866 1582 aut
888 1524 984 1581 semel
1003 1538 1109 1587 ruere:

103 1621 193 1672 bnon
207 1608 297 1669 vertit
312 1608 447 1681 lortune,
467 1608 524 1669 sed
539 1609 675 1669 cernulat
686 1616 716 1670 et
729 1608 844 1669 adlidit.
875 1608 962 1670 Hanc
974 1624 1048 1684 ergo
1060 1623 1110 1668 sa·

132 1709 202 1752 num
218 1708 255 1752 ec
270 1692 424 1754 salubrem
439 1692 566 1752 lormam
581 1691 661 1752 vitae
675 1699 789 1766 tenete,
810 1698 844 1755 ut
858 1693 981 1768 corpori
995 1698 1110 1754 tantum

132 1775 331 1852 indulgeatis,
360 1781 506 1851 quantum
525 1774 626 1836 bonae
645 1775 803 1836 valitudini
823 1776 899 1836 satis
913 1783 970 1837 est.
1004 1774 1110 1838 durius

133 1859 322 1920 tractandum
340 1866 402 1932 est,
425 1875 465 1920 ne
480 1859 579 1921 animo
594 1862 673 1920 male
687 1865 808 1935 paream
832 1859 919 1921 cibus
934 1861 1046 1920 famem
1061 1875 1107 1920 se·

133 1943 199 2016 del,
221 1942 305 2018 potio
327 1943 407 2005 silim
428 1943 617 2020 exstinguet,
637 1941 733 2005 vestis
749 1951 851 2004 arceat
865 1942 976 2019 lrigus,
1000 1943 1110 2004 domus

132 2027 351 2088 munimentum
372 2026 413 2088 sit
434 2028 586 2088 adversus
607 2029 717 2089 inlesta
737 2027 887 2102 corporis.
918 2028 1111 2088 hauc'ulrum

133 2125 264 2185 caespes
280 2111 427 2186 erexerit,
445 2127 484 2171 an
498 2113 602 2173 varius
617 2110 697 2186 lapis
713 2111 811 2187 gentis
825 2111 958 2184 alienae,
977 2109 1051 2170 nihil
1065 2109 1109 2169 in-

132 2202 242 2255 terest=
265 2195 374 2257 scitote
389 2201 450 2256 tam
464 2196 543 2256 bene
559 2195 713 2257 hominem
727 2196 826 2255 culmo
843 2211 933 2270 quam
948 2210 1024 2255 auro
1039 2193 1110 2268 tegi.

134 2279 320 2341 Contemnite
342 2281 458 2354 omnia,
485 2295 565 2355 quae
585 2294 797 2355 supervacuus
817 2279 904 2340 labor
924 2279 1007 2340 velut
1020 2293 1110 2339 orna-

132 2370 266 2424 mentum
287 2380 323 2424 ac
343 2365 439 2426 decus
461 2363 555 2439 ponit.
595 2364 725 2438 cogitate
747 2361 819 2423 nihil
840 2370 961 2438 praeter
976 2359 1111 2423 animum

103 2457 203 2512 desse
224 2447 378 2521 mirabile,
408 2448 457 2508 cui
478 2463 589 2522 magno
610 2447 683 2507 nihil
702 2462 845 2522 magnum
866 2451 941 2508 est.“
979 2444 1013 2507 Si
1032 2445 1110 2505 haec

132 2548 265 2604 mecum,
288 2530 315 2591 si
328 2532 405 2592 hacc
421 2547 491 2592 curn
502 2530 635 2606 posteris
645 2533 765 2605 loquor,
781 2547 842 2591 non
854 2531 962 2591 videor
972 2527 1026 2590 tibi
1039 2529 1110 2604 plus

133 2614 300 2689 prodesse,
325 2630 417 2689 quarn
440 2630 508 2674 cum
522 2614 561 2672 ad
575 2612 781 2674 vadimonium
797 2615 966 2675 advocatus
981 2613 1111 2673 descen·

132 2699 253 2771 derem,
273 2704 324 2758 aut
337 2698 449 2758 tabulis
462 2697 633 2758 testamenti
649 2697 773 2758 anulum
787 2697 994 2773 imprimerem,
1017 2694 1111 2756 autin

133 2788 241 2841 senatu
263 2780 425 2841 candidato
447 2797 555 2842 vocem
575 2787 605 2842 et
623 2798 744 2843 manum
759 2780 1006 2842 commodaremi
1035 2778 1111 2839 Mihi

133 2864 241 2938 crede,
264 2864 316 2939 qui
337 2864 411 2924 nihil
431 2880 523 2940 agere
544 2864 700 2939 videnlur,
722 2866 837 2926 maiora
851 2871 958 2943 agunta
978 2863 1111 2925 humana

133 2946 299 3022 divinaque
317 2947 406 3008 simul
423 2955 559 3010 tractant.

103 3041 119 3098 7
194 3029 256 3091 Sed
271 3031 331 3092 iam
345 3033 417 3094 finis
433 3032 592 3094 faciendus
608 3039 656 3093 est
670 3038 699 3093 et
713 3032 841 3108 aliquid,
858 3039 892 3092 ut
904 3030 1034 3103 institui,
1052 3045 1110 3105 pro

132 3115 190 3175 hac
213 3116 344 3190 epistula
363 3118 608 3193 dependendum.
640 3117 672 3177 id
692 3132 754 3176 non
775 3117 813 3177 de
836 3132 903 3177 meo
918 3115 986 3176 fiete
1008 3113 1111 3175 adhuc

131 3199 297 3274 Epicurum
318 3203 542 3277 conplicamus‚
566 3201 652 3261 cuius
672 3200 753 3262 hanc
770 3216 878 3261 vocem
892 3198 1042 3260 hodierno
1061 3198 1112 3258 die

132 3284 208 3358 legis
241 3282 549 3361 „Philosophiae
582 3285 737 3346 servias
769 3290 939 3360 oportet,
972 3288 1011 3344 ut
1040 3281 1112 3343 tibi

134 3366 336 3443 contingat
363 3385 455 3430 vera
481 3367 675 3430 libertas.“
711 3368 778 3429 Non
803 3367 941 3429 differtur
965 3366 996 3426 in
1020 3363 1111 3441 diem,

133 3451 185 3526 qui
205 3467 241 3512 se
260 3451 303 3512 illi
325 3451 455 3514 subiecit
469 3460 499 3513 et
515 3452 650 3513 tradidit=
681 3449 780 3514 statim
796 3448 1019 3525 circumagitur.
1051 3449 1113 3512 hoc
