2468 3930
205 242 376 305 EPISTUL.
390 243 484 305 Mola.
506 244 642 305 LIB.lV.
665 245 722 305 ΕΡ.
730 244 816 308 2-4.
839 251 986 319 (sl-33.)
1040 243 1080 311 73

105 396 248 460 nesciunt
268 394 343 470 quid
362 410 447 470 agas.
486 395 565 456 Hoc
594 403 654 456 est
680 399 869 472 salutare,
897 415 972 460 non
994 412 1110 465 con-2

105 479 258 542 versari
285 477 549 540 dissimilibus
578 486 613 539 et
639 480 798 542 diversa
819 481 1080 558 cupientibus.

104 565 205 626 babeo
227 563 351 639 quidem
368 562 511 622 fiduciam
525 577 586 623 non
601 579 698 638 posse
720 570 750 624 te
764 565 939 642 detorqueri
958 582 1081 630 mansu-

104 662 236 722 rumque
248 648 279 707 in
294 645 471 722 proposito,
487 644 606 706 etiamsi
620 646 844 708 sollicitantium
856 649 943 710 turba
954 650 1081 711 circum·

104 739 164 792 eat.
191 730 266 806 quid
279 745 353 804 crgo
368 735 436 790 estt
457 745 519 788 non
534 730 641 802 timeo,
661 747 701 790 ne
716 739 831 793 mutent
845 739 891 809 te,
914 733 1019 809 timeo,
1041 750 1081 794 nc

103 813 270 891 inpediant.
291 814 418 874 multum
433 820 532 874 autern
547 819 639 873 nocet
653 814 742 874 ctiam
754 813 807 890 qui
817 823 960 890 moratur,
975 817 1081 893 utique
1118 825 1120 830 ’

103 900 134 959 in
149 904 234 959 tauta
248 895 397 958 brevitate
411 896 504 968 vitae,
528 911 619 971 quarn
633 895 805 957 breviorem
819 899 1022 961 inconstantia
1036 903 1080 961 ta·

104 983 201 1043 cimus
223 981 306 1042 aliud
327 981 393 1040 eius
409 979 551 1049 ‚subinde
570 986 661 1053 atque
682 979 764 1041 allud
786 980 933 1043 facientes
955 981 1080 1047 initium.

103 1065 276 1126 diducimus
296 1064 377 1124 illatn
400 1064 431 1122 in
456 1062 620 1138 particulas
646 1077 682 1122 ac
706 1064 905 1126 lancinamus.
945 1065 1109 1142 Properaa

98 1164 193 1225 crgo,
213 1148 309 1210 Lucili
332 1147 505 1220 carissime,
531 1154 562 1207 ct
581 1146 682 1220 cogita
696 1152 842 1221 quantum
857 1148 1016 1210 additurus
1030 1166 1079 1210 ce-

101 1232 212 1293 leritati
233 1229 344 1305 lueris,
367 1230 394 1291 si
413 1246 432 1290 a
451 1237 538 1304 tergo
560 1228 658 1289 hostis
674 1230 814 1304 instaret,
837 1231 865 1290 si
880 1232 1011 1307 equitem
1026 1233 1079 1292 ad-

101 1324 229 1376 ventare
243 1313 448 1390 suspicareris
462 1329 499 1373 ac
516 1313 693 1387 lugientium
709 1328 848 1389 premere
863 1315 1000 1390 vestigia.
1034 1315 1081 1378 Fit

102 1399 177 1474 hoc,
199 1398 363 1474 premeris:
387 1399 525 1457 accelera
539 1403 571 1456 et
585 1396 697 1471 evade,
721 1397 838 1472 perduc
852 1406 881 1459 te
896 1399 926 1458 in
941 1406 1036 1459 tutum
1051 1407 1081 1461 et

102 1483 268 1544 subinde
290 1480 516 1552 considera,
540 1496 649 1556 quam
667 1480 973 1555 pulchraressit
989 1498 1078 1544 con·

101 1581 291 1629 summare
319 1565 435 1625 vitam
463 1570 551 1624 ante
571 1570 742 1637 mortem,
773 1564 883 1626 deinde
898 1573 1079 1643 exspectare

101 1665 246 1710 securum
259 1650 407 1724 reliquam
421 1647 568 1722 temporis
583 1647 630 1706 sui
645 1655 778 1723 partem,
800 1649 874 1708 nihil
884 1650 958 1724 sibi,
968 1654 970 1658 ’
980 1651 1033 1728 [ut]
1047 1650 1078 1709 in

100 1733 305 1808 possessione
324 1733 432 1792 beatae
454 1730 533 1790 vitae
554 1731 702 1806 positum,
725 1747 805 1807 quae
824 1731 941 1793 beatior
958 1749 1019 1794 non
1033 1733 1077 1806 fit,

101 1815 131 1877 si
153 1816 281 1891 longior.
318 1814 348 1877 0
370 1814 493 1889 quando
514 1813 588 1875 illud
609 1814 728 1875 videbis
749 1822 885 1891 tempus,
912 1834 975 1892 quo
996 1816 1107 1884 scies4

102 1907 222 1975 tempus
237 1900 277 1959 ad
290 1907 319 1960 te
334 1914 394 1960 non
410 1898 577 1973 pertineret
601 1915 662 1974 quo
677 1899 857 1974 tranquillus
874 1900 1078 1975 placidusque

100 1984 162 2044 cris
182 1990 213 2046 et
233 1982 357 2044 crastini
377 1983 543 2056 neglegens
559 1987 589 2041 et
602 1979 633 2042 in
648 1998 768 2043 summa
781 1983 823 2043 tui
838 1985 985 2045 satietate.
1020 1984 1077 2044 Vis

100 2067 195 2139 scire,
219 2065 293 2142 quid
313 2068 368 2138 sit,
391 2065 476 2141 quod
499 2064 590 2126 iaciat
603 2065 743 2126 homines
757 2067 867 2127 avidos
882 2067 994 2128 luturit
1025 2082 1077 2126 nc-

100 2167 149 2211 mo
166 2148 227 2210 sibi
241 2149 374 2224 contigit.
408 2148 597 2224 Optaverunt
610 2150 714 2224 itaque
728 2147 781 2209 tibi
793 2150 852 2209 alia
864 2157 1007 2226 parentes
1018 2150 1076 2212 tui:

101 2234 158 2294 sed
182 2233 261 2293 hacc
285 2240 389 2296 contra
413 2231 547 2293 omniurn
567 2232 621 2293 tibi
641 2248 746 2292 eorum
769 2240 973 2309 contemptum
994 2241 1078 2309 opto,

101 2334 233 2393 quorum
246 2317 287 2376 illi
303 2317 432 2392 copiam.
467 2317 549 2376 Vota
562 2316 682 2376 illorum
696 2315 807 2376 multos
823 2318 986 2390 conpilent,
1001 2324 1035 2377 ut
1048 2323 1078 2377 tc

99 2401 296 2476 locupletent.
330 2398 476 2474 quicquid
496 2399 535 2458 ad
549 2406 579 2459 te
593 2399 792 2474 transierunt,
812 2397 902 2458 alicui
916 2398 1077 2460 detrahen-

100 2486 173 2545 dum
188 2491 245 2544 cst.
283 2482 360 2559 Opto
373 2481 427 2542 tibi
441 2482 483 2541 tui
497 2483 686 2556 facultatem,
701 2489 734 2542 ut
744 2481 832 2556 vagis
844 2479 1077 2556 cogitationibus
1089 2491 1107 2544 5

100 2569 215 2643 agitata
233 2582 320 2627 mens
335 2563 457 2626 tandem
472 2563 595 2626 resistat
609 2571 639 2626 ct
653 2573 736 2626 certa
750 2565 803 2639 sit,
826 2571 859 2625 ut
880 2566 998 2641 placeat
1020 2564 1078 2624 sibi

100 2659 131 2712 et
144 2651 306 2711 intellectis
321 2649 403 2710 veris
414 2649 519 2722 bonis,
533 2665 628 2724 quae,
643 2649 731 2709 simul
743 2647 896 2709 intellecta
907 2656 986 2724 sunt,
1005 2663 1079 2725 pos·

100 2733 256 2809 sidentur,
279 2734 386 2794 aetatis
407 2732 579 2793 adlectione
599 2749 659 2793 non
681 2739 779 2808 egeat.
813 2732 867 2792 llle
888 2733 1009 2794 demum
1025 2749 1078 2793 ne-

99 2817 262 2878 cessitates
284 2831 505 2893 supergressus
521 2823 570 2876 est
585 2823 616 2876 et
630 2822 845 2877 exauctoratus
860 2832 897 2876 ac
912 2816 1003 2892 liber,
1025 2816 1078 2893 qui

99 2901 250 2962 vivitvita
264 2907 400 2976 peracta.
436 2900 524 2970 Vale.

395 3082 608 3140 nrlsruun
634 3040 723 3154 rvss(
759 3082 781 3150 .)

353 3192 464 3246 Sunuci.
482 3195 592 3246 Lucum
612 3206 664 3246 suo
683 3205 822 3246 sacurem.

161 3311 377 3373 Desideras
398 3311 458 3372 his
482 3329 638 3390 quoque
656 3313 842 3388 epistulis
857 3309 1104 3386 stampato-1

101 3395 211 3457 ribus
232 3394 408 3456 adscribi
431 3397 582 3472 aliquas
604 3411 724 3456 voces
748 3402 968 3456 nostrorum
989 3410 1078 3469 pro·

101 3493 241 3542 cerum.
269 3477 337 3540 Non
349 3479 470 3541 luerunt
482 3480 563 3541 circa
574 3479 721 3540 flosculos
736 3479 891 3555 occupati:
916 3484 1077 3540 totuscon-
