2468 3930
256 231 536 294 deminution.
563 234 635 293 LlB.
650 235 716 294 vll.
743 234 800 293 ΕΡ.
815 243 878 310 4.(
914 241 936 307 .)
1019 235 1080 300 147

108 383 213 456 coda,
236 389 269 443 ut
282 399 322 444 ex
338 383 459 444 duobus
481 400 580 458 aeque
600 384 688 447 iustis
703 401 740 445 ac
760 385 962 460 prudentibus
979 401 1080 447 coma-

106 474 171 527 lum
185 473 216 526 et
228 467 398 541 crispulum
411 468 498 527 malis
515 469 618 545 [quam
631 470 868 547 recalvastruml.
905 467 964 530 Ubi
975 485 1035 545 por
1048 470 1080 530 in

106 557 239 625 unoque
250 551 346 610 virtus
359 557 420 623 est,
442 568 502 611 non
518 560 665 626 conparet
677 552 805 613 aliarum
819 568 919 615 rerum
934 551 1079 629 inaequa-

107 633 187 698 lus.
220 635 322 694 omnia
336 635 415 694 enim
430 633 490 695 alia
503 651 564 695 non
580 643 696 710 partes,
713 636 768 695 sed
784 636 982 697 accessiones
1000 644 1080 697 sunt.

105 717 184 776 Num
200 717 270 792 quis
283 724 345 777 tam
359 717 494 793 iniquam
515 734 674 779 censuram
694 720 773 778 inter
795 737 869 781 suos
885 720 961 795 agit,
983 728 1017 781 ut
1032 723 1123 781 sa-lb

107 816 180 862 num
193 799 289 861 lilium
310 817 400 876 quam
421 817 545 875 aegrum
566 801 662 875 magis
683 803 809 876 diligati
831 819 1034 878 procerumve
1052 811 1082 864 et

107 886 264 944 excelsum
279 900 370 959 quam
392 884 516 945 brevem
541 893 593 945 aut
612 885 786 947 modicum?
824 888 904 948 letus
923 903 998 947 suos
1018 905 1081 948 non

108 967 297 1043 distinguunt
309 969 394 1027 ferae
408 974 439 1027 el
453 984 487 1028 se
501 968 531 1026 in
548 969 720 1029 alimentum
736 969 848 1043 pariter
860 970 992 1030 omnium
1004 978 1081 1031 slen-

107 1059 190 1112 nunt
213 1066 288 1111 aves
303 1066 341 1110 ex
363 1066 463 1126 aequo
483 1053 654 1126 partiuntur
666 1052 763 1113 cibos.
785 1052 890 1113 Ulixes
906 1053 946 1111 ad
960 1052 1081 1113 ithacae

108 1149 183 1196 sune
196 1150 275 1195 saxa
295 1135 341 1195 sic
359 1143 518 1210 properat,
540 1136 796 1210 quemadmodum
809 1140 1019 1209 Agamemnon
1041 1137 1081 1195 ad

106 1214 307 1296 Mycenarum
333 1218 452 1278 nobiles
479 1233 595 1280 muros.
639 1234 728 1278 nemo
755 1219 834 1277 enim
855 1218 985 1293 patriam
1009 1217 1081 1293 quia

107 1317 218 1376 magno
230 1309 280 1362 est
294 1309 391 1374 ¹temeti,
406 1302 463 1362 sed
480 1304 551 1377 quia
566 1319 632 1363 sua.
663 1302 800 1375 Quorsus
818 1300 895 1362 haec
908 1301 1118 1377 pertinenttlt

108 1390 142 1446 ut
161 1385 244 1445 scias
264 1384 404 1444 virtulem
424 1387 526 1446 omnia
546 1402 642 1461 opera
661 1387 744 1445 velut
768 1386 847 1447 lctus
874 1401 949 1445 suos
970 1383 1080 1445 iisdem

108 1468 206 1528 oculis
225 1467 352 1542 intueri,
374 1484 472 1544 aeque
492 1470 650 1544 indulgere
675 1469 815 1530 omnibus
837 1475 867 1530 el
891 1469 1013 1544 quidem
1034 1469 1078 1528 in-

107 1552 237 1627 pensius
251 1551 475 1624 laborantibus,
500 1553 644 1629 quoniam
666 1553 788 1628 quidem
808 1551 898 1613 etiarn
918 1561 1079 1629 parentum

107 1651 193 1696 amor
202 1636 300 1710 magis
310 1635 340 1695 in
352 1651 398 1708 ea,
415 1652 545 1710 quorum
559 1638 727 1711 miseretur,
740 1637 872 1698 inclinat.
885 1636 989 1698 Virtus
1003 1653 1079 1712 quo·

107 1735 168 1794 qua
190 1732 286 1794 opera
308 1735 379 1793 sua,
399 1735 483 1794 quae
504 1720 588 1780 videl
608 1721 697 1780 adlici
712 1728 742 1781 el
765 1720 878 1796 premi,
899 1737 960 1781 non
980 1719 1078 1795 magis

105 1809 201 1877 amal,
221 1803 282 1863 sed
302 1811 461 1876 parentum
483 1805 634 1864 bonorum
653 1821 740 1866 more
761 1803 859 1880 magis
878 1805 1079 1882 conplectitur

105 1901 143 1946 ae
163 1886 255 1946 lovel.
294 1886 395 1960 Quare
420 1903 482 1947 non
507 1894 555 1948 est
579 1890 670 1949 ullum
696 1889 811 1949 bonum
837 1889 933 1949 altero
959 1887 1120 1954 maiuslns

104 1968 253 2044 quianon
268 1971 580 2046 estquicquamaplo
597 1971 713 2046 aptius,
735 1972 808 2047 quia
822 1973 915 2047 plano
935 1971 1009 2031 nihil
1031 1979 1080 2032 est

102 2052 236 2128 planius.
272 2069 335 2115 non
363 2062 451 2128 poles
478 2054 581 2115 dicere
605 2054 665 2116 lroc
688 2056 785 2130 magis
810 2071 867 2131 par
891 2071 962 2115 esse
986 2055 1077 2115 alicui

104 2151 198 2210 quom
217 2136 307 2197 illud:
332 2153 406 2212 ergo
429 2153 486 2197 nec
510 2137 640 2199 honesto
659 2138 819 2199 honestius
840 2138 1004 2213 quicquam
1020 2144 1075 2198 est.

102 2218 209 2292 Quod
228 2221 263 2279 si
282 2236 353 2295 por
375 2223 541 2282 omnium
559 2222 741 2282 virtutum
757 2229 893 2281 natura
907 2227 982 2295 est,
1004 2222 1119 2290 triano

101 2317 246 2376 genera
263 2304 448 2365 bonorum
469 2305 506 2364 in
528 2320 649 2379 aequo
671 2312 768 2364 sunt.
791 2305 836 2363 Ita
862 2305 946 2364 dico:
971 2305 1001 2362 in
1025 2320 1075 2363 ae·

104 2402 167 2460 quo
195 2393 244 2447 est
264 2389 420 2449 moderate
446 2389 580 2462 gaudere
608 2395 638 2448 et
668 2387 825 2447 moderate
857 2387 970 2447 dolere.
1014 2388 1075 2444 lae·

100 2468 167 2530 titia
185 2469 238 2528 illa
259 2487 321 2531 non
341 2471 434 2530 vincit
459 2472 538 2531 hanc
564 2470 656 2530 animi
681 2470 852 2531 firmitatem
877 2469 935 2530 sub
961 2476 1076 2529 tortore

101 2553 234 2628 gemitus
262 2555 475 2616 devorantemz
501 2556 552 2614 illa
579 2554 663 2615 bonu
692 2553 851 2629 optabilia,
881 2553 958 2613 haec
986 2553 1074 2612 mira·

100 2635 175 2697 bille
196 2644 282 2709 sont,
314 2645 444 2712 utroque
468 2638 662 2699 nihilominus
691 2637 792 2713 peria,
827 2638 901 2714 quia
929 2636 1076 2712 quicquid

100 2717 287 2779 incommodi
318 2728 379 2794 est,
409 2721 440 2778 vi
465 2729 547 2782 tanto
576 2722 700 2782 maioris
727 2722 801 2783 boni
825 2723 943 2796 legitur.
988 2720 1118 2794 Quis-30

102 2803 172 2878 quis
200 2802 278 2863 haec
306 2804 424 2879 inparia
451 2804 578 2877 iudicat,
606 2807 645 2865 ab
675 2805 752 2881 ipsis
779 2805 940 2866 virtutihus
968 2805 1076 2866 avertit

101 2887 210 2947 oculos
232 2893 261 2947 et
281 2889 433 2949 exteriora
453 2888 672 2964 circumspicit:
694 2889 776 2951 bona
797 2906 869 2949 vera
893 2890 975 2949 idem
999 2903 1073 2962 pen·

101 2969 191 3044 dent,
212 2970 293 3030 idem
306 2978 418 3046 patent.
459 2971 511 3032 illa
532 2972 610 3033 laisa
624 2975 750 3033 multum
771 2971 884 3033 habent
904 2972 984 3031 vani.
1018 2970 1074 3031 ita-

101 3068 164 3128 quo
178 3053 324 3128 speciosa
343 3061 373 3115 et
391 3071 503 3129 magna
523 3063 629 3116 contra
649 3058 835 3128 visentibus
859 3072 927 3116 cum
942 3055 981 3113 ad
995 3068 1073 3128 pon-

101 3137 161 3197 dus
175 3145 320 3198 revocata
335 3144 419 3212 sunl,
443 3139 558 3200 fallunt
601 3139 646 3199 lla
660 3148 720 3214 est,
743 3140 785 3198 mi
798 3139 907 3210 Lucili,
927 3136 1110 3212 quicquidoi

99 3236 175 3280 vern
193 3221 272 3283 relic
294 3223 499 3297 commendat,
523 3224 654 3283 solidum
675 3231 704 3284 et
724 3226 954 3292 communest,
975 3219 1074 3281 firmat

100 3304 235 3365 animum
249 3305 429 3382 adtollitque
443 3323 566 3382 semper
581 3307 713 3366 lotorum
727 3308 759 3365 in
774 3305 913 3364 excelso:
930 3303 981 3363 illa
994 3318 1073 3378 quae

99 3394 215 3448 temere
233 3389 397 3451 laudantur
417 3398 448 3451 et
471 3391 554 3466 volgi
573 3391 724 3450 sententia
744 3389 826 3447 bona
850 3393 937 3461 sunl,
966 3384 1073 3447 inflant

99 3470 242 3535 inanibus
256 3472 372 3534 luciosi
392 3490 500 3535 rursus
514 3490 559 3547 ea,
576 3489 655 3549 quae
666 3473 806 3534 limentur
818 3480 971 3594 tamquam
982 3471 1070 3553 mua
