2468 3930
147 231 210 295 310
442 230 475 291 L.
497 229 645 290 ANNAEI
667 228 843 290 SENECAE

149 382 345 446 necessariae
360 389 446 456 suut,
467 389 498 442 et
512 383 650 457 decreta,
673 397 752 458 quae
773 381 931 442 veritatem
945 383 1136 456 argumentis

149 469 304 543 colligunt.
359 467 515 540 Quaedam
544 473 650 542 aperta
678 474 764 540 sunt,
803 465 955 541 quaedam
984 465 1134 528 obscurat

148 560 268 629 aperta,
301 567 381 626 quae
406 566 502 611 sensu
529 549 837 625 conprehendantur,
868 565 948 625 quae
975 552 1133 613 memoria.

148 637 299 709 obscura,
321 650 402 711 qua-e
419 641 505 694 extra
519 634 596 694 haec
612 641 692 696 sunt.
712 634 790 695 ratio
806 639 907 695 autem
924 648 986 693 non
1003 633 1136 710 inpletur

149 719 332 780 manifestim
354 719 451 779 maior
471 719 536 778 eius
554 735 627 795 pars
650 719 870 795 pulchriorque
884 717 916 777 in
931 719 1063 779 occultis
1078 726 1134 781 est

149 805 269 866 occulta
285 803 500 880 probationem
515 803 657 878 exigunt,
679 803 819 879 probatio
834 818 896 863 non
919 802 986 862 sine
1001 801 1133 865 decretis

106 896 211 956 otest:
233 889 411 950 necessaria
429 903 502 963 ergo
518 888 642 947 decreta
657 895 738 948 sunt.
775 885 859 959 Quae
873 901 924 946 res
940 902 1133 949 communem

149 988 275 1033 sensum
295 971 381 1047 lacit,
403 972 512 1032 eadem
530 973 714 1047 perlectum,
740 977 823 1031 certa
835 986 938 1032 rerum
955 971 1132 1046 persuasim

148 1057 215 1117 sine
238 1072 298 1133 qua
319 1057 346 1117 si
368 1057 470 1118 omnia
490 1056 520 1114 in
536 1056 637 1116 animo
653 1062 774 1129 natant,
799 1054 979 1116 necessaria
995 1062 1068 1117 sunt
1081 1056 1132 1117 de

107 1149 247 1215 sacrata,
272 1157 353 1215 quae
374 1142 447 1200 dant
468 1140 576 1200 animis
596 1138 765 1200 inflexibile
792 1137 948 1199 iudicium.
992 1139 1133 1217 Denique

150 1241 218 1286 curn
240 1240 399 1285 monemus
422 1224 569 1298 aliquem,
594 1232 627 1284 ut
647 1224 775 1284 amicum
798 1223 907 1283 eodem
928 1222 1040 1284 habeat
1054 1226 1132 1300 loco,

150 1325 212 1384 quo
227 1325 278 1382 se,
300 1315 334 1369 ut
348 1325 388 1368 ex
402 1307 524 1368 inimico
540 1309 653 1383 cogitet
666 1308 734 1368 lieri
749 1323 845 1382 posse
865 1307 1012 1382 amicum,
1030 1308 1062 1367 in
1081 1308 1131 1369 illo

149 1409 283 1453 amorem
313 1391 433 1465 incitet,
467 1391 498 1451 in
527 1392 587 1452 hoc
614 1392 790 1453 moderetur
818 1392 936 1463 odium,
966 1391 1131 1454 adicimus=

149 1478 318 1553 „iustum
333 1483 393 1535 est
409 1482 446 1535 et
459 1475 694 1537 honestum.“
715 1475 828 1536 iustum
843 1482 943 1535 autem
956 1473 1132 1538 honestum·

150 1576 211 1635 que
226 1561 419 1620 decretorum
439 1566 614 1620 nostrorum
634 1560 767 1620 continet
779 1557 873 1620 ratio:
895 1573 969 1633 ergo
986 1558 1130 1621 haecne

105 1644 285 1707 olcassaria
300 1650 360 1718 est,
383 1643 450 1704 sine
472 1660 533 1718 qua
549 1659 607 1704 nec
621 1644 672 1703 illa
687 1650 767 1705 sunt.
812 1642 876 1702 Sed
890 1648 1054 1719 utrumque
1067 1645 1131 1706 iun-

147 1743 270 1802 gamus:
293 1743 426 1801 namque
440 1733 471 1787 et
484 1728 551 1787 sine
565 1727 669 1787 radice
685 1728 808 1789 inutiles
822 1726 900 1787 rami
914 1734 986 1788 suut
1000 1735 1032 1788 st
1044 1728 1131 1804 ipsae

146 1811 269 1871 radices
283 1809 330 1883 iis,
347 1826 427 1885 quse
441 1827 584 1886 genuere,
599 1810 791 1873 adiuvantur.
832 1811 981 1885 Quantum
997 1811 1131 1874 utilitatis

148 1911 257 1954 manus
275 1894 421 1968 habeant,
451 1893 572 1955 nescire
592 1896 665 1956 nulli
687 1896 766 1956 licet.
802 1903 907 1971 aperte
931 1896 1049 1958 luvaut=
1077 1912 1132 1957 cor

147 1979 236 2052 illud,
260 1995 322 2054 quo
343 1995 452 2040 manus
471 1979 592 2054 vivunt,
613 1996 652 2039 ex
674 1997 735 2055 quo
757 1979 893 2054 inpetum
908 1986 1044 2054 sumunt,
1067 1996 1130 2054 quo

147 2071 316 2136 moventur,
329 2064 415 2124 latet.
427 2063 509 2124 idern
520 2065 622 2124 dicere
633 2064 671 2124 de
684 2064 856 2140 praeceptis
868 2079 1012 2140 pessuma
1023 2071 1131 2139 aperta

148 2154 228 2207 sunt.
259 2148 383 2209 decreta
402 2164 477 2210 vero
497 2148 667 2224 sapientiae
687 2149 716 2208 in
739 2148 853 2209 abdito.
881 2147 962 2209 sicut
976 2147 1130 2209 sanctiora

147 2247 305 2293 sacrorum
320 2239 437 2294 tantum
450 2233 556 2295 initiau'
574 2232 688 2307 sciunt,
704 2232 746 2294 ita
759 2233 789 2292 in
804 2231 1003 2308 philosophia
1017 2247 1130 2292 arcana

147 2315 198 2376 illa
218 2317 363 2378 admissis
386 2318 583 2394 receptisque
602 2318 633 2377 in
653 2333 743 2378 sacra
757 2317 974 2378 ostenduntur:
995 2324 1027 2377 at
1040 2332 1129 2393 prae-

105 2408 236 2476 occepta
251 2410 282 2462 et
295 2402 354 2461 alia
369 2401 519 2463 eiusmodi
534 2401 672 2477 prolenis
688 2416 813 2479 quoque
826 2409 898 2462 nota
912 2406 994 2462 sunt.
1025 2399 1128 2461 Posi·

148 2484 288 2546 donius
312 2502 387 2546 non
413 2493 560 2546 tantum
585 2485 920 2562 praeceptionem,
948 2483 1023 2545 nihil
1048 2483 1128 2545 enim

147 2585 205 2629 nos
221 2568 281 2629 hoc
295 2570 391 2630 verbo
411 2571 455 2632 uti
478 2569 632 2646 prohibet,
658 2571 716 2630 sed
737 2571 828 2631 etiam
850 2571 1079 2630 suasionem
1099 2573 1129 2627 et

147 2653 461 2712 consolationem
481 2661 513 2713 et
528 2653 840 2715 exhortationem
862 2653 1128 2715 necessariam

145 2734 304 2795 iudicat.
328 2736 376 2796 his
391 2736 484 2796 adicit
499 2752 701 2799 causarum
716 2737 1032 2814 inquisitionem,
1049 2744 1126 2815 ety-

145 2835 174 2877 m
184 2817 367 2894 0logiam,
384 2837 475 2894 quam
493 2837 589 2897 quare
603 2822 707 2882 dicere
720 2839 779 2883 nos
790 2839 850 2883 non
863 2823 1041 2895 audeamus,
1059 2835 1127 2881 cum

145 2901 348 2977 grammatici,
364 2906 510 2967 custodes
523 2904 622 2967 Latini
636 2906 797 2983 sermonis,
814 2923 871 2969 suo
886 2907 952 2966 iure
965 2905 1008 2966 ito
1022 2904 1127 2980 adpet-

145 2988 223 3060 lent‚
244 3002 307 3047 non
323 2986 423 3050 video.
452 2991 493 3050 ait
505 2991 608 3052 utilem
629 2991 760 3052 loturam
778 2998 808 3052 et
822 2990 1062 3067 descriptionem
1076 3003 1127 3050 cu·

144 3072 255 3147 iusque
281 3073 415 3135 virtutis=
443 3075 522 3136 hana
544 3074 730 3137 Posidonius
759 3075 999 3150 ethologiam
1026 3080 1126 3140 vocat,

146 3156 270 3231 quidam
298 3155 631 3222 characterismon
659 3161 830 3236 adpellant,
861 3157 950 3234 signa
975 3157 1128 3232 cuiusque

144 3242 263 3302 virtutis
279 3257 316 3301 uc
331 3241 393 3304 vitii
408 3250 438 3304 et
451 3251 540 3306 nous
551 3243 740 3319 reddentem,
755 3242 867 3320 quibus
880 3245 959 3305 inter
971 3241 1128 3304 sesimilia

102 3330 136 3384 66
144 3325 397 3388 discriminentur.
432 3329 517 3390 Haec
529 3345 581 3390 res
596 3329 735 3390 eamdem
750 3330 810 3389 vim
824 3328 916 3390 hahet
931 3343 1023 3406 quam
1038 3340 1127 3403 prae·

145 3406 259 3483 cipere.
287 3427 358 3471 nam
379 3411 431 3486 qui
451 3413 614 3489 praecipit,
640 3411 728 3473 dicit:
756 3414 828 3488 „illa
848 3413 960 3487 iacies,
990 3413 1018 3473 si
1038 3410 1127 3472 voles

144 3500 319 3568 temperans
335 3500 437 3556 esse.“
465 3496 518 3572 qui
534 3495 692 3561 describit.
709 3495 763 3557 ato
785 3504 983 3574 „temperans
998 3501 1056 3570 est,
1074 3492 1128 3570 qui
