2468 3930
193 259 256 322 436
499 263 529 318 L.
544 260 682 320 ANNAEI
696 258 860 318 SENECAE

147 426 182 482 94
192 419 345 491 patiamur,
361 415 523 470 inanimum
535 413 653 469 subinde
668 418 793 468 nostrum
804 416 993 469 revertantur=
1018 411 1111 468 lutura
1123 429 1173 470 no—

194 502 237 556 bis
256 497 307 575 [in]
326 503 437 571 promtu
450 498 506 553 iam
521 503 551 551 ut
566 497 716 568 praeterita
727 502 902 568 repetamus=

440 583 481 637 ric
489 582 534 636 illc
547 595 661 648 manus,
678 583 719 636 sic
729 597 780 636 ora
789 579 911 653 ferebat:

193 667 287 738 imago
306 665 453 738 effingatur
466 665 558 720 animo
572 664 699 720 notabilis
712 670 739 719 et
751 681 766 719 e
778 665 844 721 vivo
855 664 956 735 petita,
973 679 1031 721 non
1051 665 1174 722 evanida

194 755 221 806 et
232 755 317 806 muta.

441 834 482 888 sic
495 832 540 888 ille
549 846 661 898 mnus,
677 833 718 888 sic
735 847 787 887 ora
802 830 926 903 ferebat:

193 918 347 976 adiciamus
359 917 405 972 illa
418 933 490 988 quae
502 916 592 987 magis
604 915 711 971 adrem
723 914 876 986 pertinent:
887 915 928 973 sic
939 915 1115 987 loquebatur,
1128 916 1171 970 sic

191 992 266 1081 horu
274 1001 398 1071 labatur,
411 1002 452 1056 sic
464 1000 636 1069 deterrebat,
652 999 693 1054 sic
709 1003 768 1054 erat
779 999 808 1053 in
819 998 913 1054 dando
925 999 1039 1055 consilio
1052 997 1169 1070 expedi-

192 1092 251 1153 tus,
268 1085 297 1139 in
308 1084 473 1156 accipiendo
485 1088 615 1155 paratus,
626 1083 655 1137 in
666 1084 799 1139 mutando
812 1099 868 1138 non
879 1084 1021 1155 pertinax:
1038 1083 1078 1139 sic
1095 1084 1169 1138 sole-

191 1173 239 1228 bat
250 1167 390 1224 beneficia
403 1168 553 1224 liberaliter
564 1166 642 1237 dare,
653 1166 790 1239 patienter
801 1166 938 1239 perdere,
950 1168 991 1225 sic
1001 1168 1173 1241 properabat

191 1252 348 1325 benignitas
361 1251 435 1322 eius,
454 1252 495 1307 sic
506 1252 694 1322 irascebatur,
715 1268 749 1306 eo
760 1253 838 1308 vultu
850 1252 886 1307 ab
897 1251 987 1306 amieo
998 1251 1172 1322 viucebatur,

193 1354 247 1409 quo
259 1338 351 1392 solent
361 1335 491 1392 vincere:
511 1340 619 1390 ceteras
630 1335 747 1393 virtutes
760 1350 955 1409 pererremus,
967 1336 997 1391 in
1007 1334 1108 1392 harum
1118 1352 1173 1391 usu

146 1416 363 1490 correctamque
385 1435 546 1476 versemurr
570 1425 597 1474 et
617 1421 641 1474 si
661 1420 757 1491 plures
780 1420 880 1475 eodem
893 1410 1039 1498 tempossre
1061 1423 1171 1490 absunt,

191 1506 269 1564 velut
283 1519 383 1575 sparsa
399 1504 525 1575 pluribus
537 1503 606 1560 locis
624 1504 751 1560 membra
761 1503 952 1560 familiaritatis
968 1509 1082 1561 nostrae
1094 1505 1171 1561 colli-

191 1605 308 1661 gamus=
330 1603 404 1642 nunc
418 1588 481 1659 hic,
499 1604 573 1642 nunc
585 1587 630 1642 ille
643 1589 671 1643 in
686 1603 735 1644 ore
747 1588 897 1659 animoque
907 1587 957 1658 sit,
976 1588 1024 1643 ubi
1038 1627 1045 1642 .
1057 1631 1065 1645 .
1077 1607 1093 1645 e
1105 1628 1113 1642 .
1126 1589 1169 1643 ius

190 1711 199 1728 .
213 1712 221 1727 .
234 1672 258 1728 si
267 1711 274 1726 .
283 1669 365 1727 .hui.
380 1687 482 1743 nempe
495 1688 560 1727 nese
571 1673 647 1727 nulla
659 1676 763 1728 tanturn
773 1672 862 1745 possit
876 1675 1012 1742 vetustas,
1021 1678 1050 1728 ut
1064 1689 1169 1728 memo·

191 1757 262 1813 riam
273 1746 581 1834 amiJcitiaeperdamus
599 1748 605 1836 Ι
624 1755 664 1810 sic
676 1771 733 1810 nun
749 1793 904 1810 ........
924 1748 931 1834 Ι
949 1756 1006 1810 lum
1025 1762 1067 1812 est
1078 1795 1169 1812 .....

190 1840 244 1897 liae
257 1857 308 1898 es.
337 1841 342 1917 Ι
363 1855 394 1892 se
406 1839 517 1894 interdu
530 1879 537 1892 .
549 1877 556 1892 .
570 1856 605 1893 cu
615 1840 663 1894 lati
682 1839 687 1912 Ι
706 1840 777 1895 solet
793 1840 894 1894 iniram
904 1845 1041 1912 estquam
1059 1832 1065 1918 Ι
1083 1839 1170 1898 valde

190 1926 267 1981 illum
277 1939 370 1980 amem
388 1921 394 1995 Ι
414 1923 584 1978 conscientia
597 1939 630 1978 ea
643 1939 696 1978 eon
709 1915 715 2002 Ι
729 1962 822 1977 .....

142 1996 176 2052 9⁶
250 2009 351 2064 111.-
363 2003 468 2081 [notitia
479 2007 566 2064 animi
576 2020 636 2063 ease
647 2000 762 2080 cerJtior
774 2007 872 2079 debet,
889 2007 955 2080 quia
971 2006 1063 2066 vultus
1074 2005 1169 2062 ineer-

187 2099 230 2148 tus
246 2099 297 2154 est.
326 2090 446 2162 Magnos
457 2093 608 2148 humanum
624 2096 723 2164 pectus
741 2107 871 2147 recessus
887 2090 986 2149 habet:
1008 2089 1168 2164 quodvulteo

188 2191 242 2247 quo
253 2178 346 2249 placet
356 2174 461 2245 virtus,
474 2193 507 2232 eo
519 2178 594 2232 fraus
607 2176 801 2247 adumbratur,
813 2181 841 2232 et
850 2174 1064 2248 cogitationibus
1075 2175 1165 2248 pessi·

186 2261 239 2316 mis
252 2262 339 2316 iacies
353 2260 557 2332 benignissima
567 2259 727 2315 obducitur:
744 2276 798 2316 nec
810 2260 891 2316 facile
906 2259 959 2314 nisi
969 2259 1076 2333 peritus
1088 2260 1168 2316 intel-

186 2345 281 2417 legas,
293 2343 361 2416 quid
372 2343 562 2416 intersitinter
574 2343 696 2399 animum
709 2344 790 2400 amici
802 2349 829 2400 et
840 2345 972 2402 colorem.

140 2415 174 2471 97
191 2496 196 2506 Ι
248 2429 308 2484 Hoc
320 2427 373 2483 sibi
385 2428 504 2500 quisque
514 2432 670 2500 proponat,
690 2443 745 2498 quo
765 2428 856 2484 minus
868 2428 949 2484 facile
961 2427 1059 2483 fucatis
1072 2428 1167 2499 capia-

186 2518 230 2568 tur
244 2511 358 2568 officiis:
374 2504 389 2591 ΙΙ
402 2527 467 2566 rara
479 2528 525 2566 res
538 2518 581 2568 est
593 2511 728 2581 amicitia,
741 2507 819 2586 [non]
830 2511 956 2584 vulgaris
970 2516 1018 2568 aut
1029 2511 1167 2585 exposita,

186 2601 214 2650 ut
229 2597 336 2667 inplere
348 2600 418 2650 totas
438 2595 537 2651 domus
553 2595 657 2667 possit,
673 2596 724 2666 [at]
743 2596 829 2667 vulgo
846 2596 898 2653 sibi
908 2595 1037 2655 homines
1047 2611 1166 2671 persua·

186 2695 259 2736 sere.
295 2679 342 2734 An
356 2694 455 2733 aurum
467 2679 571 2751 ingenti
584 2695 671 2750 opera
693 2680 806 2751 [reJtegi
818 2680 947 2751 creditis,
965 2679 1044 2736 cuius
1062 2679 1166 2751 uquue

186 2761 304 2832 quaesiti
322 2761 371 2816 vix
393 2762 444 2815 sub
466 2763 559 2834 aliquo
579 2768 672 2818 monte
691 2779 767 2819 vena
783 2762 1018 2838 deprehenditur;
1046 2764 1166 2820 amicum

185 2851 278 2900 autem
288 2843 391 2916 ubique
402 2845 521 2900 inveniri
533 2847 594 2902 sine
605 2848 661 2902 ullo
675 2846 781 2917 labore,
793 2847 854 2904 sine
865 2849 921 2903 ulla
927 2847 1167 2920 investigatione?

185 2929 251 3000 quid
264 2929 359 2984 enimi
378 2934 435 2984 tam
447 2929 566 3002 simplex
576 2935 758 3003 apertumque
771 2935 833 2987 esti
847 2931 922 3003 atqui
934 2946 991 2986 non
1003 2937 1058 2988 tam
1070 2933 1099 2988 in
1110 2934 1164 2988 alto

184 3015 249 3068 latet
260 3029 360 3069 aurum
373 3018 577 3086 argentumque
590 3043 633 3055 —-
643 3042 687 3054 -
695 3043 739 3055 -

136 3253 171 3309 98
243 3263 347 3336 Incipit
370 3265 488 3321 cluam
507 3266 511 3338 Ι
529 3264 640 3322 dinoci
654 3264 775 3323 &occec
792 3258 799 3346 Ι
817 3266 852 3323 dc
872 3268 926 3324 vito
941 3265 1035 3340 patris
1053 3258 1058 3347 Ι
1075 3266 1164 3340 felici·

181 3353 237 3404 ter:
255 3349 390 3404 scribcmc
408 3341 414 3427 Ι
432 3364 476 3405 nce
486 3388 575 3405 .....
593 3350 636 3406 dic
654 3357 680 3406 et
696 3346 777 3425 lo[co]
796 3346 908 3426 s[upra]
923 3348 1060 3427 deriput

244 3429 277 3488 Si
284 3447 472 3504 quaecunque
482 3435 638 3506 composuit
650 3440 730 3507 pater
741 3451 821 3490 meus
833 3441 861 3492 ct
873 3435 921 3492 edi
937 3436 1040 3506 voluit,
1058 3437 1116 3492 iam
1136 3437 1166 3492 in

174 3531 278 3573 manus
292 3516 392 3592 populi
415 3516 589 3588 emisissem,
606 3518 644 3574 ad
660 3519 813 3576 claritatem
829 3519 950 3576 nominis
965 3519 1009 3576 sui
1026 3521 1094 3576 satis
1111 3520 1166 3578 sibi
