2468 3930
91 546 107 575 0

182 227 246 293 432
492 233 522 288 L.
538 232 677 294 ΑΝΝΑΕΙ
694 231 857 290 SENECAE

184 387 312 443 dereturs
335 385 504 455 „iecissem
527 387 615 458 inquit
635 388 694 453 ills,
716 386 770 442 nisi
791 392 936 459 putassem
953 388 1083 444 omnibus
1098 389 1168 445 viris

139 475 172 535 71
185 471 226 527 sie
240 489 272 526 os
287 471 395 526 olere.“
423 470 577 527 Laudanda
597 473 626 526 in
646 477 764 543 utroque
778 470 883 543 pudica
897 476 925 527 et
939 471 1039 528 nobilis
1054 473 1167 540 semina,

185 561 212 611 et
227 555 251 610 si
264 554 404 626 ignoravit
417 554 515 610 vitium
529 556 583 613 viri
598 561 626 611 et
642 556 666 610 si
682 555 820 627 patienter
833 556 906 625 tulit,
922 561 950 611 et
961 555 1037 628 quod
1050 557 1167 612 maritus

184 638 372 694 infelicitatem
391 639 519 710 corporis
542 640 585 695 sui
609 655 666 694 non
686 639 782 694 uxoris
802 639 915 695 fastidio
934 639 988 696 sed
1017 640 1167 697 maledicto

184 722 272 779 sensit
287 721 399 777 inimici.
436 720 517 779 Certe
532 738 605 794 quae
623 722 777 779 secundum
793 722 870 778 ducit
882 724 1026 794 maritum,
1040 723 1096 781 hoc
1110 741 1167 781 non

184 810 278 879 potest
293 804 398 861 dicere.

139 897 173 954 77
247 889 367 957 Marcia,
384 888 495 946 Catonis
510 889 567 945 filia
581 892 687 960 minor,
702 906 789 962 quum
806 895 991 961 quaereretur
1001 893 1036 948 ab
1052 907 1100 961 ea,
1115 907 1164 946 cur

182 979 248 1047 post
262 974 397 1029 amissum
411 974 541 1029 maritum
559 974 653 1031 denuo
672 991 731 1030 non
744 975 877 1044 nuberet,
900 976 1048 1048 respondit
1061 991 1118 1030 non
1133 991 1163 1031 se

182 1058 310 1117 invenire
321 1058 426 1124 virum,
445 1059 491 1129 qui
504 1075 536 1114 se
546 1061 638 1131 magis
648 1059 735 1116 vellet
746 1073 829 1130 quam
841 1074 902 1114 sua.
918 1074 974 1130 quo
986 1059 1060 1116 dicto
1072 1065 1163 1115 oslen-

183 1143 224 1199 dit
238 1140 350 1198 divitias
365 1143 455 1214 magis
475 1143 504 1197 in
524 1143 657 1199 uxoribus
673 1143 738 1215 eligi
753 1144 846 1199 solere
861 1158 946 1213 quam
960 1143 1125 1215 pudicitiam
1139 1148 1165 1198 et

182 1227 283 1282 multos
299 1224 356 1280 non
371 1226 459 1282 oculis
474 1225 526 1282 sed
542 1225 635 1299 digitis
650 1242 753 1282 uxores
768 1226 889 1282 ducere:
904 1227 1009 1300 optima
1024 1243 1094 1284 sane
1109 1244 1165 1296 res,

137 1317 172 1374 73
184 1326 266 1383 quam
287 1310 404 1367 avaritia
426 1310 564 1366 conciliat.
605 1310 713 1367 Eadem
735 1326 820 1382 quum
834 1311 944 1383 lugeret
957 1312 1051 1369 virum
1065 1316 1092 1367 et
1105 1326 1165 1366 ura·

183 1400 281 1450 tronae
303 1396 338 1450 ab
354 1410 388 1450 ea
403 1401 585 1464 quaererent,
608 1410 691 1466 quem
707 1394 782 1450 diem
795 1394 913 1452 haberet
927 1394 1017 1451 luctus
1032 1395 1163 1460 ultimum,

184 1479 237 1535 ait:
254 1494 364 1549 „quem
380 1483 407 1533 et
417 1478 522 1534 vitae.“
545 1479 688 1549 Arbitror,
704 1494 778 1550 quae
789 1479 827 1534 ita
841 1479 933 1536 virum
948 1481 1103 1551 quaerebat
1116 1480 1164 1534 ab·

185 1567 308 1631 sentem,
323 1561 360 1617 de
371 1562 497 1618 secundo
513 1562 688 1618 matrimonio
704 1578 761 1618 non
776 1564 925 1635 cogitabat

138 1655 172 1715 74
246 1645 348 1701 Brutus
360 1647 487 1702 Porciam
498 1647 638 1719 virginem
651 1646 730 1703 duxit
740 1663 868 1716 uxorem,
880 1645 1015 1704 Marciam
1029 1645 1097 1703 Cato
1109 1663 1165 1702 non

183 1730 331 1802 virginem.
353 1730 405 1787 sed
424 1730 529 1787 Marcia
545 1731 616 1787 inter
635 1730 814 1786 Hortensium
830 1729 1021 1804 Catonemque
1036 1731 1165 1787 discurrit

185 1821 212 1871 et
231 1814 293 1870 sine
313 1812 418 1870 Catone
433 1814 533 1872 vivere
546 1811 653 1870 Marcia
673 1814 776 1887 potuit,
798 1815 898 1871 Porcia
919 1816 980 1871 sine
1001 1815 1087 1872 Bruto
1108 1831 1164 1870 non

183 1899 281 1972 potuit.
297 1898 388 1970 magis
404 1898 477 1953 enim
493 1915 525 1954 se
541 1899 630 1955 unicis
644 1898 714 1956 viris
731 1899 872 1972 applicant
888 1900 1025 1970 feminae,
1047 1905 1075 1956 et
1096 1898 1165 1955 nihil

140 1994 173 2050 75
185 1983 260 2039 aliud
275 1998 360 2038 nossa
374 1998 507 2054 magnum
522 1983 649 2039 arctioris
663 1983 853 2055 indulgentiae
868 1984 1011 2041 vinculum
1025 1987 1076 2038 est.
1096 1982 1164 2047 An·

184 2068 260 2124 niam
282 2083 345 2122 cum
363 2067 537 2140 propinquus
552 2073 695 2137 moneret,
715 2073 745 2122 ut
765 2067 844 2124 alteri
864 2068 926 2125 viro
946 2069 1078 2123 nubereta
1100 2083 1164 2123 esse

185 2152 259 2208 enim
273 2151 299 2207 ei
321 2156 349 2207 et
368 2155 488 2207 aetatem
503 2151 640 2224 integram
654 2156 683 2206 st
696 2151 797 2208 taciem
816 2152 935 2208 bonama
957 2165 1165 2222 „nequaquam

184 2236 286 2308 inquit,
308 2234 363 2291 hoc
382 2236 493 2292 laciam.
515 2237 540 2291 si
560 2236 635 2291 enim
654 2236 746 2294 virum
759 2237 865 2293 bonurn
883 2237 1036 2306 invenero,
1051 2236 1117 2290 nolo
1132 2236 1165 2290 ti-

184 2336 276 2390 mere,
296 2320 476 2392 neperdam=
502 2320 526 2375 si
547 2321 666 2390 malum,
688 2320 756 2391 quid
778 2335 897 2376 necesse
920 2325 964 2377 est
982 2325 1048 2393 post
1059 2320 1164 2376 bonum

137 2415 171 2474 76
182 2404 337 2478 pessimum
357 2405 544 2459 sustineret“
564 2404 663 2460 Porcia
691 2405 782 2460 minor
801 2419 887 2476 quum
906 2405 1068 2461 laudaretur
1088 2402 1164 2476 apud

184 2505 246 2545 eam
264 2486 404 2559 quaedam
418 2490 491 2544 bene
506 2493 627 2559 morata,
639 2504 712 2561 quae
726 2487 882 2545 secundum
895 2487 1018 2545 habebat
1027 2488 1164 2555 maritum,

183 2571 343 2645 respondit=
369 2612 387 2640 „
395 2571 461 2627 felix
482 2577 509 2627 et
529 2572 633 2644 pudica
656 2578 783 2628 matrona
802 2585 954 2645 numquam
967 2577 1164 2644 praeterquam

184 2657 274 2712 semel
288 2655 392 2712 nubil.“
413 2655 545 2712 Marcella
559 2657 648 2712 maior
662 2662 760 2729 rogata
775 2663 890 2712 amatre
905 2673 971 2727 sua,
991 2655 1164 2728 gauderetne

88 2743 94 2752 ‘
138 2751 172 2810 77
184 2756 216 2796 se
228 2737 369 2810 nupsisse,
381 2739 542 2812 respondit:
557 2740 613 2811 „ita
623 2740 718 2807 valde,
732 2746 762 2796 ut
776 2741 895 2813 amplius
905 2740 1021 2796 nolim.“
1041 2739 1164 2807 Valeria,

184 2822 379 2877 Messallarum
399 2839 495 2893 soror,
516 2824 618 2879 amisso
641 2822 742 2882 Servio
759 2825 821 2882 viro
837 2825 909 2893 nulli
918 2825 1032 2881 volebat
1047 2824 1163 2880 nubere.

185 2921 257 2978 quae
273 2906 443 2980 interrogata
454 2923 504 2963 cur
515 2910 636 2978 laceret,
650 2909 689 2963 ait
704 2908 756 2964 sibi
770 2925 884 2981 semper
894 2908 1022 2964 maritum
1033 2905 1163 2964 Servium

184 3008 294 3049 mucre.

138 3083 174 3141 78
248 3074 320 3133 Ibld.
335 3081 446 3150 p.192.
468 3077 626 3133 Doctissimi
641 3076 696 3135 viri
707 3092 765 3134 vox
781 3082 839 3147 est,
860 3074 1023 3148 pudicitiam
1039 3072 1164 3145 inprimis

186 3178 251 3218 esse
265 3161 454 3226 retinendam,
471 3176 527 3231 qua
540 3161 645 3217 amissa
660 3160 751 3217 omnis
764 3160 854 3218 virtus
873 3159 941 3215 ruit=
955 3159 983 3215 in
996 3158 1051 3214 hac
1066 3157 1163 3213 mulie-

185 3245 276 3301 brium
295 3246 425 3302 virtutum
444 3245 616 3318 principatus
635 3250 686 3302 est
706 3245 778 3302 haec
798 3260 953 3318 pauperem
977 3241 1164 3310 commendat,

186 3328 301 3387 divitem
325 3330 443 3399 extollit,
464 3329 619 3386 deformem
630 3329 756 3398 redimit,
778 3333 895 3385 exornat
912 3325 1069 3400 pulchram.
1091 3326 1164 3382 bene

185 3419 308 3469 meretur
324 3412 360 3469 de
371 3413 539 3484 maioribus,
563 3430 682 3486 quorum
696 3413 862 3487 sanguinem
878 3412 979 3468 furtiva
994 3411 1093 3467 sobole
1108 3424 1170 3466 non·

185 3496 278 3570 vitiat,
299 3499 373 3554 bene
388 3497 424 3554 de
440 3497 549 3569 liberis,
570 3498 670 3572 quibus
695 3514 748 3554 nec
770 3497 807 3553 dc
830 3502 918 3554 matre
939 3494 1166 3562 erubescendum
