<?xml version="1.0" encoding="UTF-8"?>
<!DOCTYPE html PUBLIC "-//W3C//DTD XHTML 1.0 Transitional//EN"
    "http://www.w3.org/TR/xhtml1/DTD/xhtml1-transitional.dtd">
<html xmlns="http://www.w3.org/1999/xhtml" xml:lang="en" lang="en">
 <head>
  <title>
</title>
<meta http-equiv="Content-Type" content="text/html;charset=utf-8" />
  <meta name='ocr-system' content='tesseract 3.04.00' />
  <meta name='ocr-capabilities' content='ocr_page ocr_carea ocr_par ocr_line ocrx_word'/>
</head>
<body>
  <div class='ocr_page' id='page_1' title='image "./lannaeisenecaeo00haasgoog_0369.png"; bbox 0 0 2468 3930; ppageno 0'>
   <div class='ocr_carea' id='block_1_1' title="bbox 153 247 848 318">
    <p class='ocr_par' dir='ltr' id='par_1_1' title="bbox 153 247 848 318">
     <span class='ocr_line' id='line_1_1' title="bbox 153 247 848 318; baseline -0.017 1"><span class='ocrx_word' id='word_1_1' title='bbox 153 253 217 318; x_wconf 72' lang='lat'><strong>3³6</strong></span> <span class='ocrx_word' id='word_1_2' title='bbox 447 251 480 310; x_wconf 89' lang='lat' dir='ltr'><strong>L.</strong></span> <span class='ocrx_word' id='word_1_3' title='bbox 503 249 650 311; x_wconf 82' lang='lat' dir='ltr'>ANNAEI</span> <span class='ocrx_word' id='word_1_4' title='bbox 673 247 848 310; x_wconf 81' lang='lat' dir='ltr'>SENECAE</span> 
     </span>
    </p>
   </div>
   <div class='ocr_carea' id='block_1_2' title="bbox 152 399 1134 568">
    <p class='ocr_par' dir='ltr' id='par_1_2' title="bbox 152 399 1134 568">
     <span class='ocr_line' id='line_1_2' title="bbox 154 399 1134 486; baseline -0.007 -16"><span class='ocrx_word' id='word_1_5' title='bbox 154 403 245 486; x_wconf 86' lang='lat' dir='ltr'><strong>quem</strong></span> <span class='ocrx_word' id='word_1_6' title='bbox 267 405 405 465; x_wconf 91' lang='lat' dir='ltr'><strong>videmur</strong></span> <span class='ocrx_word' id='word_1_7' title='bbox 428 403 521 464; x_wconf 90' lang='lat' dir='ltr'><strong>emitti</strong></span> <span class='ocrx_word' id='word_1_8' title='bbox 542 402 602 462; x_wconf 87' lang='lat' dir='ltr'><strong>iam</strong></span> <span class='ocrx_word' id='word_1_9' title='bbox 621 400 725 461; x_wconf 91' lang='lat' dir='ltr'><strong>idonei</strong></span> <span class='ocrx_word' id='word_1_10' title='bbox 746 400 884 476; x_wconf 91' lang='lat' dir='ltr'><strong>spiritum</strong></span> <span class='ocrx_word' id='word_1_11' title='bbox 905 399 1028 459; x_wconf 82' lang='lat' dir='ltr'><strong>trahere</strong></span> <span class='ocrx_word' id='word_1_12' title='bbox 1053 401 1134 463; x_wconf 90' lang='lat' dir='ltr'><strong>etin</strong></span> 
     </span>
     <span class='ocr_line' id='line_1_3' title="bbox 152 483 1134 568; baseline -0.007 -16"><span class='ocrx_word' id='word_1_13' title='bbox 152 497 258 568; x_wconf 87' lang='lat' dir='ltr'><strong>aperto</strong></span> <span class='ocrx_word' id='word_1_14' title='bbox 274 489 397 548; x_wconf 82' lang='lat' dir='ltr'><strong>durare:</strong></span> <span class='ocrx_word' id='word_1_15' title='bbox 420 487 466 547; x_wconf 94' lang='lat' dir='ltr'><strong>sic</strong></span> <span class='ocrx_word' id='word_1_16' title='bbox 481 502 537 562; x_wconf 93' lang='lat' dir='ltr'><strong>per</strong></span> <span class='ocrx_word' id='word_1_17' title='bbox 550 485 610 546; x_wconf 92' lang='lat' dir='ltr'><strong>hoc</strong></span> <span class='ocrx_word' id='word_1_18' title='bbox 625 486 770 560; x_wconf 90' lang='lat' dir='ltr'><strong>spatium,</strong></span> <span class='ocrx_word' id='word_1_19' title='bbox 788 484 872 560; x_wconf 91' lang='lat' dir='ltr'><strong>quod</strong></span> <span class='ocrx_word' id='word_1_20' title='bbox 887 484 924 543; x_wconf 88' lang='lat' dir='ltr'><strong>ab</strong></span> <span class='ocrx_word' id='word_1_21' title='bbox 940 483 1068 545; x_wconf 79' lang='lat' dir='ltr'><strong>infantia</strong></span> <span class='ocrx_word' id='word_1_22' title='bbox 1081 502 1134 561; x_wconf 86' lang='lat' dir='ltr'><strong>pa-</strong></span> 
     </span>
    </p>
   </div>
   <div class='ocr_carea' id='block_1_3' title="bbox 103 569 1135 3588">
    <p class='ocr_par' dir='ltr' id='par_1_3' title="bbox 103 569 1135 3588">
     <span class='ocr_line' id='line_1_4' title="bbox 150 569 1135 646; baseline -0.006 -10"><span class='ocrx_word' id='word_1_23' title='bbox 150 583 193 636; x_wconf 92' lang='lat' dir='ltr'><strong>tet</strong></span> <span class='ocrx_word' id='word_1_24' title='bbox 213 574 244 633; x_wconf 90' lang='lat' dir='ltr'><strong>in</strong></span> <span class='ocrx_word' id='word_1_25' title='bbox 265 579 468 646; x_wconf 88' lang='lat' dir='ltr'><strong>senectutem,</strong></span> <span class='ocrx_word' id='word_1_26' title='bbox 491 571 522 630; x_wconf 91' lang='lat' dir='ltr'><strong>in</strong></span> <span class='ocrx_word' id='word_1_27' title='bbox 544 570 635 629; x_wconf 91' lang='lat' dir='ltr'><strong>alium</strong></span> <span class='ocrx_word' id='word_1_28' title='bbox 655 571 887 629; x_wconf 73' lang='lat' dir='ltr'><strong>maturescimus</strong></span> <span class='ocrx_word' id='word_1_29' title='bbox 911 575 1042 643; x_wconf 89' lang='lat' dir='ltr'><strong>partum.</strong></span> <span class='ocrx_word' id='word_1_30' title='bbox 1076 569 1135 630; x_wconf 87' lang='lat' dir='ltr'><strong>alia</strong></span> 
     </span>
     <span class='ocr_line' id='line_1_5' title="bbox 108 652 1134 732; baseline -0.002 -15"><span class='ocrx_word' id='word_1_31' title='bbox 108 653 236 732; x_wconf 73' lang='lat' dir='ltr'><strong>atorigo</strong></span> <span class='ocrx_word' id='word_1_32' title='bbox 254 672 311 717; x_wconf 89' lang='lat' dir='ltr'><strong>uos</strong></span> <span class='ocrx_word' id='word_1_33' title='bbox 327 661 502 730; x_wconf 76' lang='lat' dir='ltr'>exspectat,</span> <span class='ocrx_word' id='word_1_34' title='bbox 519 655 596 714; x_wconf 93' lang='lat' dir='ltr'><strong>alius</strong></span> <span class='ocrx_word' id='word_1_35' title='bbox 610 669 712 714; x_wconf 88' lang='lat' dir='ltr'><strong>rerum</strong></span> <span class='ocrx_word' id='word_1_36' title='bbox 726 660 833 714; x_wconf 88' lang='lat' dir='ltr'><strong>status.</strong></span> <span class='ocrx_word' id='word_1_37' title='bbox 855 652 998 712; x_wconf 90' lang='lat' dir='ltr'><strong>Nondum</strong></span> <span class='ocrx_word' id='word_1_38' title='bbox 1014 655 1134 715; x_wconf 87' lang='lat' dir='ltr'><strong>coelum</strong></span> 
     </span>
     <span class='ocr_line' id='line_1_6' title="bbox 151 736 1134 814; baseline -0.004 -12"><span class='ocrx_word' id='word_1_39' title='bbox 151 741 210 802; x_wconf 91' lang='lat' dir='ltr'><strong>nisi</strong></span> <span class='ocrx_word' id='word_1_40' title='bbox 227 757 267 800; x_wconf 90' lang='lat' dir='ltr'><strong>ex</strong></span> <span class='ocrx_word' id='word_1_41' title='bbox 281 739 440 799; x_wconf 89' lang='lat' dir='ltr'><strong>intervallo</strong></span> <span class='ocrx_word' id='word_1_42' title='bbox 458 739 518 814; x_wconf 88' lang='lat' dir='ltr'><strong>pati</strong></span> <span class='ocrx_word' id='word_1_43' title='bbox 533 754 716 814; x_wconf 83' lang='lat' dir='ltr'><strong>possumus:</strong></span> <span class='ocrx_word' id='word_1_44' title='bbox 744 736 874 811; x_wconf 84' lang='lat' dir='ltr'>proinde</span> <span class='ocrx_word' id='word_1_45' title='bbox 888 737 1061 813; x_wconf 88' lang='lat' dir='ltr'><strong>intrepidus</strong></span> <span class='ocrx_word' id='word_1_46' title='bbox 1079 738 1134 799; x_wconf 89' lang='lat' dir='ltr'><strong>ho·</strong></span> 
     </span>
     <span class='ocr_line' id='line_1_7' title="bbox 149 820 1132 897; baseline -0.005 -10"><span class='ocrx_word' id='word_1_47' title='bbox 149 821 310 886; x_wconf 84' lang='lat' dir='ltr'><strong>ramittam</strong></span> <span class='ocrx_word' id='word_1_48' title='bbox 330 822 531 883; x_wconf 80' lang='lat' dir='ltr'><strong>decretoriam</strong></span> <span class='ocrx_word' id='word_1_49' title='bbox 547 822 706 897; x_wconf 80' lang='lat' dir='ltr'><strong>prospice:</strong></span> <span class='ocrx_word' id='word_1_50' title='bbox 722 837 784 880; x_wconf 93' lang='lat' dir='ltr'><strong>non</strong></span> <span class='ocrx_word' id='word_1_51' title='bbox 799 827 847 881; x_wconf 94' lang='lat' dir='ltr'><strong>est</strong></span> <span class='ocrx_word' id='word_1_52' title='bbox 861 820 963 881; x_wconf 90' lang='lat' dir='ltr'><strong>animo</strong></span> <span class='ocrx_word' id='word_1_53' title='bbox 979 836 1132 897; x_wconf 87' lang='lat' dir='ltr'><strong>suprema,</strong></span> 
     </span>
     <span class='ocr_line' id='line_1_8' title="bbox 150 905 1133 983; baseline -0.004 -13"><span class='ocrx_word' id='word_1_54' title='bbox 150 910 208 971; x_wconf 89' lang='lat' dir='ltr'><strong>sed</strong></span> <span class='ocrx_word' id='word_1_55' title='bbox 233 907 366 983; x_wconf 91' lang='lat' dir='ltr'><strong>corpori.</strong></span> <span class='ocrx_word' id='word_1_56' title='bbox 399 905 551 982; x_wconf 81' lang='lat' dir='ltr'><strong>Quicquid</strong></span> <span class='ocrx_word' id='word_1_57' title='bbox 576 906 657 966; x_wconf 89' lang='lat' dir='ltr'><strong>circa</strong></span> <span class='ocrx_word' id='word_1_58' title='bbox 679 913 708 965; x_wconf 91' lang='lat' dir='ltr'><strong>te</strong></span> <span class='ocrx_word' id='word_1_59' title='bbox 735 905 813 965; x_wconf 89' lang='lat' dir='ltr'><strong>iacet</strong></span> <span class='ocrx_word' id='word_1_60' title='bbox 832 921 949 979; x_wconf 88' lang='lat' dir='ltr'><strong>rerum,</strong></span> <span class='ocrx_word' id='word_1_61' title='bbox 977 913 1133 981; x_wconf 88' lang='lat' dir='ltr'><strong>tamquam</strong></span> 
     </span>
     <span class='ocr_line' id='line_1_9' title="bbox 149 990 1133 1068; baseline -0.002 -16"><span class='ocrx_word' id='word_1_62' title='bbox 149 992 313 1068; x_wconf 90' lang='lat' dir='ltr'><strong>hospitalis</strong></span> <span class='ocrx_word' id='word_1_63' title='bbox 330 991 390 1051; x_wconf 89' lang='lat' dir='ltr'><strong>toci</strong></span> <span class='ocrx_word' id='word_1_64' title='bbox 408 991 544 1051; x_wconf 88' lang='lat' dir='ltr'><strong>sarcinas</strong></span> <span class='ocrx_word' id='word_1_65' title='bbox 560 996 682 1065; x_wconf 83' lang='lat' dir='ltr'><strong>specta:</strong></span> <span class='ocrx_word' id='word_1_66' title='bbox 706 990 925 1049; x_wconf 90' lang='lat' dir='ltr'><strong>transeundum</strong></span> <span class='ocrx_word' id='word_1_67' title='bbox 940 996 997 1050; x_wconf 91' lang='lat' dir='ltr'><strong>est.</strong></span> <span class='ocrx_word' id='word_1_68' title='bbox 1020 991 1133 1051; x_wconf 82' lang='lat' dir='ltr'><strong>excutit</strong></span> 
     </span>
     <span class='ocr_line' id='line_1_10' title="bbox 108 1072 1132 1148; baseline -0.008 -7"><span class='ocrx_word' id='word_1_69' title='bbox 108 1077 328 1141; x_wconf 71' lang='lat' dir='ltr'><strong>itredeuntem</strong></span> <span class='ocrx_word' id='word_1_70' title='bbox 343 1082 452 1136; x_wconf 89' lang='lat' dir='ltr'><strong>natura</strong></span> <span class='ocrx_word' id='word_1_71' title='bbox 466 1076 543 1135; x_wconf 89' lang='lat' dir='ltr'><strong>sicut</strong></span> <span class='ocrx_word' id='word_1_72' title='bbox 558 1074 727 1136; x_wconf 87' lang='lat' dir='ltr'><strong>intrantem.</strong></span> <span class='ocrx_word' id='word_1_73' title='bbox 765 1073 833 1134; x_wconf 90' lang='lat' dir='ltr'><strong>Non</strong></span> <span class='ocrx_word' id='word_1_74' title='bbox 851 1072 921 1134; x_wconf 87' lang='lat' dir='ltr'><strong>licet</strong></span> <span class='ocrx_word' id='word_1_75' title='bbox 937 1075 1006 1148; x_wconf 90' lang='lat' dir='ltr'><strong>plus</strong></span> <span class='ocrx_word' id='word_1_76' title='bbox 1023 1072 1132 1135; x_wconf 83' lang='lat' dir='ltr'><strong>efferre</strong></span> 
     </span>
     <span class='ocr_line' id='line_1_11' title="bbox 151 1157 1131 1237; baseline -0.003 -15"><span class='ocrx_word' id='word_1_77' title='bbox 151 1177 242 1237; x_wconf 87' lang='lat' dir='ltr'><strong>quam</strong></span> <span class='ocrx_word' id='word_1_78' title='bbox 257 1158 410 1233; x_wconf 89' lang='lat' dir='ltr'><strong>intuleris,</strong></span> <span class='ocrx_word' id='word_1_79' title='bbox 430 1159 521 1219; x_wconf 91' lang='lat' dir='ltr'><strong>immo</strong></span> <span class='ocrx_word' id='word_1_80' title='bbox 534 1158 625 1218; x_wconf 89' lang='lat' dir='ltr'><strong>etiam</strong></span> <span class='ocrx_word' id='word_1_81' title='bbox 642 1173 681 1218; x_wconf 89' lang='lat' dir='ltr'><strong>ex</strong></span> <span class='ocrx_word' id='word_1_82' title='bbox 696 1173 749 1231; x_wconf 89' lang='lat' dir='ltr'><strong>eo,</strong></span> <span class='ocrx_word' id='word_1_83' title='bbox 772 1158 855 1233; x_wconf 91' lang='lat' dir='ltr'><strong>quod</strong></span> <span class='ocrx_word' id='word_1_84' title='bbox 877 1158 914 1216; x_wconf 90' lang='lat' dir='ltr'><strong>ad</strong></span> <span class='ocrx_word' id='word_1_85' title='bbox 937 1157 1031 1217; x_wconf 86' lang='lat' dir='ltr'><strong>vitam</strong></span> <span class='ocrx_word' id='word_1_86' title='bbox 1047 1159 1131 1219; x_wconf 89' lang='lat' dir='ltr'><strong>adtu-</strong></span> 
     </span>
     <span class='ocr_line' id='line_1_12' title="bbox 149 1241 1131 1319; baseline -0.002 -15"><span class='ocrx_word' id='word_1_87' title='bbox 149 1243 226 1317; x_wconf 91' lang='lat' dir='ltr'><strong>listi,</strong></span> <span class='ocrx_word' id='word_1_88' title='bbox 248 1260 321 1319; x_wconf 87' lang='lat' dir='ltr'><strong>pars</strong></span> <span class='ocrx_word' id='word_1_89' title='bbox 343 1259 452 1317; x_wconf 84' lang='lat' dir='ltr'><strong>magna</strong></span> <span class='ocrx_word' id='word_1_90' title='bbox 472 1243 618 1319; x_wconf 89' lang='lat' dir='ltr'><strong>ponenda</strong></span> <span class='ocrx_word' id='word_1_91' title='bbox 634 1249 695 1302; x_wconf 84' lang='lat' dir='ltr'><strong>est:</strong></span> <span class='ocrx_word' id='word_1_92' title='bbox 725 1241 900 1303; x_wconf 85' lang='lat' dir='ltr'><strong>detrahetur</strong></span> <span class='ocrx_word' id='word_1_93' title='bbox 914 1241 968 1313; x_wconf 90' lang='lat' dir='ltr'><strong>tibi</strong></span> <span class='ocrx_word' id='word_1_94' title='bbox 982 1241 1062 1303; x_wconf 89' lang='lat' dir='ltr'><strong>haec</strong></span> <span class='ocrx_word' id='word_1_95' title='bbox 1077 1242 1131 1303; x_wconf 90' lang='lat' dir='ltr'><strong>cir·</strong></span> 
     </span>
     <span class='ocr_line' id='line_1_13' title="bbox 150 1325 1132 1401; baseline -0.001 -13"><span class='ocrx_word' id='word_1_96' title='bbox 150 1330 313 1400; x_wconf 69' lang='lat' dir='ltr'><strong>commeta,</strong></span> <span class='ocrx_word' id='word_1_97' title='bbox 337 1327 536 1387; x_wconf 90' lang='lat' dir='ltr'><strong>novissimum</strong></span> <span class='ocrx_word' id='word_1_98' title='bbox 550 1329 752 1387; x_wconf 89' lang='lat' dir='ltr'><strong>velamentum</strong></span> <span class='ocrx_word' id='word_1_99' title='bbox 767 1326 824 1401; x_wconf 91' lang='lat' dir='ltr'><strong>tui,</strong></span> <span class='ocrx_word' id='word_1_100' title='bbox 847 1326 934 1386; x_wconf 89' lang='lat' dir='ltr'><strong>cutis.</strong></span> <span class='ocrx_word' id='word_1_101' title='bbox 958 1325 1132 1387; x_wconf 81' lang='lat' dir='ltr'><strong>detrahetur</strong></span> 
     </span>
     <span class='ocr_line' id='line_1_14' title="bbox 150 1411 1132 1487; baseline -0.003 -14"><span class='ocrx_word' id='word_1_102' title='bbox 150 1427 221 1473; x_wconf 89' lang='lat' dir='ltr'><strong>caro</strong></span> <span class='ocrx_word' id='word_1_103' title='bbox 238 1411 425 1472; x_wconf 88' lang='lat' dir='ltr'><strong>etsubiusus</strong></span> <span class='ocrx_word' id='word_1_104' title='bbox 441 1412 566 1484; x_wconf 81' lang='lat' dir='ltr'><strong>sanguis</strong></span> <span class='ocrx_word' id='word_1_105' title='bbox 581 1412 820 1486; x_wconf 86' lang='lat' dir='ltr'><strong>discurrensque</strong></span> <span class='ocrx_word' id='word_1_106' title='bbox 836 1426 890 1487; x_wconf 92' lang='lat' dir='ltr'><strong>per</strong></span> <span class='ocrx_word' id='word_1_107' title='bbox 905 1415 1011 1471; x_wconf 90' lang='lat' dir='ltr'><strong>totum.</strong></span> <span class='ocrx_word' id='word_1_108' title='bbox 1034 1411 1132 1471; x_wconf 89' lang='lat' dir='ltr'><strong>detra·</strong></span> 
     </span>
     <span class='ocr_line' id='line_1_15' title="bbox 148 1493 1132 1570; baseline -0.001 -16"><span class='ocrx_word' id='word_1_109' title='bbox 148 1495 258 1556; x_wconf 91' lang='lat' dir='ltr'><strong>hentur</strong></span> <span class='ocrx_word' id='word_1_110' title='bbox 285 1511 360 1556; x_wconf 88' lang='lat' dir='ltr'><strong>ossa</strong></span> <span class='ocrx_word' id='word_1_111' title='bbox 384 1494 546 1570; x_wconf 88' lang='lat' dir='ltr'><strong>nervique,</strong></span> <span class='ocrx_word' id='word_1_112' title='bbox 573 1493 762 1555; x_wconf 85' lang='lat' dir='ltr'><strong>firmamenta</strong></span> <span class='ocrx_word' id='word_1_113' title='bbox 784 1493 948 1554; x_wconf 85' lang='lat' dir='ltr'><strong>fluidorum</strong></span> <span class='ocrx_word' id='word_1_114' title='bbox 971 1510 1008 1554; x_wconf 88' lang='lat' dir='ltr'><strong>ac</strong></span> <span class='ocrx_word' id='word_1_115' title='bbox 1029 1494 1132 1554; x_wconf 86' lang='lat' dir='ltr'><strong>laben·</strong></span> 
     </span>
     <span class='ocr_line' id='line_1_16' title="bbox 106 1576 1130 1654; baseline 0.002 -18"><span class='ocrx_word' id='word_1_116' title='bbox 106 1579 230 1639; x_wconf 70' lang='lat' dir='ltr'><strong>atilium.</strong></span> <span class='ocrx_word' id='word_1_117' title='bbox 271 1579 343 1638; x_wconf 88' lang='lat' dir='ltr'><strong>Dies</strong></span> <span class='ocrx_word' id='word_1_118' title='bbox 364 1578 435 1652; x_wconf 90' lang='lat' dir='ltr'><strong>iste,</strong></span> <span class='ocrx_word' id='word_1_119' title='bbox 458 1593 550 1653; x_wconf 88' lang='lat' dir='ltr'><strong>quern</strong></span> <span class='ocrx_word' id='word_1_120' title='bbox 570 1586 724 1654; x_wconf 82' lang='lat' dir='ltr'><strong>tamquam</strong></span> <span class='ocrx_word' id='word_1_121' title='bbox 745 1585 913 1638; x_wconf 85' lang='lat' dir='ltr'><strong>extremum</strong></span> <span class='ocrx_word' id='word_1_122' title='bbox 937 1576 1130 1651; x_wconf 79' lang='lat' dir='ltr'><strong>reformidas,</strong></span> 
     </span>
     <span class='ocr_line' id='line_1_17' title="bbox 148 1661 1131 1738; baseline 0 -16"><span class='ocrx_word' id='word_1_123' title='bbox 148 1661 265 1723; x_wconf 92' lang='lat' dir='ltr'><strong>aeterni</strong></span> <span class='ocrx_word' id='word_1_124' title='bbox 286 1662 394 1722; x_wconf 87' lang='lat' dir='ltr'><strong>natalis</strong></span> <span class='ocrx_word' id='word_1_125' title='bbox 417 1669 473 1721; x_wconf 93' lang='lat' dir='ltr'><strong>est.</strong></span> <span class='ocrx_word' id='word_1_126' title='bbox 509 1663 631 1737; x_wconf 90' lang='lat' dir='ltr'><strong>depone</strong></span> <span class='ocrx_word' id='word_1_127' title='bbox 651 1678 745 1723; x_wconf 81' lang='lat' dir='ltr'><strong>onus:</strong></span> <span class='ocrx_word' id='word_1_128' title='bbox 772 1663 846 1738; x_wconf 92' lang='lat' dir='ltr'><strong>quid</strong></span> <span class='ocrx_word' id='word_1_129' title='bbox 865 1663 1035 1736; x_wconf 87' lang='lat' dir='ltr'><strong>cunctaris,</strong></span> <span class='ocrx_word' id='word_1_130' title='bbox 1058 1670 1131 1723; x_wconf 87' lang='lat' dir='ltr'><strong>tam·</strong></span> 
     </span>
     <span class='ocr_line' id='line_1_18' title="bbox 149 1745 1132 1822; baseline 0 -17"><span class='ocrx_word' id='word_1_131' title='bbox 149 1762 241 1821; x_wconf 92' lang='lat' dir='ltr'><strong>quam</strong></span> <span class='ocrx_word' id='word_1_132' title='bbox 256 1761 317 1806; x_wconf 89' lang='lat' dir='ltr'><strong>non</strong></span> <span class='ocrx_word' id='word_1_133' title='bbox 333 1745 419 1820; x_wconf 93' lang='lat' dir='ltr'><strong>prius</strong></span> <span class='ocrx_word' id='word_1_134' title='bbox 438 1762 563 1822; x_wconf 89' lang='lat' dir='ltr'><strong>quoque</strong></span> <span class='ocrx_word' id='word_1_135' title='bbox 579 1747 700 1819; x_wconf 89' lang='lat' dir='ltr'><strong>relicto,</strong></span> <span class='ocrx_word' id='word_1_136' title='bbox 721 1747 751 1805; x_wconf 92' lang='lat' dir='ltr'><strong>in</strong></span> <span class='ocrx_word' id='word_1_137' title='bbox 770 1762 830 1821; x_wconf 91' lang='lat' dir='ltr'><strong>quo</strong></span> <span class='ocrx_word' id='word_1_138' title='bbox 846 1747 979 1821; x_wconf 90' lang='lat' dir='ltr'><strong>latebas,</strong></span> <span class='ocrx_word' id='word_1_139' title='bbox 1001 1761 1132 1822; x_wconf 91' lang='lat' dir='ltr'><strong>corpore</strong></span> 
     </span>
     <span class='ocr_line' id='line_1_19' title="bbox 149 1829 1132 1907; baseline 0.001 -18"><span class='ocrx_word' id='word_1_140' title='bbox 149 1830 282 1889; x_wconf 79' lang='lat' dir='ltr'><strong>exierist</strong></span> <span class='ocrx_word' id='word_1_141' title='bbox 312 1829 444 1903; x_wconf 89' lang='lat' dir='ltr'><strong>Haeres,</strong></span> <span class='ocrx_word' id='word_1_142' title='bbox 470 1829 645 1891; x_wconf 84' lang='lat' dir='ltr'><strong>reluctaris=</strong></span> <span class='ocrx_word' id='word_1_143' title='bbox 676 1837 746 1891; x_wconf 91' lang='lat' dir='ltr'><strong>tunc</strong></span> <span class='ocrx_word' id='word_1_144' title='bbox 772 1846 897 1907; x_wconf 87' lang='lat' dir='ltr'><strong>quoque</strong></span> <span class='ocrx_word' id='word_1_145' title='bbox 920 1841 1033 1906; x_wconf 69' lang='lat' dir='ltr'><strong>&#39;magno</strong></span> <span class='ocrx_word' id='word_1_146' title='bbox 1061 1831 1132 1892; x_wconf 91' lang='lat' dir='ltr'><strong>nisu</strong></span> 
     </span>
     <span class='ocr_line' id='line_1_20' title="bbox 149 1913 1131 1991; baseline 0.003 -18"><span class='ocrx_word' id='word_1_147' title='bbox 149 1913 253 1973; x_wconf 89' lang='lat' dir='ltr'><strong>matris</strong></span> <span class='ocrx_word' id='word_1_148' title='bbox 274 1914 424 1988; x_wconf 85' lang='lat' dir='ltr'><strong>expulsus</strong></span> <span class='ocrx_word' id='word_1_149' title='bbox 446 1930 490 1974; x_wconf 92' lang='lat' dir='ltr'><strong>es.</strong></span> <span class='ocrx_word' id='word_1_150' title='bbox 524 1915 636 1988; x_wconf 79' lang='lat' dir='ltr'><strong>gemis,</strong></span> <span class='ocrx_word' id='word_1_151' title='bbox 659 1916 779 1989; x_wconf 84' lang='lat' dir='ltr'><strong>ploras:</strong></span> <span class='ocrx_word' id='word_1_152' title='bbox 801 1921 833 1990; x_wconf 87' lang='lat' dir='ltr'><strong>et</strong></span> <span class='ocrx_word' id='word_1_153' title='bbox 851 1915 911 1976; x_wconf 90' lang='lat' dir='ltr'><strong>hoc</strong></span> <span class='ocrx_word' id='word_1_154' title='bbox 931 1916 1031 1991; x_wconf 87' lang='lat' dir='ltr'><strong>ipsum</strong></span> <span class='ocrx_word' id='word_1_155' title='bbox 1053 1913 1131 1976; x_wconf 76' lang='lat' dir='ltr'><strong>flere</strong></span> 
     </span>
     <span class='ocr_line' id='line_1_21' title="bbox 149 1995 1130 2074; baseline 0.002 -18"><span class='ocrx_word' id='word_1_156' title='bbox 149 1997 303 2058; x_wconf 87' lang='lat' dir='ltr'><strong>nascentis</strong></span> <span class='ocrx_word' id='word_1_157' title='bbox 325 2004 386 2073; x_wconf 89' lang='lat' dir='ltr'><strong>est,</strong></span> <span class='ocrx_word' id='word_1_158' title='bbox 408 1999 466 2059; x_wconf 88' lang='lat' dir='ltr'><strong>sed</strong></span> <span class='ocrx_word' id='word_1_159' title='bbox 485 2005 557 2058; x_wconf 90' lang='lat' dir='ltr'><strong>tunc</strong></span> <span class='ocrx_word' id='word_1_160' title='bbox 572 1997 705 2058; x_wconf 88' lang='lat' dir='ltr'><strong>debebat</strong></span> <span class='ocrx_word' id='word_1_161' title='bbox 719 1998 852 2074; x_wconf 80' lang='lat' dir='ltr'><strong>ignosci:</strong></span> <span class='ocrx_word' id='word_1_162' title='bbox 873 1997 958 2059; x_wconf 91' lang='lat' dir='ltr'><strong>rudis</strong></span> <span class='ocrx_word' id='word_1_163' title='bbox 972 2005 1002 2060; x_wconf 86' lang='lat' dir='ltr'><strong>ct</strong></span> <span class='ocrx_word' id='word_1_164' title='bbox 1014 1995 1130 2074; x_wconf 93' lang='lat' dir='ltr'><strong>inperi-</strong></span> 
     </span>
     <span class='ocr_line' id='line_1_22' title="bbox 139 2081 1130 2165; baseline 0.002 -24"><span class='ocrx_word' id='word_1_165' title='bbox 139 2088 197 2165; x_wconf 80' lang='lat' dir='ltr'><strong>tus</strong></span> <span class='ocrx_word' id='word_1_166' title='bbox 222 2081 354 2143; x_wconf 92' lang='lat' dir='ltr'><strong>omnium</strong></span> <span class='ocrx_word' id='word_1_167' title='bbox 380 2098 520 2142; x_wconf 90' lang='lat' dir='ltr'><strong>veneras.</strong></span> <span class='ocrx_word' id='word_1_168' title='bbox 554 2097 593 2141; x_wconf 89' lang='lat' dir='ltr'><strong>ex</strong></span> <span class='ocrx_word' id='word_1_169' title='bbox 620 2090 824 2144; x_wconf 88' lang='lat' dir='ltr'><strong>maternorum</strong></span> <span class='ocrx_word' id='word_1_170' title='bbox 849 2084 1000 2144; x_wconf 89' lang='lat' dir='ltr'><strong>viscerum</strong></span> <span class='ocrx_word' id='word_1_171' title='bbox 1028 2084 1130 2144; x_wconf 92' lang='lat' dir='ltr'><strong>calido</strong></span> 
     </span>
     <span class='ocr_line' id='line_1_23' title="bbox 147 2165 1131 2243; baseline 0.005 -20"><span class='ocrx_word' id='word_1_172' title='bbox 147 2165 294 2240; x_wconf 88' lang='lat' dir='ltr'><strong>mollique</strong></span> <span class='ocrx_word' id='word_1_173' title='bbox 317 2168 449 2228; x_wconf 88' lang='lat' dir='ltr'><strong>iumento</strong></span> <span class='ocrx_word' id='word_1_174' title='bbox 471 2167 617 2226; x_wconf 91' lang='lat' dir='ltr'><strong>emissum</strong></span> <span class='ocrx_word' id='word_1_175' title='bbox 631 2165 758 2226; x_wconf 81' lang='lat' dir='ltr'><strong>adflavit</strong></span> <span class='ocrx_word' id='word_1_176' title='bbox 771 2183 847 2227; x_wconf 88' lang='lat' dir='ltr'><strong>aura</strong></span> <span class='ocrx_word' id='word_1_177' title='bbox 860 2165 999 2243; x_wconf 86' lang='lat' dir='ltr'><strong>liberior,</strong></span> <span class='ocrx_word' id='word_1_178' title='bbox 1020 2167 1131 2228; x_wconf 85' lang='lat' dir='ltr'><strong>deinde</strong></span> 
     </span>
     <span class='ocr_line' id='line_1_24' title="bbox 148 2248 1129 2327; baseline 0.003 -18"><span class='ocrx_word' id='word_1_179' title='bbox 148 2248 276 2310; x_wconf 82' lang='lat' dir='ltr'><strong>offendit</strong></span> <span class='ocrx_word' id='word_1_180' title='bbox 302 2251 397 2311; x_wconf 89' lang='lat' dir='ltr'><strong>durae</strong></span> <span class='ocrx_word' id='word_1_181' title='bbox 420 2266 529 2310; x_wconf 87' lang='lat' dir='ltr'><strong>manus</strong></span> <span class='ocrx_word' id='word_1_182' title='bbox 552 2258 652 2312; x_wconf 89' lang='lat' dir='ltr'><strong>tactus</strong></span> <span class='ocrx_word' id='word_1_183' title='bbox 673 2258 821 2327; x_wconf 87' lang='lat' dir='ltr'><strong>tenerque</strong></span> <span class='ocrx_word' id='word_1_184' title='bbox 844 2251 944 2311; x_wconf 90' lang='lat' dir='ltr'><strong>adhuc</strong></span> <span class='ocrx_word' id='word_1_185' title='bbox 966 2258 996 2312; x_wconf 91' lang='lat' dir='ltr'><strong>et</strong></span> <span class='ocrx_word' id='word_1_186' title='bbox 1017 2252 1129 2313; x_wconf 91' lang='lat' dir='ltr'><strong>nullius</strong></span> 
     </span>
     <span class='ocr_line' id='line_1_25' title="bbox 105 2332 1129 2410; baseline 0.006 -20"><span class='ocrx_word' id='word_1_187' title='bbox 105 2337 138 2395; x_wconf 76' lang='lat' dir='ltr'><strong>it</strong></span> <span class='ocrx_word' id='word_1_188' title='bbox 146 2332 191 2392; x_wconf 90' lang='lat' dir='ltr'><strong>rei</strong></span> <span class='ocrx_word' id='word_1_189' title='bbox 207 2349 320 2408; x_wconf 83' lang='lat' dir='ltr'><strong>gnarus</strong></span> <span class='ocrx_word' id='word_1_190' title='bbox 336 2333 521 2410; x_wconf 91' lang='lat' dir='ltr'><strong>obstupuisti</strong></span> <span class='ocrx_word' id='word_1_191' title='bbox 536 2333 613 2395; x_wconf 90' lang='lat' dir='ltr'><strong>inter</strong></span> <span class='ocrx_word' id='word_1_192' title='bbox 627 2335 745 2409; x_wconf 76' lang='lat' dir='ltr'><strong>ignota:</strong></span> <span class='ocrx_word' id='word_1_193' title='bbox 768 2351 850 2396; x_wconf 92' lang='lat' dir='ltr'><strong>nunc</strong></span> <span class='ocrx_word' id='word_1_194' title='bbox 866 2335 919 2396; x_wconf 92' lang='lat' dir='ltr'><strong>tibi</strong></span> <span class='ocrx_word' id='word_1_195' title='bbox 934 2351 997 2395; x_wconf 92' lang='lat' dir='ltr'><strong>non</strong></span> <span class='ocrx_word' id='word_1_196' title='bbox 1013 2341 1062 2396; x_wconf 92' lang='lat' dir='ltr'><strong>est</strong></span> <span class='ocrx_word' id='word_1_197' title='bbox 1076 2352 1129 2396; x_wconf 93' lang='lat' dir='ltr'><strong>no-</strong></span> 
     </span>
     <span class='ocr_line' id='line_1_26' title="bbox 147 2418 1128 2495; baseline 0.003 -18"><span class='ocrx_word' id='word_1_198' title='bbox 147 2434 218 2478; x_wconf 91' lang='lat' dir='ltr'><strong>vum</strong></span> <span class='ocrx_word' id='word_1_199' title='bbox 235 2418 372 2493; x_wconf 87' lang='lat' dir='ltr'><strong>separari</strong></span> <span class='ocrx_word' id='word_1_200' title='bbox 388 2419 426 2478; x_wconf 91' lang='lat' dir='ltr'><strong>ab</strong></span> <span class='ocrx_word' id='word_1_201' title='bbox 442 2433 489 2492; x_wconf 89' lang='lat' dir='ltr'><strong>eo,</strong></span> <span class='ocrx_word' id='word_1_202' title='bbox 507 2418 593 2479; x_wconf 91' lang='lat' dir='ltr'><strong>cuius</strong></span> <span class='ocrx_word' id='word_1_203' title='bbox 609 2426 679 2479; x_wconf 89' lang='lat' dir='ltr'><strong>ante</strong></span> <span class='ocrx_word' id='word_1_204' title='bbox 692 2435 764 2495; x_wconf 90' lang='lat' dir='ltr'><strong>pars</strong></span> <span class='ocrx_word' id='word_1_205' title='bbox 781 2419 892 2480; x_wconf 74' lang='lat' dir='ltr'><strong>tuerisr</strong></span> <span class='ocrx_word' id='word_1_206' title='bbox 911 2435 1012 2495; x_wconf 87' lang='lat' dir='ltr'><strong>aequo</strong></span> <span class='ocrx_word' id='word_1_207' title='bbox 1028 2418 1128 2481; x_wconf 89' lang='lat' dir='ltr'><strong>animo</strong></span> 
     </span>
     <span class='ocr_line' id='line_1_27' title="bbox 146 2501 1128 2579; baseline 0.003 -19"><span class='ocrx_word' id='word_1_208' title='bbox 146 2501 284 2562; x_wconf 88' lang='lat' dir='ltr'><strong>membra</strong></span> <span class='ocrx_word' id='word_1_209' title='bbox 306 2501 365 2560; x_wconf 89' lang='lat' dir='ltr'><strong>iam</strong></span> <span class='ocrx_word' id='word_1_210' title='bbox 386 2517 580 2576; x_wconf 90' lang='lat' dir='ltr'><strong>supervacua</strong></span> <span class='ocrx_word' id='word_1_211' title='bbox 602 2501 717 2564; x_wconf 89' lang='lat' dir='ltr'><strong>dimitte</strong></span> <span class='ocrx_word' id='word_1_212' title='bbox 738 2510 768 2564; x_wconf 93' lang='lat' dir='ltr'><strong>et</strong></span> <span class='ocrx_word' id='word_1_213' title='bbox 788 2503 867 2564; x_wconf 88' lang='lat' dir='ltr'><strong>istuc</strong></span> <span class='ocrx_word' id='word_1_214' title='bbox 881 2519 997 2579; x_wconf 90' lang='lat' dir='ltr'><strong>corpus</strong></span> <span class='ocrx_word' id='word_1_215' title='bbox 1012 2502 1128 2565; x_wconf 88' lang='lat' dir='ltr'><strong>inhabi-</strong></span> 
     </span>
     <span class='ocr_line' id='line_1_28' title="bbox 146 2585 1128 2669; baseline 0.003 -25"><span class='ocrx_word' id='word_1_216' title='bbox 146 2590 240 2644; x_wconf 86' lang='lat' dir='ltr'><strong>tatum</strong></span> <span class='ocrx_word' id='word_1_217' title='bbox 263 2585 316 2644; x_wconf 92' lang='lat' dir='ltr'><strong>diu</strong></span> <span class='ocrx_word' id='word_1_218' title='bbox 337 2601 434 2660; x_wconf 70' lang='lat' dir='ltr'><strong>ponec</strong></span> <span class='ocrx_word' id='word_1_219' title='bbox 464 2586 633 2661; x_wconf 88' lang='lat' dir='ltr'><strong>scindetur,</strong></span> <span class='ocrx_word' id='word_1_220' title='bbox 657 2588 816 2662; x_wconf 90' lang='lat' dir='ltr'><strong>obruetur,</strong></span> <span class='ocrx_word' id='word_1_221' title='bbox 838 2587 1019 2669; x_wconf 85' lang='lat' dir='ltr'><strong>abolebitur.</strong></span> <span class='ocrx_word' id='word_1_222' title='bbox 1055 2587 1128 2664; x_wconf 91' lang='lat' dir='ltr'><strong>quid</strong></span> 
     </span>
     <span class='ocr_line' id='line_1_29' title="bbox 147 2667 1128 2747; baseline 0.005 -19"><span class='ocrx_word' id='word_1_223' title='bbox 147 2667 359 2728; x_wconf 67' lang='lat' dir='ltr'><strong>contristaris?</strong></span> <span class='ocrx_word' id='word_1_224' title='bbox 379 2670 421 2730; x_wconf 87' lang='lat' dir='ltr'><strong>ita</strong></span> <span class='ocrx_word' id='word_1_225' title='bbox 435 2671 515 2732; x_wconf 90' lang='lat' dir='ltr'><strong>solet</strong></span> <span class='ocrx_word' id='word_1_226' title='bbox 527 2670 608 2730; x_wconf 84' lang='lat' dir='ltr'><strong>fieri:</strong></span> <span class='ocrx_word' id='word_1_227' title='bbox 633 2678 763 2745; x_wconf 92' lang='lat' dir='ltr'><strong>pereunt</strong></span> <span class='ocrx_word' id='word_1_228' title='bbox 778 2686 874 2747; x_wconf 87' lang='lat' dir='ltr'><strong>saepe</strong></span> <span class='ocrx_word' id='word_1_229' title='bbox 890 2673 1063 2732; x_wconf 89' lang='lat' dir='ltr'><strong>velamenta</strong></span> <span class='ocrx_word' id='word_1_230' title='bbox 1076 2689 1128 2734; x_wconf 91' lang='lat' dir='ltr'><strong>na-</strong></span> 
     </span>
     <span class='ocr_line' id='line_1_30' title="bbox 147 2751 1125 2832; baseline 0.008 -22"><span class='ocrx_word' id='word_1_231' title='bbox 147 2751 306 2811; x_wconf 89' lang='lat' dir='ltr'><strong>scentium.</strong></span> <span class='ocrx_word' id='word_1_232' title='bbox 335 2752 410 2827; x_wconf 90' lang='lat' dir='ltr'><strong>quid</strong></span> <span class='ocrx_word' id='word_1_233' title='bbox 433 2753 492 2814; x_wconf 91' lang='lat' dir='ltr'><strong>ista</strong></span> <span class='ocrx_word' id='word_1_234' title='bbox 513 2753 558 2815; x_wconf 91' lang='lat' dir='ltr'><strong>sic</strong></span> <span class='ocrx_word' id='word_1_235' title='bbox 579 2752 680 2829; x_wconf 83' lang='lat' dir='ltr'><strong>diligis</strong></span> <span class='ocrx_word' id='word_1_236' title='bbox 702 2756 791 2831; x_wconf 88' lang='lat' dir='ltr'><strong>quasi</strong></span> <span class='ocrx_word' id='word_1_237' title='bbox 814 2762 886 2817; x_wconf 81' lang='lat' dir='ltr'><strong>tuat</strong></span> <span class='ocrx_word' id='word_1_238' title='bbox 913 2756 980 2817; x_wconf 90' lang='lat' dir='ltr'><strong>istis</strong></span> <span class='ocrx_word' id='word_1_239' title='bbox 1001 2764 1125 2832; x_wconf 88' lang='lat' dir='ltr'><strong>opertus</strong></span> 
     </span>
     <span class='ocr_line' id='line_1_31' title="bbox 145 2834 1127 2912; baseline 0.005 -18"><span class='ocrx_word' id='word_1_240' title='bbox 145 2849 197 2894; x_wconf 82' lang='lat' dir='ltr'><strong>es:</strong></span> <span class='ocrx_word' id='word_1_241' title='bbox 220 2834 335 2909; x_wconf 86' lang='lat' dir='ltr'><strong>veniet,</strong></span> <span class='ocrx_word' id='word_1_242' title='bbox 361 2835 413 2912; x_wconf 90' lang='lat' dir='ltr'><strong>qui</strong></span> <span class='ocrx_word' id='word_1_243' title='bbox 433 2845 463 2899; x_wconf 90' lang='lat' dir='ltr'><strong>te</strong></span> <span class='ocrx_word' id='word_1_244' title='bbox 476 2838 603 2898; x_wconf 89' lang='lat' dir='ltr'><strong>revellat</strong></span> <span class='ocrx_word' id='word_1_245' title='bbox 623 2838 690 2899; x_wconf 91' lang='lat' dir='ltr'><strong>dies</strong></span> <span class='ocrx_word' id='word_1_246' title='bbox 713 2846 743 2900; x_wconf 90' lang='lat' dir='ltr'><strong>et</strong></span> <span class='ocrx_word' id='word_1_247' title='bbox 764 2855 803 2901; x_wconf 84' lang='lat' dir='ltr'><strong>ex</strong></span> <span class='ocrx_word' id='word_1_248' title='bbox 824 2840 1024 2901; x_wconf 87' lang='lat' dir='ltr'><strong>contubernio</strong></span> <span class='ocrx_word' id='word_1_249' title='bbox 1047 2840 1127 2903; x_wconf 81' lang='lat' dir='ltr'><strong>foedi</strong></span> 
     </span>
     <span class='ocr_line' id='line_1_32' title="bbox 103 2919 1126 3002; baseline 0 -18"><span class='ocrx_word' id='word_1_250' title='bbox 103 2925 239 2994; x_wconf 76' lang='lat' dir='ltr'><strong>artatque</strong></span> <span class='ocrx_word' id='word_1_251' title='bbox 257 2919 330 2982; x_wconf 88' lang='lat' dir='ltr'><strong>olidi</strong></span> <span class='ocrx_word' id='word_1_252' title='bbox 350 2923 465 2983; x_wconf 86' lang='lat' dir='ltr'><strong>ventris</strong></span> <span class='ocrx_word' id='word_1_253' title='bbox 481 2922 600 2982; x_wconf 87' lang='lat' dir='ltr'><strong>educat.</strong></span> <span class='ocrx_word' id='word_1_254' title='bbox 629 2923 707 2984; x_wconf 78' lang='lat' dir='ltr'><strong>Hinc</strong></span> <span class='ocrx_word' id='word_1_255' title='bbox 728 2940 809 2985; x_wconf 92' lang='lat' dir='ltr'><strong>nunc</strong></span> <span class='ocrx_word' id='word_1_256' title='bbox 824 2940 949 3000; x_wconf 91' lang='lat' dir='ltr'><strong>quoque</strong></span> <span class='ocrx_word' id='word_1_257' title='bbox 964 2932 1011 3000; x_wconf 93' lang='lat' dir='ltr'><strong>tu,</strong></span> <span class='ocrx_word' id='word_1_258' title='bbox 1032 2941 1126 3002; x_wconf 87' lang='lat' dir='ltr'><strong>quan-</strong></span> 
     </span>
     <span class='ocr_line' id='line_1_33' title="bbox 146 3007 1126 3085; baseline 0.004 -21"><span class='ocrx_word' id='word_1_259' title='bbox 146 3009 209 3064; x_wconf 91' lang='lat' dir='ltr'><strong>tum</strong></span> <span class='ocrx_word' id='word_1_260' title='bbox 232 3012 337 3080; x_wconf 88' lang='lat' dir='ltr'><strong>potes,</strong></span> <span class='ocrx_word' id='word_1_261' title='bbox 361 3007 487 3068; x_wconf 83' lang='lat' dir='ltr'><strong>subacta</strong></span> <span class='ocrx_word' id='word_1_262' title='bbox 507 3007 732 3083; x_wconf 89' lang='lat' dir='ltr'><strong>voluptatique,</strong></span> <span class='ocrx_word' id='word_1_263' title='bbox 756 3008 815 3069; x_wconf 90' lang='lat' dir='ltr'><strong>nisi</strong></span> <span class='ocrx_word' id='word_1_264' title='bbox 836 3025 916 3085; x_wconf 90' lang='lat' dir='ltr'><strong>quae</strong></span> <span class='ocrx_word' id='word_1_265' title='bbox 940 3007 1126 3069; x_wconf 87' lang='lat' dir='ltr'><strong>necessariis</strong></span> 
     </span>
     <span class='ocr_line' id='line_1_34' title="bbox 145 3089 1126 3168; baseline 0.001 -18"><span class='ocrx_word' id='word_1_266' title='bbox 145 3104 264 3164; x_wconf 79' lang='lat' dir='ltr'><strong>qaoque</strong></span> <span class='ocrx_word' id='word_1_267' title='bbox 284 3089 474 3165; x_wconf 86' lang='lat' dir='ltr'><strong>cohaerebit,</strong></span> <span class='ocrx_word' id='word_1_268' title='bbox 493 3089 612 3151; x_wconf 88' lang='lat' dir='ltr'><strong>alienus</strong></span> <span class='ocrx_word' id='word_1_269' title='bbox 632 3091 692 3152; x_wconf 90' lang='lat' dir='ltr'><strong>iam</strong></span> <span class='ocrx_word' id='word_1_270' title='bbox 713 3092 784 3153; x_wconf 90' lang='lat' dir='ltr'><strong>hinc</strong></span> <span class='ocrx_word' id='word_1_271' title='bbox 798 3091 888 3155; x_wconf 90' lang='lat' dir='ltr'><strong>altius</strong></span> <span class='ocrx_word' id='word_1_272' title='bbox 903 3092 1019 3168; x_wconf 88' lang='lat' dir='ltr'><strong>aliquid</strong></span> <span class='ocrx_word' id='word_1_273' title='bbox 1033 3090 1126 3154; x_wconf 89' lang='lat' dir='ltr'><strong>subli-</strong></span> 
     </span>
     <span class='ocr_line' id='line_1_35' title="bbox 145 3172 1125 3250; baseline 0.004 -19"><span class='ocrx_word' id='word_1_274' title='bbox 145 3172 288 3249; x_wconf 90' lang='lat' dir='ltr'><strong>miusque</strong></span> <span class='ocrx_word' id='word_1_275' title='bbox 311 3175 471 3235; x_wconf 83' lang='lat' dir='ltr'><strong>meditare:</strong></span> <span class='ocrx_word' id='word_1_276' title='bbox 503 3175 667 3250; x_wconf 89' lang='lat' dir='ltr'><strong>aliquando</strong></span> <span class='ocrx_word' id='word_1_277' title='bbox 689 3182 816 3238; x_wconf 88' lang='lat' dir='ltr'><strong>naturae</strong></span> <span class='ocrx_word' id='word_1_278' title='bbox 837 3177 890 3239; x_wconf 91' lang='lat' dir='ltr'><strong>tibi</strong></span> <span class='ocrx_word' id='word_1_279' title='bbox 912 3193 1025 3239; x_wconf 90' lang='lat' dir='ltr'><strong>arcana</strong></span> <span class='ocrx_word' id='word_1_280' title='bbox 1048 3184 1125 3239; x_wconf 88' lang='lat' dir='ltr'><strong>rete-</strong></span> 
     </span>
     <span class='ocr_line' id='line_1_36' title="bbox 145 3256 1125 3338; baseline 0.004 -23"><span class='ocrx_word' id='word_1_281' title='bbox 145 3265 267 3334; x_wconf 82' lang='lat' dir='ltr'><strong>gentur,</strong></span> <span class='ocrx_word' id='word_1_282' title='bbox 290 3257 467 3320; x_wconf 89' lang='lat' dir='ltr'><strong>discutietur</strong></span> <span class='ocrx_word' id='word_1_283' title='bbox 485 3256 546 3321; x_wconf 86' lang='lat' dir='ltr'><strong>ista</strong></span> <span class='ocrx_word' id='word_1_284' title='bbox 566 3261 662 3336; x_wconf 81' lang='lat' dir='ltr'><strong>caligo</strong></span> <span class='ocrx_word' id='word_1_285' title='bbox 685 3268 715 3322; x_wconf 89' lang='lat' dir='ltr'><strong>ct</strong></span> <span class='ocrx_word' id='word_1_286' title='bbox 735 3263 788 3322; x_wconf 88' lang='lat' dir='ltr'><strong>lux</strong></span> <span class='ocrx_word' id='word_1_287' title='bbox 809 3263 945 3338; x_wconf 91' lang='lat' dir='ltr'><strong>undique</strong></span> <span class='ocrx_word' id='word_1_288' title='bbox 960 3263 1044 3322; x_wconf 88' lang='lat' dir='ltr'><strong>clara</strong></span> <span class='ocrx_word' id='word_1_289' title='bbox 1058 3276 1125 3337; x_wconf 89' lang='lat' dir='ltr'><strong>per·</strong></span> 
     </span>
     <span class='ocr_line' id='line_1_37' title="bbox 145 3341 1125 3422; baseline 0.004 -22"><span class='ocrx_word' id='word_1_290' title='bbox 145 3341 245 3402; x_wconf 87' lang='lat' dir='ltr'><strong>cutiet.</strong></span> <span class='ocrx_word' id='word_1_291' title='bbox 280 3341 449 3417; x_wconf 82' lang='lat' dir='ltr'><strong>imaginare</strong></span> <span class='ocrx_word' id='word_1_292' title='bbox 468 3351 584 3418; x_wconf 87' lang='lat' dir='ltr'><strong>tecum,</strong></span> <span class='ocrx_word' id='word_1_293' title='bbox 606 3352 737 3421; x_wconf 90' lang='lat' dir='ltr'><strong>quantus</strong></span> <span class='ocrx_word' id='word_1_294' title='bbox 754 3346 804 3406; x_wconf 91' lang='lat' dir='ltr'><strong>ille</strong></span> <span class='ocrx_word' id='word_1_295' title='bbox 821 3347 860 3407; x_wconf 90' lang='lat' dir='ltr'><strong>sit</strong></span> <span class='ocrx_word' id='word_1_296' title='bbox 874 3346 974 3422; x_wconf 79' lang='lat' dir='ltr'><strong>fulgor</strong></span> <span class='ocrx_word' id='word_1_297' title='bbox 988 3352 1033 3407; x_wconf 91' lang='lat' dir='ltr'><strong>tot</strong></span> <span class='ocrx_word' id='word_1_298' title='bbox 1045 3345 1125 3407; x_wconf 78' lang='lat' dir='ltr'><strong>sidc-</strong></span> 
     </span>
     <span class='ocr_line' id='line_1_38' title="bbox 143 3422 1125 3492; baseline 0.008 -12"><span class='ocrx_word' id='word_1_299' title='bbox 143 3422 229 3485; x_wconf 91' lang='lat' dir='ltr'><strong>ribus</strong></span> <span class='ocrx_word' id='word_1_300' title='bbox 249 3425 326 3486; x_wconf 90' lang='lat' dir='ltr'><strong>inter</strong></span> <span class='ocrx_word' id='word_1_301' title='bbox 347 3443 382 3487; x_wconf 89' lang='lat' dir='ltr'><strong>sc</strong></span> <span class='ocrx_word' id='word_1_302' title='bbox 402 3429 504 3488; x_wconf 92' lang='lat' dir='ltr'><strong>lumen</strong></span> <span class='ocrx_word' id='word_1_303' title='bbox 526 3428 735 3490; x_wconf 91' lang='lat' dir='ltr'><strong>miscentibus.</strong></span> <span class='ocrx_word' id='word_1_304' title='bbox 763 3432 846 3492; x_wconf 89' lang='lat' dir='ltr'><strong>nulla</strong></span> <span class='ocrx_word' id='word_1_305' title='bbox 860 3447 1004 3492; x_wconf 87' lang='lat' dir='ltr'><strong>screnum</strong></span> <span class='ocrx_word' id='word_1_306' title='bbox 1018 3428 1125 3492; x_wconf 87' lang='lat' dir='ltr'><strong>umbra</strong></span> 
     </span>
     <span class='ocr_line' id='line_1_39' title="bbox 143 3507 1125 3588; baseline 0.007 -22"><span class='ocrx_word' id='word_1_307' title='bbox 143 3507 285 3569; x_wconf 90' lang='lat' dir='ltr'><strong>turbabit.</strong></span> <span class='ocrx_word' id='word_1_308' title='bbox 315 3508 483 3586; x_wconf 87' lang='lat' dir='ltr'><strong>acqualiter</strong></span> <span class='ocrx_word' id='word_1_309' title='bbox 503 3512 676 3588; x_wconf 89' lang='lat' dir='ltr'><strong>splendebit</strong></span> <span class='ocrx_word' id='word_1_310' title='bbox 697 3530 787 3575; x_wconf 89' lang='lat' dir='ltr'><strong>omne</strong></span> <span class='ocrx_word' id='word_1_311' title='bbox 804 3516 881 3577; x_wconf 87' lang='lat' dir='ltr'><strong>coeli</strong></span> <span class='ocrx_word' id='word_1_312' title='bbox 896 3517 992 3577; x_wconf 73' lang='lat' dir='ltr'><strong>latus:</strong></span> <span class='ocrx_word' id='word_1_313' title='bbox 1013 3513 1081 3577; x_wconf 84' lang='lat' dir='ltr'><strong>dies</strong></span> <span class='ocrx_word' id='word_1_314' title='bbox 1094 3517 1125 3573; x_wconf 87' lang='lat' dir='ltr'><strong>et</strong></span> 
     </span>
    </p>
   </div>
   <div class='ocr_carea' id='block_1_4' title="bbox 0 0 1238 3930">
    <p class='ocr_par' dir='ltr' id='par_1_4' title="bbox 0 0 1238 3930">
     <span class='ocr_line' id='line_1_40' title="bbox 0 0 1238 3930; baseline 0 2"><span class='ocrx_word' id='word_1_315' title='bbox 0 0 1238 3930; x_wconf 95' lang='lat' dir='ltr'><strong> </strong></span> 
     </span>
    </p>
   </div>
  </div>
 </body>
</html>
