2468 3930
152 300 155 306 .
267 249 436 310 EPISTUL.
451 249 546 311 Mota.
559 251 629 311 LlB.
644 251 781 314 xxm
795 260 822 315 2.
836 262 925 330 (119.)
1023 254 1085 320 395

103 407 242 480 poneret
267 402 337 475 „At
358 416 465 476 parum
484 400 591 475 habet,
622 402 674 477 qui
695 409 812 463 tantum
828 418 890 465 non
905 406 1000 481 alget,
1024 417 1113 473 nont

104 485 215 559 esurit,
238 500 301 545 non
321 485 413 545 sitit“
445 484 518 544 Plus
539 485 677 561 Iuppiter
696 501 757 547 non
780 487 882 549 hahet.
915 489 1088 565 Numquam

103 586 213 648 parum
225 577 286 642 est,
305 569 389 644 quod
404 569 478 628 satis
493 577 555 643 est,
571 576 600 629 et
609 585 774 645 numquam
786 573 912 633 multum
924 580 987 646 est,
1004 574 1089 650 quod

105 655 180 716 satis
196 669 257 712 non
275 660 338 714 est:
360 660 433 727 post
447 652 581 713 Dareum
599 660 630 713 et
642 653 738 714 Indos
756 670 877 730 pauper
891 664 940 717 est
952 658 1087 718 Meuan-

104 740 168 799 der.
192 736 336 797 mentlor=
352 737 479 811 quaerit,
496 737 580 811 quod
596 753 687 798 suum
705 738 811 811 iaciat,
827 747 980 801 scrutatur
994 743 1088 801 maria

103 823 221 900 ignota,
245 819 277 879 in
299 836 448 881 oceanum
470 819 587 880 classes
609 836 709 881 novas
724 821 812 881 mittit
829 830 859 882 et
873 823 980 898 [ipsa],
997 832 1031 885 ιιι
1048 827 1089 885 ita

104 907 219 977 dicam,
233 904 338 963 mundi
352 904 485 963 claustra
499 904 676 980 perrumpit.
703 904 793 978 Quod
802 913 930 966 naturae
940 907 1016 969 satis
1030 913 1119 982 εειῦ

104 987 219 1049 homini
233 1003 296 1047 non
311 996 373 1048 est:
399 988 542 1049 iuventus
558 995 621 1063 est,
643 988 695 1063 qui
718 990 954 1065 concupisceret
972 991 1089 1066 aliquid

104 1079 177 1149 post
191 1072 307 1132 omnia:
329 1078 413 1131 tanta
425 1079 474 1131 est
488 1072 621 1132 caecitas
635 1071 779 1133 mentium
794 1081 824 1134 et
837 1079 922 1134 tanta
935 1072 1088 1134 initiorum

103 1171 231 1218 suorum
247 1156 422 1231 unicnique,
434 1171 504 1215 cum
516 1156 677 1230 processit,
693 1156 816 1218 oblivio.
831 1155 883 1217 ille
893 1157 987 1218 modo
1001 1157 1087 1233 lguo·

103 1240 173 1300 bilis
189 1239 293 1314 anguli
308 1255 369 1301 non
392 1238 460 1299 sine
473 1241 684 1300 controversia
698 1239 840 1300 domiuus
855 1247 936 1301 tacto
952 1240 1014 1301 line
1028 1248 1086 1302 ter-

103 1340 206 1384 rarum
227 1339 284 1398 per
304 1340 394 1384 suum
413 1323 568 1384 rediturus
591 1323 696 1385 orbem
717 1325 812 1386 tristis
832 1332 888 1386 est.
928 1322 1114 1387 Neminemll

103 1409 236 1503 pecunia
249 1407 373 1468 divitem
388 1407 473 1482 iecit,
489 1408 699 1469 immocontra
709 1409 783 1468 nulli
798 1425 859 1468 nou
876 1408 1023 1469 maiorem
1037 1409 1086 1468 sui

102 1492 277 1567 cupidinem
300 1492 438 1552 incussit
472 1492 613 1567 quaeris,
640 1507 720 1567 quae
740 1493 781 1553 sit
799 1490 893 1553 huius
907 1492 952 1553 rei
973 1498 1089 1553 causat

102 1577 172 1652 plus
192 1575 300 1650 incipit
312 1575 426 1637 habere
442 1591 553 1651 posse,
576 1576 627 1652 qui
646 1577 718 1651 plus
735 1575 835 1636 habet
863 1577 913 1638 Ad
928 1590 1086 1649 summam,

102 1674 196 1736 quem
210 1661 298 1718 voles
319 1659 392 1719 mihi
407 1676 446 1720 ex
460 1660 525 1732 his,
543 1676 673 1735 quorum
688 1660 896 1722 nominatum
912 1660 1022 1722 Cremo
1037 1659 1087 1719 Li·
1113 1664 1116 1669 ’

101 1745 236 1818 cinoque
258 1750 467 1817 numerantur,
489 1745 520 1804 in
535 1745 669 1804 medium
683 1745 754 1805 lieet
769 1744 939 1820 protrahas.
967 1745 1088 1805 adierat

101 1843 230 1888 censum
252 1834 281 1886 et
295 1828 442 1903 quicquid
455 1827 547 1888 habet
561 1836 590 1889 et
604 1829 751 1904 quicquid
765 1835 885 1904 sperat,
909 1829 999 1889 simul
1013 1844 1085 1888 con·

102 1918 203 1986 putet:
235 1911 308 1986 iste,
330 1911 357 1972 si
379 1912 451 1971 mihi
474 1913 588 1986 credis,
611 1929 731 1989 pauper
749 1919 812 1985 est,
841 1913 868 1973 si
887 1912 957 1987 tibi,
985 1917 1087 1987 potest

102 2011 186 2055 esse.
212 1995 255 2055 Αι
274 1994 339 2069 hic,
362 1996 414 2072 qui
435 2013 471 2056 se
491 1997 531 2056 ad
552 1996 599 2069 id,
625 1997 709 2073 quod
724 1997 817 2072 exigit
831 2003 954 2070 natura,
969 1998 1129 2072 compo-1⁰

103 2078 180 2151 suit,
196 2095 256 2139 uon
272 2087 387 2140 tantum
401 2087 488 2140 extra
502 2095 629 2141 sensum
644 2088 692 2142 εει
705 2080 911 2156 paupertatis,
927 2079 984 2140 sed
998 2088 1087 2141 extra

101 2170 232 2222 metum:
255 2164 311 2223 scd
334 2172 367 2224 ut
387 2164 485 2236 scias,
508 2180 600 2239 quam
619 2165 745 2224 diliicile
766 2165 806 2224 sit
817 2180 869 2224 res
885 2178 960 2224 suas
977 2163 1017 2223 ad
1033 2179 1085 2223 na·

101 2246 231 2306 turalem
238 2247 363 2307 modum
373 2254 527 2321 coartare,
542 2246 592 2306 hic
603 2247 685 2322 ipse,
698 2263 789 2322 quem
801 2246 884 2306 circa
895 2246 910 2285 *
921 2251 1084 2318 [naturam]

103 2330 250 2404 dicimus,
272 2347 363 2406 quem
379 2339 412 2391 tu
430 2347 527 2392 vocas
549 2346 731 2405 pauperem,
752 2331 845 2391 habet
859 2329 975 2404 aliquid
989 2337 1020 2390 ει
1032 2346 1084 2389 su·

103 2414 258 2488 pervacui.
272 2415 314 2474 At
326 2423 495 2475 excaecant
509 2416 658 2490 populum
671 2422 703 2474 et
715 2415 746 2474 io
759 2430 794 2475 se
806 2419 986 2475 convertunt
997 2417 1126 2487 opes,11

103 2498 131 2556 si
152 2498 299 2560 numerati
320 2500 445 2561 multum
467 2516 506 2559 ex
527 2499 631 2574 aliqua
645 2499 737 2560 domo
754 2498 892 2571 effertur,
915 2496 1085 2563 simultum

104 2582 169 2641 auri
183 2587 263 2642 tecto
282 2598 406 2659 quoque
423 2583 489 2644 eius
503 2582 650 2657 inlinitur,
665 2584 690 2642 si
707 2582 821 2642 tamilla
837 2589 889 2642 aut
902 2580 1084 2656 corporibus

102 2666 201 2726 electa
218 2673 270 2725 aot
289 2667 466 2742 spectabilis
482 2668 565 2728 cultu
580 2674 636 2727 est.
661 2663 796 2727 omnium
811 2665 938 2726 istorum
955 2664 1084 2724 felicitas

103 2747 134 2806 in
157 2748 312 2823 publicum
334 2758 468 2825 spectat:
490 2751 549 2826 ille,
573 2767 664 2827 quem
684 2767 743 2813 nos
764 2757 794 2811 et
811 2753 928 2825 populo
943 2756 974 2810 et
988 2747 1083 2809 iortu·

101 2846 162 2891 nae
176 2832 393 2907 subduximus,
416 2835 524 2896 beatus
540 2836 705 2896 introrsum
720 2842 777 2896 est.
804 2835 880 2894 Nam
896 2834 981 2910 quod
994 2833 1035 2893 ad
1049 2833 1125 2892 il-li

100 2917 152 2975 los
175 2914 319 2988 pertinet,
344 2918 428 2991 apud
450 2935 529 2993 quos
552 2921 630 2980 salso
653 2920 824 2980 divitiarum
842 2934 955 2979 nomen
972 2916 1085 2977 invasit

98 3003 257 3071 occupata
278 3008 459 3074 paupertas,
483 3003 528 3062 sic
548 3003 671 3063 divitias
691 3003 818 3075 habent,
845 3000 1002 3077 quomodo
1016 2999 1082 3059 ha-

100 3082 196 3142 bere
211 3082 339 3141 dicimur
353 3083 514 3158 febrem,
530 3099 599 3146 cum
614 3085 665 3145 illa
679 3103 738 3146 nos
752 3085 873 3145 habeat
896 3081 1083 3145 econtrario

100 3165 208 3226 dicere
224 3168 375 3227 solemus:
396 3167 517 3228 lebria
538 3169 645 3229 illum
660 3175 776 3229 tenet
804 3168 914 3228 eodem
928 3165 1084 3226 modo-di·

99 3249 235 3310 cendum
254 3259 318 3312 est=
349 3251 519 3311 divitiae
538 3251 645 3312 illum
666 3257 806 3312 tenent
834 3250 913 3310 Nihil
928 3265 1002 3324 ergo
1019 3264 1083 3309 mo·

102 3334 209 3394 nuisse
222 3342 252 3395 te
265 3336 367 3396 malim
381 3351 473 3412 quam
488 3335 563 3405 hoc,
586 3335 670 3410 quod
684 3350 773 3396 nemo
790 3341 929 3395 monetur
943 3332 1033 3405 satis,
1050 3339 1083 3392 ut

101 3418 204 3477 omnia
224 3421 413 3481 naturalibus
434 3419 595 3480 desideriis
617 3417 765 3493 metiaris,
786 3418 900 3493 quibos
920 3423 973 3480 out
986 3414 1081 3492 gratis

101 3501 233 3564 satisfiat
248 3511 300 3566 aut
321 3521 434 3581 parvo:
462 3509 578 3565 tantum
598 3500 729 3565 miscere
744 3502 818 3564 vitia
832 3501 993 3565 desideriis
1006 3499 1079 3562 noli.
