2468 3930
225 237 396 300 0313300.
410 238 505 300 noa.
525 240 658 328 emm.
681 239 819 302 uana.
841 247 971 316 (01.0.)
1029 240 1092 304 213

111 392 206 454 otium
223 398 253 454 ct
268 391 463 453 conditivum.
492 393 591 466 „Quid
605 399 701 467 ergo?
713 393 830 468 inquis,
851 409 913 454 non
932 393 1118 466 3011030313

111 478 160 536 vel
181 475 349 537 310100030
371 492 462 550 quam
482 477 512 536 in
535 477 603 537 istis
626 477 797 538 officiorum
818 476 982 538 verticibus
1005 480 1090 539 volu-

111 559 208 622 10311α
244 559 381 635 Utraque
400 576 451 620 res
467 560 654 621 detestabilis
669 568 731 635 est,
753 568 783 620 et
799 561 965 622 contractio
986 569 1090 623 01103-

110 661 178 720 por.
200 652 284 719 puto,
300 659 400 719 aeque
414 643 467 719 qui
483 644 514 704 in
528 644 676 706 odoribus
687 644 775 720 iacet,
790 654 928 709 mortuus
940 653 987 706 est
999 663 1091 723 quam

111 727 165 804 qui
181 728 299 804 rapitur
313 744 404 802 unco.
435 728 528 788 otium
550 729 618 789 sine
637 729 733 789 literis
754 746 837 790 mors
853 737 901 790 est
915 738 944 789 et
958 729 1090 792 hominis

108 812 172 872 vivi
193 813 360 888 sepultura.
402 812 480 885 Quid
501 813 612 872 deinde
638 813 766 888 prodest
789 814 982 873 secessisset
1016 823 1119 877 tam-4

111 911 201 970 quam
222 912 284 957 non
305 897 501 957 transmaria
521 913 580 957 nos
602 896 840 956 sollicitudinum
856 913 970 957 causae
984 914 1089 973 perse-

110 989 250 1056 quantur.
286 995 384 1056 quae
406 979 559 1040 latebra
579 989 653 1054 est,
681 980 717 1039 in
745 996 853 1055 quam
874 997 948 1040 non
968 981 1090 1042 intret

108 1072 233 1125 metus
247 1065 404 1126 mortist
430 1080 509 1139 quac
522 1071 583 1123 tam
598 1063 731 1124 emunita
746 1071 776 1123 et
788 1064 817 1122 in
833 1065 925 1124 altum
938 1065 1090 1125 subducta

107 1149 189 1208 vitae
205 1149 309 1223 quies,
326 1164 416 1223 quam
431 1163 494 1207 non
510 1149 598 1210 dolor
615 1148 751 1208 territet?
788 1163 1031 1223 quocumque
1053 1157 1089 1209 te

107 1231 967 1306 abdideris,malahumanacircumstrepent.
994 1232 1089 1293 Multa

107 1323 195 1375 extra
210 1325 295 1390 sunt,
320 1328 399 1391 quae
414 1316 599 1377 circumeunt
617 1331 691 1389 nos,
712 1331 772 1391 quo
787 1322 839 1376 aut
853 1316 957 1376 lallant
974 1324 1026 1377 aut
1039 1332 1089 1377 ur-

106 1407 213 1474 geant,
228 1402 321 1460 multa
338 1398 437 1473 intus,
455 1400 581 1474 quaein
598 1399 881 1461 mediasolitudine
899 1408 1088 1461 exaestuant.

104 1482 362 1559 Philosophia
382 1484 660 1544 circumdanda
680 1492 758 1544 est=
780 1482 1025 1559 inexpugnabilis
1041 1490 1117 1550 0315

105 1583 229 1642 100303,
262 1583 354 1643 quem
379 1569 500 1627 fortuna
523 1569 624 1629 multis
652 1567 800 1628 machinis
826 1568 1001 1627 lacessitum
1025 1584 1088 1628 non

105 1652 222 1712 transit.
255 1652 285 1711 in
300 1649 500 1727 insuperabili
513 1654 582 1713 loco
601 1659 660 1713 stat
675 1652 803 1723 animus,
824 1652 876 1726 qui
893 1658 1018 1712 externa
1035 1653 1087 1712 de

105 1736 216 1810 seruit,
238 1744 268 1796 et
289 1751 359 1796 arce
383 1751 419 1796 se
440 1751 498 1795 sua
519 1736 666 1796 vindicat:
689 1736 768 1797 inira
788 1737 871 1795 illum
890 1751 980 1795 omne
994 1738 1088 1797 telum

76 1882 80 1893 ,
107 1820 196 1880 cadit
231 1820 299 1880 Non
319 1820 425 1892 habet,
454 1827 487 1880 ut
506 1830 664 1895 putamus,
692 1823 813 1882 lortuna
833 1821 942 1894 longas
962 1837 1087 1881 manus:

105 1903 256 1963 neminem
277 1910 409 1979 occupat
428 1905 487 1963 nisi
510 1905 686 1966 haerentem
708 1904 776 1965 sibi.
813 1904 920 1977 ltaque
942 1913 1117 1980 quantumi}

103 2002 288 2061 possumus,
316 1987 355 2048 ab
377 1987 429 2048 illa
442 1987 630 2051 resiliamus:
659 1990 744 2065 quod
765 1990 832 2049 sola
852 1984 1019 2063 praestabit
1040 1987 1088 2048 sui

104 2077 293 2147 naturaeque
314 2071 458 2147 cognitio.
489 2074 581 2146 30101,
605 2090 666 2149 quo
690 2073 787 2134 iturus
809 2070 864 2145 sit,
889 2073 971 2132 unde
992 2080 1087 2147 ortus,

107 2155 192 2226 quod
205 2153 247 2215 illi
260 2155 391 2230 bonum,
418 2157 503 2230 quod
518 2157 629 2217 malum
646 2156 701 2230 311,
725 2156 800 2231 quid
816 2162 912 2230 petat,
936 2156 1010 2230 quid
1025 2155 1088 2215 evi·

103 2244 156 2312 tet,
173 2254 252 2313 quae
267 2240 306 2299 sit
319 2240 371 2301 illa
381 2241 467 2314 ratio,
485 2256 565 2316 quae
576 2240 751 2316 adpetenda
764 2256 801 2299 ac
811 2239 957 2313 fugienda
972 2239 1087 2300 discer-

104 2329 172 2394 nat,
189 2339 251 2397 qua
266 2324 465 2399 cupiditatum
479 2325 668 2384 mansuescit
683 2322 817 2396 insania,
832 2321 973 2382 timorum
988 2322 1086 2383 saevi-

103 2405 147 2465 tia
170 2408 374 2482 conpescitur.
413 2409 498 2468 Haec
521 2407 644 2483 quidam
664 2414 771 2482 putant
794 2408 882 2481 ipsos
904 2406 993 2466 etiam
1019 2406 1113 2475 siner

106 2487 304 2566 philosophia
317 2493 519 2566 repressisse.
549 2492 621 2565 sed,
640 2508 709 2552 cum
724 2506 852 2553 securos
867 2489 978 2563 aliquis
994 2504 1086 2548 casus

104 2580 251 2646 expertus
272 2583 333 2648 est,
360 2576 539 2650 exprimitur
560 2591 630 2636 3030
652 2574 820 2643 consessio.
858 2589 968 2648 magna
994 2572 1088 2632 verba

102 2655 259 2733 excidunt,
276 2674 344 2718 cum
359 2666 455 2720 tortor
471 2661 615 2736 poposcit
628 2677 760 2734 manum,
777 2676 846 2720 cum
860 2674 943 2719 mors
957 2654 1086 2732 propius

102 2741 245 2801 accessit.
279 2744 385 2817 possis
405 2744 448 2802 illi
468 2743 584 2804 dicere=
612 2745 701 2804 lacile
722 2743 917 2818 provocabas
937 2742 1017 2801 mala
1033 2741 1086 2801 ab·

103 2823 218 2884 sentia:
245 2841 320 2885 ecce
334 2827 436 2899 dolor,
455 2844 546 2903 quem
562 2828 752 2888 tolerabilem
767 2845 839 2889 esse
854 2826 989 2900 dicebas,
1013 2840 1087 2884 ecce

102 2922 204 2981 mors,
233 2925 324 2983 quam
348 2917 455 2970 contra
474 2913 569 2971 multa
592 2914 730 2973 animose
752 2914 873 2974 locutus
888 2927 939 2981 es.
975 2914 1087 2969 sonant

102 2989 240 3067 flagella,
261 2992 381 3068 gladius
397 2994 502 3055 micat:

203 3093 284 3137 nunc
297 3080 405 3138 animis
418 3095 506 3154 opus,
528 3080 644 3153 00000,
666 3097 747 3140 nunc
758 3087 879 3156 pectore
891 3081 988 3151 firmo.

100 3157 212 3220 Facit
232 3168 334 3221 autem
349 3160 425 3222 illud
445 3161 594 3223 firmum
616 3163 784 3223 adsidua
806 3160 1025 3232 meditatio,
1052 3155 1114 3217 318

100 3257 177 3302 non
196 3242 317 3304 verba
336 3246 584 3321 exercueris,
606 3248 674 3307 sed
696 3245 873 3318 animum,
896 3243 930 3303 si
951 3249 1085 3302 contra

99 3333 314 3389 mortemte
328 3330 648 3404 praeparaveris,
671 3329 861 3389 adversus
885 3342 992 3402 quam
1009 3340 1084 3384 non

67 3422 73 3431 ·
100 3408 460 3473 exhortabiturnec
475 3413 659 3486 adtollat,
674 3412 738 3488 qui
755 3408 1084 3472 cavillationibus

102 3491 173 3553 tibi
203 3497 444 3568 persuadere
473 3496 725 3571 temptaverit
753 3502 911 3557 mortem
946 3495 1084 3554 malum
