2468 3930
172 333 179 340 .
269 248 438 310 unsrun.
453 249 547 310 uon.
568 250 703 310 cmxv.
723 251 781 311 nr.
797 262 824 314 a.
846 255 917 327 (ar.)
1019 249 1086 314 211

99 408 132 462 et
152 415 189 461 se
209 398 345 461 adsidue
361 399 435 462 eius
450 401 738 462 commemoratione
753 401 891 463 deiectat
919 401 1008 463 Malis
1023 413 1126 468 unani

100 484 254 559 voluptas
267 491 315 544 est
331 483 453 544 ethaeo
465 484 586 559 brevis,
602 485 674 545 dum
690 483 842 560 accipiunt
856 486 1022 562 beneficia,
1044 502 1084 546 ex

102 568 216 644 quibus
230 567 362 643 sapienti
382 570 506 642 longum
522 569 665 642 gaudium
680 577 783 630 manet
796 585 833 629 ac
848 585 995 644 perenne.
1022 587 1084 631 non

100 655 183 713 enim
196 651 280 711 ilium
296 651 455 730 accipere,
469 651 526 712 sed
539 651 700 727 accepisse
714 654 853 728 delectat,
871 655 956 729 quod
970 655 1083 716 inmor-

100 737 161 798 tale
182 743 230 796 cst
251 742 281 795 et
300 735 479 796 adsiduum
505 735 559 795 ilia·
578 737 753 810 contemnit,
776 737 888 811 quibus
903 741 1011 800 laesus
1025 747 1083 812 est,

99 835 159 882 nec
175 818 363 879 obliviscitur
377 835 434 894 per
446 818 677 894 neglegentiam,
693 821 750 880 sed
765 821 884 881 volens.
913 823 978 882 Non
996 824 1125 884 vertitis

100 903 205 966 omnia
218 903 248 963 in
263 902 356 978 peius
367 919 425 962 nec
441 903 567 977 quaerit,
583 903 632 962 cui
647 903 767 978 inputet
780 919 894 975 casum,
911 912 941 965 et
955 914 1084 980 peccata

100 987 258 1048 hominum
282 987 324 1046 ad
351 987 503 1048 fortnnam
529 987 637 1062 potius.
656 988 758 1046 refert.
796 1003 858 1047 non
885 990 1084 1051 calumniatur

100 1071 198 1132 verba
211 1086 270 1130 nec
283 1073 400 1130 voltus=
416 1071 564 1146 quicquid
579 1070 698 1145 accidit,
712 1070 844 1144 benigne
855 1069 1083 1145 interpretando

102 1157 192 1216 levat
222 1170 284 1214 non
308 1153 446 1215 offensae
466 1154 568 1229 potius
589 1170 681 1230 quem
703 1154 795 1213 officii
815 1153 956 1216 meminit.
987 1172 1082 1231 quan·

100 1247 166 1300 tum
178 1244 294 1314 potest,
315 1239 346 1297 in
366 1237 469 1314 priore
488 1254 525 1298 ac
546 1239 672 1297 meliore
688 1253 723 1298 se
737 1237 883 1298 memoria
897 1238 1011 1299 detinet
1026 1255 1084 1300 noc

100 1330 201 1383 mutat·
213 1323 345 1382 animum
359 1322 512 1382 adversus
532 1322 612 1382 bene
626 1323 767 1396 meritos,
790 1321 848 1381 nisi
863 1324 989 1383 muitum
1004 1323 1083 1383 male

101 1408 189 1467 iacta·
195 1407 388 1482 praecedunt
401 1413 432 1465 et
452 1405 646 1466 manifestum
667 1406 757 1466 etiem
780 1405 956 1466 conniventi
976 1406 1082 1466 discri-

101 1505 171 1550 men
186 1497 248 1551 est=
273 1497 345 1550 tunc
361 1505 485 1565 quoque
498 1489 603 1550 inhoc
618 1489 789 1563 dumtaxat,
810 1497 843 1550 ut
864 1490 931 1550 talis
952 1490 992 1549 sit
1012 1497 1084 1566 post

100 1574 248 1635 maiorem
270 1573 409 1634 iniuriam
432 1574 531 1648 qualis
553 1577 622 1632 ante
637 1573 829 1634 beneficium.
860 1590 930 1634 nem
946 1575 1082 1635 cumbe.-

101 1657 213 1719 neiicio
228 1664 345 1734 peresi
359 1657 483 1731 iniuria,
498 1656 613 1732 atiquid
627 1657 657 1715 in
674 1656 774 1718 animo
789 1658 1024 1719 benevolentiae
1035 1673 1082 1717 re·

101 1749 212 1802 menei.
242 1741 502 1816 Quemadmodum
515 1757 588 1801 reus
604 1741 761 1802 sententiis
778 1740 903 1816 paribus
915 1742 1125 1806 absolviturnt

102 1834 132 1886 et
145 1841 272 1902 sempor,
286 1824 432 1902 quicquid
446 1825 571 1886 dubium
586 1832 642 1897 est,
657 1825 828 1885 humanitas
843 1826 967 1887 inclinat
976 1827 1008 1885 in
1019 1842 1082 1886 mc-

101 1911 177 1971 lius:
213 1910 258 1971 sic
280 1911 399 1970 animus
420 1909 584 1985 sapientis,
612 1909 664 1969 ubi
690 1910 777 1985 paria
796 1909 954 1970 maleficiis
975 1911 1082 1970 merita

103 2000 182 2067 sunt,
198 1992 318 2055 desinet
333 1994 455 2069 quidem
470 1993 592 2066 debera,
608 1994 740 2053 sednon
755 1993 953 2054 desinitvelie
969 1995 1082 2054 dehere

101 2085 131 2138 et
143 2077 205 2137 hoc
220 2077 306 2153 facit,
322 2077 405 2153 quod
421 2076 473 2152 qui
490 2083 563 2151 post
577 2077 696 2136 tabulas
710 2093 807 2137 novas
825 2077 958 2138 solvunt.
986 2077 1081 2136 Nemo
1090 2081 1123 2140 17

101 2170 203 2223 antem
218 2169 321 2236 gratus
336 2177 407 2222 esse
422 2167 537 2235 potest,
558 2159 618 2219 nisi
632 2161 850 2234 contempserit
865 2162 938 2233 ista,
955 2169 1084 2235 propter

103 2262 182 2322 quae
198 2246 306 2320 volgus
321 2243 447 2304 insanit=
474 2244 500 2303 si
514 2241 692 2303 referre-vis
707 2245 847 2318 gratiam,
869 2243 942 2302 etin
958 2244 1083 2304 exilium

102 2331 236 2392 eundum
253 2337 301 2389 est
314 2336 344 2389 et
355 2328 560 2388 effundendus
572 2327 697 2401 sanguis
709 2333 739 2386 ct
750 2325 949 2402 suscipiende
960 2334 1082 2401 egestas

103 2423 134 2475 et
148 2414 218 2489 ipsa
233 2411 405 2473 innocentia
418 2412 703 2487 saepemaeulanda
714 2409 911 2485 indignisque
923 2410 1084 2470 obicienda

102 2497 288 2559 rumoribus.
317 2497 385 2557 Non
406 2512 502 2571 parvo
523 2495 581 2556 sibi
602 2494 828 2556 constathomo
842 2501 957 2568 gratus.
991 2492 1126 2568 (Nihilne

102 2581 206 2642 carius
224 2581 420 2641 aestimemus
441 2595 533 2653 quern
553 2579 750 2651 beneficium,
774 2576 920 2653 quamdiu
942 2578 1082 2651 petimus,

102 2664 175 2726 nihii
195 2665 302 2739 vilius,
326 2680 395 2724 cum
416 2663 617 2738 accepimus.)
656 2662 799 2737 Quaeris,
827 2662 902 2738 quid
922 2660 976 2737 sit,
998 2661 1084 2738 quod

103 2748 288 2810 oblivionem
310 2745 400 2808 nobis
415 2753 612 2822 acceptorum
625 2748 736 2808 iaciat?
764 2746 916 2822 cupiditas
931 2746 1083 2821 accipien-

103 2833 223 2895 dorum.
252 2831 421 2906 cogitamus
436 2847 499 2892 non
515 2831 590 2904 quid
603 2830 800 2906 inpetratum,
815 2831 872 2891 sed
889 2829 963 2906 quid
978 2837 1082 2906 petan-

103 2917 177 2978 dum
198 2914 247 2976 sit.
274 2914 456 2976 abstrahunt
478 2922 601 2975 arecio
617 2915 754 2988 divitiae,
775 2915 925 2986 honores,
948 2913 1083 2990 potentie

102 3008 132 3062 et
152 3006 268 3073 cetae,
285 3014 365 3073 quae
380 2998 525 3074 opinione
540 3004 646 3059 nostra
661 3015 732 3059 cara
748 3005 834 3071 sunt,
850 2998 949 3074 pretio
966 3013 1024 3058 suo
1039 2997 1082 3055 vi·

101 3085 152 3145 iia
182 3083 343 3144 Nescimus
365 3084 610 3156 aestimarem,
631 3082 669 3142 de
690 3081 801 3158 quibus
823 3097 885 3142 non
909 3097 977 3141 cum
993 3082 1125 3153 iamang

102 3168 167 3230 sed
185 3183 255 3228 cum
280 3181 382 3227 rerum
403 3176 510 3229 natura
530 3164 759 3227 deliberandum
783 3171 845 3225 est:
875 3162 948 3224 nihil
972 3163 1085 3222 habent

101 3253 161 3314 iste
174 3251 383 3327 magnificum,
401 3267 462 3327 quo
476 3257 593 3311 mentes
608 3249 638 3308 in
658 3265 692 3310 se
707 3257 829 3310 nostras
843 3248 977 3321 tmhant,
995 3258 1083 3321 pree-

100 3343 154 3398 ten·
167 3336 243 3410 hue,
267 3335 351 3411 quod
372 3334 474 3396 mirari
493 3335 544 3395 illa
559 3333 785 3396 consuevimus.
814 3331 986 3405 nonenim,
1013 3328 1086 3403 quia

102 3419 453 3496 concupiscendasunt,
468 3418 640 3490 laudantur,
656 3417 714 3478 sed
728 3414 995 3491 concupiscuntur,
1012 3413 1085 3488 quia

102 3505 329 3567 laudatasuntr
356 3511 387 3566 et
399 3519 468 3566 cum
482 3503 672 3579 singulorum
692 3516 778 3562 error
796 3500 952 3577 pubiicum
971 3497 1084 3571 iecerit,

861 3583 918 3648 14*
