2468 3930
190 247 254 312 ate
478 247 511 306 n.
532 244 680 306 anunm
696 229 872 304 sennenn

190 400 320 461 excedat
334 413 373 457 ex
387 397 446 456 hoc
461 392 634 455 animalium
644 409 772 454 numero
789 393 994 469 pulcherrimo
1008 396 1108 457 aedis
1123 412 1172 457 se·

160 493 178 546 8
191 483 308 545 cundoz
323 481 414 541 nrutis
430 480 614 554 adgregetur
628 477 739 537 animal
754 477 868 551 pabulo
883 479 1005 538 laetum.
1044 479 1174 541 InratiO

189 568 267 626 nalis
282 581 356 641 pars
377 563 468 623 animi
488 563 570 622 duas
591 562 684 621 habet
703 568 824 635 partes,
846 562 971 622 alteram
991 563 1171 638 animosam,

189 648 390 721 ambitiosam,
399 648 595 722 inpotentem,
608 645 741 720 positam
751 646 782 704 in
795 645 1029 720 adfectionibus,
1047 650 1173 709 alteram

189 733 342 802 humilem,
359 729 542 806 languidam,
557 728 768 803 voluptatibus
781 728 929 790 deditam:
946 731 1028 790 illam
1041 729 1172 792 effrena·

189 823 265 890 tam,
290 816 445 875 meliorem
466 821 581 887 tamen,
604 819 687 873 certe
702 813 858 872 tortionem
872 828 909 872 ac
923 813 1092 888 digniorem
1107 817 1172 877 viro

173 900 390 974 reliquerunt,
421 898 501 957 hanc
525 896 733 957 necessariam
752 896 860 956 beatae
882 897 962 956 vitae
978 906 1171 973 putaverunt,

162 991 179 1047 9
192 998 337 1043 enervem
351 988 382 1041 et
397 982 556 1041 abiectam.
584 979 662 1040 Huic
676 979 824 1039 rationem
840 981 957 1039 servire
974 982 1132 1043 iusserunt
1145 991 1174 1043 et

190 1067 330 1127 lecerunt
344 1063 484 1124 animalis
491 1063 722 1139 generosissimi
738 1063 853 1123 bonum
862 1064 1028 1125 demissum
1046 1074 1076 1127 et
1088 1067 1172 1141 igno-

189 1150 266 1223 bile,
296 1157 456 1224 proeterea
479 1149 603 1207 mixtum
632 1154 907 1223 portentosumque
929 1156 1019 1208 etex
1041 1149 1172 1210 diversis

191 1249 227 1294 ac
253 1235 330 1294 male
355 1231 594 1305 congruentibus
612 1229 766 1291 membris.
805 1247 875 1290 nam
902 1238 936 1291 ut
956 1233 997 1292 ait
1017 1233 1172 1308 Vergilius

191 1326 306 1390 noster,
326 1318 357 1374 in
373 1315 479 1391 Scylla

273 1404 375 1477 primo
393 1401 517 1459 bominis
529 1398 629 1472 socies
643 1399 809 1474 etpulcltro
820 1405 941 1473 pectore
957 1402 1041 1475 virgo

272 1487 351 1561 pube
367 1490 466 1543 tenus:
476 1488 627 1558 postremo
638 1485 754 1542 inmuni
762 1486 1007 1558 corporepistrtx

276 1568 450 1643 delphinum
465 1567 583 1627 caudas
597 1572 681 1626 atero
693 1569 849 1626 commissa
859 1568 1006 1645 luporum.

191 1651 261 1710 huic
275 1659 375 1710 tamen
392 1648 515 1726 Scyllae
531 1650 595 1708 tera
611 1650 752 1708 animalia
765 1649 908 1709 adiuncta
925 1659 996 1711 sunt
1010 1650 1171 1725 horrenda,

189 1735 323 1794 velociaz
346 1742 377 1794 at
397 1732 446 1793 isti
468 1733 649 1807 sapientiam
664 1748 702 1792 ex
719 1733 830 1808 quibus
846 1749 1041 1807 conposuere
1051 1743 1173 1808 porten-

150 1819 250 1882 lotis?
266 1817 385 1892 „Prima
400 1833 472 1892 pars
487 1816 675 1877 lrominisest
691 1816 761 1890 ipsa
774 1817 886 1877 virtns=
898 1817 969 1876 hnic
980 1819 1175 1878 committitur

191 1900 304 1962 inutilis
326 1917 397 1961 caro
414 1909 444 1961 et
456 1899 567 1974 fluida,
593 1901 790 1975 receptandis
811 1906 923 1961 mnium
939 1899 1015 1959 cibis
1030 1899 1174 1973 habilis‚“

190 1991 224 2054 ut
237 1984 279 2045 ait
291 1984 486 2046 Posidonius.
516 1985 611 2045 virtus
628 1984 679 2044 illa
694 1984 797 2043 divina
810 1983 840 2043 in
855 1982 1001 2043 lubricum
1017 1982 1131 2044 desinit
1145 1993 1176 2044 et

191 2070 402 2144 superioribus
424 2070 490 2130 eius
516 2068 655 2144 partibus
676 2066 860 2128 venerandis
881 2074 972 2140 atque
987 2065 1174 2128 coelestibus

192 2153 302 2213 animal
316 2155 398 2213 iners
414 2168 451 2213 ac
465 2151 632 2213 marcidum
649 2151 809 2212 adtexitur.
832 2151 883 2210 illa
892 2156 1057 2225 utcumque
1069 2151 1174 2226 altera,

192 2237 294 2312 quies,
316 2236 390 2297 nihil
413 2238 534 2312 quidem
556 2236 626 2311 ipsa
645 2235 822 2309 praestabat
840 2232 956 2309 animo,
979 2234 1035 2294 sed
1055 2233 1174 2309 inpedi—

191 2329 292 2381 menta
307 2321 500 2382 removebat:
522 2322 666 2394 voluptas
682 2321 759 2380 ultro
775 2319 917 2379 dissolvit
931 2323 962 2377 et
975 2333 1065 2378 omne
1080 2319 1175 2379 robur

191 2405 313 2467 emollit.
357 2404 441 2478 Quae
465 2404 635 2465 invenietur
657 2409 718 2463 tam
741 2404 862 2463 discors
880 2403 957 2463 inter
983 2402 1175 2463 seiunctum

191 2496 377 2565 corpommt
403 2488 588 2549 fortissimae
607 2485 652 2546 rei
672 2484 857 2546 inertissima
885 2485 1064 2560 adstruitur,
1086 2501 1173 2545 seve·

190 2573 330 2633 rissimae
352 2573 459 2647 parum
480 2571 578 2642 scria,
608 2569 820 2631 sanctissimae
844 2571 1052 2645 intemperans
1073 2581 1174 2645 usque

148 2657 220 2714 lltn
236 2656 361 2716 incesta.
399 2653 498 2728 „Quid
514 2670 602 2729 ergo,
629 2652 741 2729 inquit,
764 2654 791 2714 si
805 2654 945 2715 virtutem
961 2653 1035 2713 nihil
1055 2651 1172 2727 inpedi-

190 2745 258 2797 tura
278 2738 318 2797 sit
337 2738 438 2796 bona
457 2738 638 2798 valitudo
661 2745 697 2798 et
718 2736 830 2813 quies
854 2745 890 2797 et
909 2738 1088 2797 dolorum
1110 2752 1173 2795 va·

191 2820 310 2880 cotim
333 2837 395 2880 non
411 2828 499 2895 petes
514 2821 623 2881 illast“
660 2821 800 2896 Quidni
821 2827 968 2896 potami
991 2835 1068 2879 non
1085 2820 1175 2895 quia

189 2903 289 2963 bona
310 2911 413 2978 sunt,
438 2907 506 2966 sed
532 2907 622 2980 quia
647 2905 860 2966 secundum
882 2911 1059 2964 naturam
1086 2909 1176 2963 sunt

191 2988 328 3063 etquia
352 2988 453 3050 bono
478 3005 496 3048 a
521 3005 577 3049 me
599 2989 747 3049 iudicio
775 2995 984 3049 sumentur.
1025 2986 1097 3063 quid
1118 2985 1176 3046 erit

98 3082 100 3085 ’
190 3079 261 3132 tunc
276 3072 305 3130 in
320 3073 379 3132 illis
395 3072 531 3134 bonnm?
550 3073 610 3133 lroc
624 3089 731 3147 unum,
748 3072 829 3132 bene
844 3071 924 3148 eligi.
952 3087 1023 3130 nam
1037 3086 1106 3132 cnm
1121 3085 1174 3130 ve-

190 3163 267 3215 stem
283 3158 404 3233 qualem
419 3158 521 3230 decet,
545 3173 649 3230 sumo,
671 3171 739 3216 cum
756 3155 878 3216 ambulo
897 3164 932 3217 nt
946 3160 1081 3230 oportet,
1104 3171 1173 3215 cum

191 3254 288 3300 coeno
311 3240 566 3317 quemadmodum
589 3240 704 3313 debeo,
728 3256 790 3300 non
812 3255 910 3301 coena
935 3246 986 3299 aut
1009 3237 1174 3299 ambulatio

191 3330 243 3382 aut
262 3326 358 3385 vestis
384 3327 466 3386 bona
481 3323 566 3398 sunt,
591 3325 647 3384 sed
662 3339 762 3383 meum
777 3324 808 3382 in
823 3323 859 3384 iis
875 3323 1085 3399 propositum,
1109 3338 1173 3382 ser·

165 3412 181 3424 ⁶
197 3407 288 3468 rantis
302 3408 333 3467 in
350 3424 472 3485 quaque
486 3423 520 3466 re
531 3408 639 3468 rationi
652 3407 885 3467 convenientem
896 3407 1030 3467 modum.
1062 3406 1174 3468 Etiam·

233 3504 272 3549 nc
293 3491 442 3552 adiciam:
462 3491 593 3552 mundae
612 3489 708 3551 vestis
729 3489 839 3551 electio
859 3491 1033 3565 adpetenda
1054 3497 1103 3551 est
1116 3489 1169 3550 ho·
