2468 3930
162 247 334 309 EPISTUL.
349 247 443 308 ΜΘΗ.
460 248 974 326 LIB.xvlll.l:P.1.a.(1ot.1os.)
1018 249 1080 313 345

102 401 190 461 vides
205 407 267 460 tam
281 398 409 458 mortem
424 414 521 473 posse
536 400 688 459 contemni
709 415 800 474 quarn
814 400 953 460 exiliumr
975 408 1003 461 et
1018 402 1081 461 exi·

100 485 174 544 lium
197 483 255 543 sibi
276 483 383 542 indixit
403 489 434 542 et
446 490 572 543 mortem
588 490 619 542 et
632 483 749 543 interim
762 482 884 544 bellum.
911 484 1119 556 Possumus.34

95 568 204 644 'itaque
225 566 375 626 adversus
396 564 456 625 ista
477 572 591 626 tanturn
612 565 725 626 habere
745 568 851 640 animi,
878 567 970 628 libeat
988 570 1080 630 modo

102 647 276 712 subducere
293 651 364 724 iugo
377 649 497 710 collum.
531 650 561 708 in
575 650 679 724 primis
692 658 790 711 autem
806 653 1000 728 respuendae
1011 661 1083 714 sunt

101 735 291 810 voluptatesz
309 741 456 793 enervant
465 739 495 793 et
506 732 681 794 effeminant
691 742 721 793 et
731 737 856 795 multum
871 740 983 810 petunt.
1008 738 1081 796 mul·
1186 735 1188 738 ’

103 825 166 881 tum
187 825 288 878 autem
310 833 328 876 a
348 819 470 878 lortuna
490 817 655 892 petendum
670 824 725 876 est.
759 818 871 878 deinde
888 821 1084 894 spernendae

102 918 197 978 opes:
217 908 447 962 auctoramenta
462 907 534 960 sunt
548 899 738 961 servitutum.
759 916 866 962 aurum
882 909 911 960 et
925 910 1080 978 argentum

102 995 133 1048 et
148 984 295 1062 quicquid
314 984 396 1045 aliud
412 984 518 1045 salices
532 985 641 1044 domos
657 991 777 1057 onerat,
797 985 999 1060 relinquatur:
1020 1004 1080 1048 non

102 1076 205 1146 potest
225 1069 319 1144 gratis
340 1075 481 1130 constare
501 1066 634 1129 libertas.
665 1068 745 1128 hanc
761 1068 786 1127 si
803 1084 912 1143 magno
928 1071 1081 1144 aestimas,

103 1154 205 1214 omnia
219 1167 315 1228 paruo
330 1151 520 1213 aestimanda
534 1159 613 1212 sunt.
633 1153 722 1211 Vale.

391 1288 607 1346 EPISTULA
632 1290 665 1344 ll.
693 1289 782 1360 (105.)

354 1384 465 1454 Seneca
481 1385 593 1436 Lucrtro
613 1396 664 1435 suo
682 1396 821 1436 aaronem.

167 1487 268 1561 Quae
289 1487 538 1548 observanda
557 1486 629 1548 tibi
650 1488 743 1561 sint,
763 1484 1108 1561 uttutiorvivas,l

102 1571 236 1633 dicam.
262 1580 295 1632 tu
308 1578 409 1630 tamen
425 1570 470 1630 sic
488 1568 596 1630 audias
612 1586 724 1631 censeo
740 1570 800 1631 ista
815 1578 989 1646 praecepta,
1006 1587 1078 1646 quo-

101 1656 196 1716 modo
213 1655 239 1715 si
253 1655 307 1715 tibi
321 1654 544 1730 praeciperem,
562 1671 623 1729 qua
633 1656 751 1715 ratione
761 1655 873 1714 bonam
887 1654 1083 1715 valitudinem

101 1741 130 1800 in
148 1739 475 1799 Ardeatino-tuereris.
504 1739 735 1812 Considera,
757 1752 855 1814 quae
873 1738 967 1812 sint,
986 1754 1083 1813 quae

101 1824 293 1884 hominem
312 1821 348 1882 in
373 1822 589 1897 perniciem
608 1821 1001 1897 hominisinstigent=
1027 1824 1082 1882 in·
1106 1831 1115 1881 ἶ·

101 1907 1082 1981 veniesspem,invidiam,odium,metum‚contern-

101 1999 218 2067 ptum.
245 1989 292 2049 Ex
317 1989 457 2050 omnibus
473 1991 540 2050 istis
556 1991 635 2051 adeo
648 1991 837 2052 levissimum
852 1997 900 2051 est
914 1997 1081 2051 contem·
1098 2000 1114 2052 t
1189 2037 1191 2041 a

102 2083 210 2151 ptuS,
236 2081 270 2133 ut
282 2074 366 2134 multi
386 2074 416 2132 in
433 2074 489 2134 illo
509 2074 637 2133 remedii
658 2091 753 2136 causa
777 2074 958 2134 delituerint.
992 2091 1082 2149 quem

102 2159 174 2235 quis
196 2159 376 2231 contemnit,
405 2158 502 2217 calcat
528 2159 595 2216 sine
619 2158 727 2232 dubio,
756 2158 812 2217 sed
839 2156 956 2219 transit.
992 2174 1083 2218 nemo

101 2241 218 2302 homini
243 2248 417 2316 contempto
444 2239 659 2315 pertinaciter,
691 2257 781 2301 nemo
807 2239 967 2314 diligenter
984 2249 1083 2302 nocet.

101 2328 193 2387 etiam
218 2327 247 2386 in
276 2328 342 2386 acie
367 2326 472 2385 iacens
498 2324 693 2399 praeteritur,
719 2340 786 2384 cum
808 2330 906 2384 stante
924 2333 1084 2399 pugnatur.

103 2409 218 2485 Spem
242 2410 441 2485 inproborum
463 2409 588 2479 vitabis,
611 2408 638 2467 si
659 2408 732 2468 nibil
745 2408 906 2480 habueriS,
929 2407 1013 2483 quod
1033 2424 1084 2467 ou·

103 2493 261 2570 piditatem
286 2495 416 2554 alienam
438 2500 468 2552 et
492 2491 653 2566 inprobam
678 2492 793 2563 inritet,
821 2489 848 2550 si
874 2491 945 2551 nihil
965 2492 1084 2565 insigne

102 2577 295 2654 possederis.
322 2577 581 2651 concupiscuntur
601 2576 680 2636 enim
699 2576 879 2654 [insignia]
899 2576 988 2636 etiam
1009 2592 1085 2650 quoe

101 2677 176 2723 rara
195 2662 226 2720 in
248 2663 384 2723 notitiam
407 2669 487 2721 sunt.
521 2659 573 2720 Sic
595 2666 700 2734 [raro]
727 2659 914 2720 invidiam
945 2658 1083 2734 effugies

102 2747 130 2806 si
151 2752 182 2804 te
207 2762 269 2806 non
294 2743 462 2820 ingesseris
489 2745 604 2818 oculis,
632 2746 659 2804 si
682 2746 766 2805 bona
789 2751 842 2804 tua
866 2761 928 2805 non
953 2744 1084 2804 iactave-

102 2830 161 2902 ris,
189 2829 216 2888 si
235 2828 343 2889 scieris
364 2831 392 2888 in
415 2829 484 2888 sinu
506 2830 650 2903 gaudere.
688 2828 822 2889 Odium
841 2837 894 2889 aut
913 2834 957 2890 est
977 2844 1016 2887 ex
1040 2828 1085 2887 ol·

102 2914 209 2974 sensa:
238 2913 298 2972 hoo
318 2912 427 2973 vitabis
448 2913 597 2972 neminem
614 2913 815 2988 lacessendo:
844 2921 896 2973 aut
912 2911 1084 2987 gratuitum,

103 3013 121 3056 a
137 3011 199 3072 quo
215 3005 243 3056 te
259 3013 370 3057 sensus
389 2997 556 3056 communis
570 2998 710 3057 tuebitur.
740 2996 795 3057 luit
815 2995 874 3056 hoc
888 2996 989 3055 multis
1005 2995 1083 3069 peri-

103 3079 259 3141 culosum:
283 3081 406 3156 quidem
427 3081 530 3141 odium
551 3080 721 3141 habuemnt
734 3095 792 3139 nec
805 3080 968 3138 inimicum.
997 3077 1084 3149 lllud,
1107 3117 1111 3124 -

102 3180 148 3224 ne
168 3165 359 3235 timearis,
382 3164 550 3239 praestabit
569 3164 622 3224 tibi
643 3171 674 3224 et
693 3165 832 3224 lortunae
847 3161 1041 3221 rnediocritas
1057 3166 1087 3218 et

103 3246 219 3322 ingenii
235 3248 355 3308 lenitas.
381 3264 450 3308 eum
467 3262 538 3308 esse
552 3254 582 3307 te
596 3245 736 3307 homines
752 3244 864 3319 sciant,
882 3260 973 3320 quern
990 3243 1083 3304 offen·

103 3332 179 3392 dere
197 3331 264 3392 sine
286 3331 422 3407 periculo
441 3331 578 3407 possint:
600 3328 807 3389 reconciliatio
822 3334 875 3387 tua
889 3335 919 3388 et
934 3327 1031 3387 laoilis
1047 3326 1087 3386 sit

104 3422 135 3474 et
150 3422 242 3476 certa.
268 3414 367 3476 timeri
388 3423 489 3476 autern
505 3423 567 3476 tarn
590 3412 673 3474 domi
693 3413 854 3473 molestum
869 3418 917 3472 est
935 3426 1026 3486 quarn
1041 3411 1086 3470 io'·

104 3499 166 3573 ris,
181 3505 243 3559 tam
258 3515 277 3559 a
291 3498 391 3561 servis
407 3515 499 3576 quarn
514 3515 533 3558 a
546 3497 660 3559 liberis.
688 3496 762 3557 nulli
783 3512 844 3556 non
859 3496 903 3556 ad
914 3495 1086 3556 nocendum
