2468 3930
227 236 396 298 EPISTUL.
411 236 504 298 molt.
525 237 597 298 LIB.
610 239 648 298 V.
669 237 726 298 ΕΡ.
737 246 764 300 3.
776 246 802 300 4.
824 245 880 314 (44.
892 242 949 311 45.)
1034 238 1075 303 al

397 439 612 498 EPISTULA
638 442 685 501 IV.
711 439 783 518 (45.)

358 534 469 588 Seneca
485 537 596 588 Lucum
617 549 668 612 suo
688 547 827 591 amusan.

163 639 323 701 Librorum
347 639 416 699 istic
439 638 573 715 inopiam
596 655 668 701 esse
694 639 840 715 quereris.
885 639 952 700 Non
975 641 1104 717 refert,1

99 739 194 800 quarn
207 723 334 794 multos,
356 723 414 783 sed
428 739 520 796 quam
533 723 632 785 bonos
646 722 778 783 habeasz
799 723 889 784 leclIo
905 731 988 784 certa
1005 741 1075 800 pro-

101 809 184 880 dest,
205 807 291 867 varia
303 806 444 868 delectat.
470 807 537 882 qui,
561 823 622 882 quo
638 805 813 880 destinavit,
830 807 991 881 pervenire
1001 811 1074 882 vult,

100 907 192 952 unam
211 897 357 965 sequatur
372 890 469 965 viam,
490 907 551 951 non
573 906 629 966 per
649 891 758 951 mullas
779 897 920 964 vagetur:
947 908 1011 951 non
1032 893 1076 952 ire

100 976 194 1047 istuc,
223 974 282 1036 sed
305 989 410 1034 errare
436 981 492 1034 est.
532 975 686 1048 „Vellcm,
715 974 832 1049 inquis,
859 975 957 1049 magis
981 975 1104 1045 librosn

100 1057 173 1118 mihi
188 1072 281 1133 quam
294 1056 455 1119 consilium
469 1059 590 1119 dares.*“
626 1057 691 1132 ugo
705 1072 779 1119 vern
796 1072 1009 1132 quoscumque
1023 1059 1076 1119 ha·

100 1143 175 1218 beo,
195 1141 311 1202 mittere
326 1148 449 1217 paratus
465 1157 533 1204 sum
547 1148 578 1202 et
592 1148 686 1202 totum
701 1141 841 1201 horreum
856 1148 1008 1201 excutere.
1027 1159 1077 1201 me

100 1240 226 1302 quoque
246 1223 321 1298 isto,
344 1225 371 1285 sl
391 1241 533 1301 possem,
555 1226 764 1298 transferrem,
787 1231 817 1283 et
835 1224 895 1284 nisi
917 1232 1033 1285 mature
1046 1232 1076 1285 te

100 1310 192 1371 duem
207 1308 300 1370 cilicii
321 1324 478 1384 sperarem
492 1310 725 1384 inpetraturum,
745 1307 826 1368 hanc
841 1308 968 1369 senilem
982 1323 1076 1383 expe-

100 1392 246 1454 ditionem
266 1391 449 1453 indixissem
468 1392 540 1454 mihi
557 1409 614 1454 nec
629 1408 681 1453 me
696 1390 866 1470 Charybdis
883 1398 913 1452 et
929 1391 1032 1470 Scylla
1047 1400 1077 1452 et

99 1477 275 1538 fabulosum
294 1476 377 1537 istud
395 1477 505 1539 fretum
525 1477 680 1539 deterrere
698 1476 884 1551 potuissent
904 1482 1075 1536 tranassem

99 1560 175 1634 ista,
198 1577 260 1622 non
275 1560 374 1622 soltun
386 1560 591 1636 traiecissem,
610 1560 774 1622 dummodo
790 1568 821 1620 te
835 1558 986 1634 conplecti
1001 1576 1074 1636 pos-

99 1660 168 1706 sem
191 1651 220 1705 et
245 1659 393 1720 praesens
420 1644 596 1718 aestimare,
625 1652 768 1721 quendum
790 1642 889 1704 animo
909 1644 1075 1705 cmvissea.

102 1729 239 1790 ceterum
256 1728 357 1804 quod
378 1728 502 1790 libros
524 1744 628 1789 meos
648 1727 720 1789 tibi
740 1727 838 1788 mitti
852 1727 1103 1801 desiderans

100 1828 165 1872 non
184 1811 280 1888 magis
299 1812 369 1874 ideo
381 1828 433 1872 me
447 1811 594 1874 disertum
610 1820 683 1888 puto
699 1828 790 1888 quarn
806 1813 974 1873 formosum
988 1816 1073 1887 puta

99 1911 179 1970 rem,
200 1896 227 1957 si
243 1896 405 1971 imaginem
420 1910 519 1957 meam
536 1905 665 1972 peteres.
698 1896 969 1971 indulgentiae
990 1896 1074 1956 scio

101 1980 207 2042 istud
233 1995 337 2055 esse,
358 1995 432 2043 uon
453 1979 601 2042 iudicii
635 1987 665 2040 et
681 1980 813 2042 simodo
828 1980 930 2040 iudicii
946 1985 1008 2054 est,
1029 1977 1073 2038 in-

102 2063 258 2138 dulgentia
271 2064 325 2126 tibi
340 2064 486 2140 inposuit.
522 2063 584 2125 Sed
600 2065 840 2140 qualescumque
854 2071 939 2138 sunt,
956 2071 992 2124 tu
1005 2063 1105 2124 illosl

100 2146 146 2208 sic
158 2148 244 2223 lege,
265 2156 418 2223 amquam
431 2163 537 2210 verum
553 2164 697 2225 quaeram
713 2147 826 2221 adhuc,
843 2162 905 2207 non
917 2148 1030 2221 sciam,
1045 2153 1075 2206 et

100 2233 320 2293 contumaciter
328 2248 482 2308 quaeram.
498 2233 652 2294 nonenim
663 2247 712 2292 me
724 2231 864 2305 cuiquam
873 2230 1074 2306 emancipari,

100 2313 212 2377 nullius
238 2331 349 2377 nomen
375 2317 450 2378 lere
481 2318 637 2377 multum
664 2329 884 2390 magnorum
906 2313 1075 2375 virorum

100 2395 249 2461 iu'dicio
266 2400 399 2474 credo,
421 2399 572 2475 aliquid
585 2406 623 2460 et
638 2414 718 2459 meo
733 2397 900 2458 vindico.
918 2412 1001 2458 narn
1014 2394 1076 2455 illi

101 2499 256 2559 quoquc
278 2499 350 2546 non
372 2482 544 2558 inuenta,
565 2479 1074 2559 sedquaerendanobisre-

99 2567 311 2642 liquerunt,
333 2576 368 2628 et
386 2568 634 2631 invenissent
650 2565 817 2627 forsitan
832 2561 1073 2636 necessaria,

99 2648 177 2710 nisi
196 2657 234 2710 et
256 2666 503 2726 supervacua
524 2651 785 2726 quaesissent.
819 2648 974 2709 Multum
992 2645 1102 2706 illisa

98 2733 290 2809 temporis
314 2735 521 2796 verborum
550 2734 748 2796 cavillatio
779 2730 926 2808 eripuit
950 2737 989 2791 et
1011 2746 1074 2790 ce-

100 2817 257 2892 ptiosee
279 2816 588 2892 disputationes,
616 2833 716 2892 quae
736 2831 895 2877 acumen
915 2813 1075 2874 inritum

100 2908 298 2962 exercent.
339 2902 491 2964 Nectimus
513 2902 615 2963 nodos
634 2908 670 2962 et
689 2900 862 2975 ambiguam
878 2897 1074 2973 significatio

100 2998 170 3045 nem
186 2983 289 3047 verbis
303 2983 466 3060 inligamus
480 3000 517 3047 ac
531 2985 642 3046 deinde
656 2983 869 3045 dissolvimus:
890 2989 1005 3042 tantum
1018 2996 1074 3040 no

99 3067 148 3129 bis
162 3074 273 3130 vacate
293 3069 352 3131 iam
367 3069 482 3142 vivere,
500 3067 560 3129 iam
572 3065 648 3129 mori
659 3066 795 3129 scimust
824 3065 1075 3126 Tolaillomcnte

100 3152 290 3227 pergendum
312 3157 374 3226 est,
401 3150 454 3214 ubi
475 3152 629 3227 provideri
648 3150 753 3224 debet,
782 3165 821 3208 ne
841 3163 892 3208 res
912 3164 988 3221 uos,
1013 3161 1074 3205 non

99 3234 209 3311 verba,
235 3235 397 3310 decipiant
433 3234 510 3308 Quid
530 3233 603 3296 milri
619 3249 730 3295 vocum
742 3228 956 3295 similitudines
967 3226 1103 3290 distin-6

97 3320 183 3394 guis,
213 3319 325 3395 quihus
348 3334 602 3394 nonnumquam
626 3317 684 3379 nisi
706 3317 778 3377 dum
794 3314 941 3387 disputat,
967 3318 1074 3386 captus

99 3409 167 3463 estt
198 3417 251 3463 res
265 3403 386 3470 lallanta
418 3402 486 3465 illas
504 3401 653 3464 discerne.
686 3400 744 3460 Pro
760 3395 850 3459 bonis
864 3397 944 3456 mala
960 3396 1074 3470 ample·

98 3486 221 3548 utimum
248 3493 392 3562 optamus
410 3492 518 3550 eontra
536 3485 584 3559 id,
612 3483 696 3559 quod
721 3481 903 3558 optavimus.
939 3486 1075 3555 pugnant
