2468 3930
294 248 340 303 DE
356 247 529 305 FORMULA
545 247 737 306 HONESTAE
752 247 870 304 VITAE.
1006 245 1068 306 473

99 406 236 473 receptor.
269 398 431 471 Requirenti
442 399 524 455 tacite
535 400 688 473 responde,
704 400 881 456 contendenti
897 398 978 455 iacile
990 398 1070 467 cede,

100 501 134 540 ne
150 486 179 540 in
195 484 286 555 iurgia
299 483 548 554 exsecrationesque
561 478 622 560 [al'.
634 500 686 540 nec
700 484 738 539 ad
752 483 914 540 iniuriarum
928 483 1070 539 excitatio·

99 562 166 645 nes]
182 566 350 625 descendas.
372 566 402 624 Si
414 567 561 624 continens
575 584 616 637 es,
634 573 662 624 et
675 567 760 626 animi
774 569 813 625 tui
828 575 856 624 et
871 568 997 640 corporis
1012 583 1070 623 mo·
1081 572 1113 627 14

100 659 145 708 tus
161 654 296 716 observa,
313 667 349 706 ne
363 651 491 707 indecori
505 653 571 707 sint.
593 668 646 709 nec
660 652 725 708 ideo
740 651 804 707 illos
820 658 991 723 contemnas,
1006 651 1072 724 quia

100 738 195 792 latent.
218 751 283 791 nam
300 734 370 790 nihii
387 733 489 804 differt,
505 736 627 792 sinemo
645 735 750 804 videat,
764 751 828 790 cum
843 740 872 791 tn
886 736 947 808 ipse
963 736 1071 793 videas.

101 819 211 876 Mobilis
227 825 297 887 esto,
317 835 374 874 non
388 819 476 886 levis,
491 825 633 887 constans,
649 836 706 875 non
720 818 857 891 pertinax.
888 819 1016 876 Aiicuins
1031 820 1075 874 rei.

101 904 248 961 scientiam
264 908 291 958 te
306 902 410 958 habere
428 916 481 958 nec
502 903 538 959 sit
557 904 682 975 ignotum
701 919 755 959 nec
777 902 933 958 molestum.
968 903 1072 960 Omnes
1081 911 1114 965 15

101 987 149 1043 tibi
163 1002 247 1058 pares
264 987 370 1042 iacias:
392 986 539 1043 interiores
554 986 743 1058 superbiendo
759 1002 815 1041 non
829 992 1008 1055 contemnas,
1024 989 1072 1052 su'·

100 1071 228 1143 periotes
238 1075 315 1126 recte
329 1069 454 1125 vivendo
470 1086 527 1126 non
541 1077 659 1127 metuas.
688 1072 720 1127 ln
733 1069 882 1126 reddenda
896 1069 1072 1127 officiositate

102 1169 193 1225 neque
207 1154 355 1225 negligens
370 1168 461 1225 neque
480 1159 595 1211 exactor
612 1170 761 1226 appareas.
794 1153 905 1212 Cunctis
919 1160 980 1210 esto
996 1152 1074 1208 beni·

103 1253 191 1310 gnus,
215 1237 320 1295 nemini
341 1236 477 1307 blandus,
497 1238 597 1310 paucis
619 1239 782 1306 familiaris,
807 1237 934 1295 omnibns
955 1253 1073 1309 aequus.

103 1319 236 1378 Severior
250 1327 310 1378 esto
325 1321 429 1378 iudicio
447 1336 530 1393 quam
543 1337 688 1392 sermone,
704 1325 762 1380 vita
778 1338 861 1394 quam
880 1322 968 1388 vultu,
985 1321 1073 1378 cultor
1082 1322 1115 1378 16

103 1406 276 1474 clementiae,
293 1405 428 1462 saevitiae
446 1405 608 1476 detestator,
626 1409 717 1462 lamae
732 1412 824 1466 bonae
840 1421 931 1477 neque
946 1411 1010 1461 tuae
1027 1420 1074 1459 se-

104 1489 223 1546 minator
238 1504 329 1560 neque
344 1489 453 1545 alienae
467 1489 589 1547 invidus.
610 1491 780 1562 rumoribus,
795 1489 966 1558 criminibus,
983 1487 1075 1560 suspi-

104 1575 231 1630 cionibus
244 1572 359 1631 minime
373 1572 519 1642 credulus,
543 1573 597 1631 sed
610 1575 743 1647 malignis
757 1575 866 1646 potins,
883 1573 930 1644 qui
943 1589 994 1645 per
1009 1572 1077 1645 'spe-¹

105 1657 175 1713 ciem
198 1655 381 1727 simplicitatis
406 1656 444 1711 ad
463 1657 622 1715 nocendum
637 1660 777 1730 aliquibus
792 1660 961 1730 subrepunt,
988 1671 1077 1729 oppo-¹

105 1741 263 1797 sitissimns.
295 1738 332 1796 ad
358 1740 426 1797 iram
454 1739 565 1810 tardus,
592 1741 630 1797 ad
651 1742 876 1799 misericordiam
896 1757 1018 1813 pronus,
1046 1741 1075 1796 in

105 1824 235 1880 adversis
251 1823 363 1894 firmus,
389 1825 419 1880 in
438 1824 584 1897 prosperis
604 1831 703 1883 cautus
723 1832 751 1882 et
770 1825 900 1896 humilis,
923 1826 1077 1882 occultator

104 1909 236 1964 virtutum
253 1907 324 1962 sicut
338 1909 385 1963 alii
403 1908 543 1977 vitiorum,
565 1925 658 1965 vanae
673 1911 780 1983 gloriae
798 1914 970 1982 contemptor
986 1915 1014 1966 et
1027 1913 1075 1968 bo·

107 2007 220 2059 norum,
241 1992 342 2063 quibus
355 1992 501 2063 praeditus
517 2009 564 2061 es,
584 2009 641 2048 non
661 1997 781 2051 acerbus
803 1999 928 2050 exactor.
964 1992 1074 2048 Nullius
1085 1994 1115 2051 tt

106 2075 322 2145 imprudentiam
339 2073 491 2144 despicias.
516 2075 584 2131 Rari
600 2079 738 2133 sermonis
752 2077 823 2148 ipse,
839 2077 892 2134 sed
906 2078 1076 2147 loquentium
1101 2089 1103 2131 1

105 2159 231 2229 patiens,
251 2172 370 2212 severus
390 2173 423 2214 ac
438 2157 545 2226 serius,
568 2158 622 2214 sed
640 2157 744 2216 hilares
762 2174 818 2215 non
837 2175 1009 2231 aspernans,
1028 2175 1076 2216 sa·

105 2241 228 2313 pientiae
242 2238 361 2311 cupidus
379 2256 413 2295 ac
427 2239 537 2296 docilis.
557 2257 630 2312 quae
641 2244 723 2311 nosti,
735 2244 797 2298 sine
806 2242 966 2314 arrogantia
978 2248 1076 2314 postn-

107 2325 173 2381 lanti
189 2324 342 2395 imparties.
365 2339 437 2395 qnae
448 2324 553 2391 nescis,
568 2324 629 2380 sine
644 2326 827 2382 occultatione
841 2326 1017 2399 ignorantiae
1029 2324 1077 2381 tibi

106 2409 217 2481 postula
234 2407 378 2480 impartiri.
410 2401 487 2484 [Non
508 2409 682 2465 conturbabit
701 2409 815 2481 sapiens
834 2423 928 2466 mores
948 2409 1077 2480 publicos

107 2509 160 2550 nec
175 2494 311 2567 populum
328 2492 357 2547 in
373 2509 405 2547 se
424 2491 499 2547 vitae
515 2491 638 2549 novitate
652 2487 821 2571 convertet]

192 2577 227 2635 V.
249 2577 290 2633 De
307 2576 419 2635 iustitia.
1051 2622 1053 2625 ,

168 2663 275 2719 Iustitia
289 2661 440 2733 posthaec
457 2659 545 2716 virtus
560 2667 612 2717 est.
646 2659 719 2730 Quid
734 2665 777 2716 est
791 2667 884 2717 autem
898 2659 1009 2725 iustitia,
1024 2658 1101 2716 nisi]

108 2749 225 2801 naturae
248 2745 332 2802 tacita
357 2743 508 2803 conventio
536 2745 565 2800 in
587 2745 757 2802 adiutorium
781 2747 931 2802 multorum
951 2745 1076 2801 inventa.

111 2821 231 2904 [lustitia
251 2833 295 2883 est
314 2828 397 2884 etiam
421 2827 533 2884 habitus
555 2829 640 2886 animi
665 2831 806 2886 communi
828 2829 945 2886 utilitate
966 2835 1079 2885 servata

111 2927 190 2966 suom
211 2912 311 2980 cuique
333 2912 455 2967 tribuens
477 2907 664 2991 dignitatem]
693 2913 727 2970 Et
748 2913 816 2985 quid
837 2920 882 2971 est
901 2913 1005 2969 iustitia
1024 2912 1080 2968 nisi

109 2999 205 3051 nostra
221 2994 380 3050 constitutio
399 2994 561 3053 seudivina
576 2999 686 3055 texant
704 2999 848 3054 vinculum
869 2997 1011 3053 societatis
1024 2995 1079 3052 hn-

109 3096 219 3135 manae.
261 3078 292 3132 In
312 3078 366 3133 hac
387 3092 443 3132 non
464 3080 604 3151 estquod
625 3079 818 3147 aestimemus,
846 3078 915 3151 qnid
937 3078 1078 3151 expediat.

110 3163 243 3235 expediet
266 3161 341 3217 enim
354 3160 488 3232 quicquid
499 3161 546 3218 illa
565 3163 721 3220 dictaverit.
761 3162 894 3234 Quisquis
913 3177 981 3234 ergo
1003 3162 1104 3218 hanel

111 3248 212 3304 sectari
228 3245 385 3314 desideras,
407 3245 472 3301 time
488 3247 566 3316 prius
582 3251 610 3302 et
623 3263 688 3303 ama
701 3246 802 3314 deum,
819 3251 851 3302 ut
865 3247 967 3302 ameris
981 3247 1016 3301 ab
1032 3261 1078 3301 eo.

112 3333 219 3387 amabis
235 3331 309 3385 eninr
327 3329 418 3396 deum,
436 3328 460 3383 si
474 3329 593 3386 illumin
608 3330 663 3386 hoc
678 3330 840 3399 imitaberis,
857 3335 886 3385 ut
902 3331 974 3386 velis
989 3328 1075 3384 omni-

111 3413 162 3470 bus
176 3414 330 3487 prodesse,
350 3413 417 3470 nulli
431 3428 533 3471 nocere
556 3420 584 3470 et
596 3419 661 3471 tunc
677 3420 705 3470 te
720 3415 811 3472 virum
831 3414 933 3470 iustum
948 3413 1079 3486 appella·

111 3498 179 3553 bunt
191 3515 298 3568 omnes,
315 3503 465 3570 sequentur
486 3492 551 3576 [te],
567 3501 776 3556 venerabuntur
794 3504 822 3555 et
832 3498 958 3570 diligent
984 3496 1084 3554 Iustus
