2468 3930
104 245 278 308 EPISTUL.
285 243 380 306 MOR.
392 245 510 306 ΜΒΝ.
517 244 575 305 ΕΡ.
583 254 626 307 li.
639 249 710 320 (bi.)
720 279 755 290 —
768 246 917 308 Vl.EP.l.
926 251 997 322 (53.)
1019 245 1082 310 109

103 396 244 473 tellegis,
264 397 560 475 sedeonelamatur.
589 393 799 470 relinquantur
819 396 896 457 istae
911 412 1006 458 voees
1021 398 1080 458 illis

103 482 238 555 artibus,
253 496 334 556 quae
349 478 541 555 propositum
555 477 669 538 habent
682 479 799 554 populo
816 481 953 555 placarer
981 480 1078 556 philo-

104 564 218 641 sophia
231 564 385 624 adoretur.
418 561 652 622 Permittendum
667 563 724 623 erit
739 563 903 638 aliquando
919 561 1080 626 iuvenibus
1089 563 1122 616 14

105 649 196 724 sequi
211 648 347 722 inpetum
361 646 467 719 animi,
482 653 553 706 tune
568 654 683 719 autem,
700 662 768 706 eum
782 647 842 708 hoe
858 663 898 707 ex
911 648 1017 723 inpetu
1035 650 1078 709 ia·

104 733 201 807 cient,
227 746 296 790 oum
316 730 468 791 silentium
490 729 548 790 sibi
570 731 721 804 imperare
741 746 802 792 non
826 738 977 806 poterunt
1010 733 1078 793 talis

103 814 239 877 laudatio
261 813 377 889 aliquid
392 812 609 874 exhortationis
630 813 729 875 adfert
748 814 826 890 ipsis
842 815 1035 877 audientibus
1049 823 1080 879 et

105 898 225 960 animos
239 898 480 959 adulescentium
496 897 677 957 exstimulat.
698 898 738 957 ad
750 913 814 957 rem
829 906 1077 972 semoveantur,

103 998 167 1043 non
182 982 222 1042 ad
238 982 332 1042 verba
346 981 523 1057 conposita:
551 980 685 1055 alioquin
707 987 798 1041 nocet
820 980 879 1041 illis
895 985 1077 1058 eloquentia,

104 1068 132 1127 si
152 1082 215 1127 non
235 1081 336 1125 rerum
354 1066 547 1140 cupiditatem
562 1064 646 1137 lacit,
663 1064 719 1123 sed
733 1066 789 1123 sui.
817 1064 962 1125 Differam
976 1066 1036 1127 hoo
1048 1068 1079 1126 in
1089 1070 1121 1127 15

102 1149 289 1226 praesentia.
319 1149 475 1211 desiderat
495 1147 575 1206 enim
591 1147 745 1222 propriam
761 1154 792 1208 et
811 1149 932 1222 longam
948 1165 1077 1210 exsecu-

101 1235 233 1307 tionem,
260 1233 515 1307 quemadmodum
536 1232 652 1305 populo
674 1231 902 1305 disserendum,
925 1232 999 1308 quid
1019 1233 1079 1293 sibi

103 1318 187 1393 apud
212 1317 360 1392 populum
381 1315 614 1392 permittendum
636 1313 690 1387 sit,
715 1315 787 1389 quid
802 1316 918 1390 populo
935 1316 1018 1390 apud
1033 1332 1078 1376 se.

102 1400 255 1461 Damnum
275 1400 398 1475 quidem
419 1399 532 1458 iecisse
548 1397 774 1473 philosophiam
794 1415 856 1460 non
872 1398 929 1460 erit
943 1401 1077 1474 dubium,

103 1492 269 1561 postquam
290 1485 452 1558 prostituta
469 1489 524 1541 est.
555 1481 611 1541 sed
627 1488 730 1556 potest
743 1483 773 1541 in
788 1485 997 1559 penetralibus
1011 1483 1077 1545 suis

103 1566 240 1641 ostendi,
261 1567 288 1628 si
310 1567 402 1628 modo
423 1582 485 1627 non
505 1566 688 1638 institorem,
713 1568 771 1626 sed
783 1567 947 1628 antistitem
968 1574 1079 1629 nancta

102 1660 169 1713 est·
190 1653 278 1712 Vale.

391 1983 425 2064 l.
450 1981 590 2065 tlltnl
617 1981 788 2066 inlidit

442 2134 494 2184 ΑΙ)
524 2133 740 2186 LU01L1UM

142 2249 631 2350 xristuntltlln
676 2249 1033 2354 nohttltlll

483 2423 618 2486 LIBER
645 2421 694 2486 vl.

526 2583 648 2595 ——

407 2690 623 2749 EPISTULA
641 2693 662 2752 Ι.
690 2691 761 2763 (53.)

352 2782 463 2836 Sennea
479 2786 591 2837 Lucrum
610 2797 662 2837 suo
682 2797 821 2842 saturnu.

166 2898 246 2974 Quid
260 2917 321 2960 non
338 2909 440 2976 potest
452 2904 525 2964 mihi
540 2904 734 2980 persuaderi,
756 2905 805 2966 oui
824 2920 1007 2981 persuasum
1028 2905 1106 2968 estl

98 2989 134 3045 ut
156 2983 355 3058 navigarent
393 2985 477 3046 Solvi
506 2989 580 3048 mari
606 2989 760 3064 languido.
802 2997 867 3050 erat
892 2989 959 3051 sine
983 2988 1075 3051 dubio

100 3067 223 3126 eoelum
243 3083 338 3142 grave
359 3069 495 3131 sordidis
509 3071 657 3146 nubibus,
679 3088 758 3147 quae
772 3073 837 3133 iera
851 3079 904 3133 aut
919 3073 949 3132 in
964 3087 1077 3146 aquam

99 3157 153 3211 aut
172 3151 204 3210 in
224 3158 348 3212 ventum
368 3155 571 3216 resolvuntur.
601 3156 659 3216 sed
681 3156 785 3230 putavi
805 3162 865 3214 tam
882 3171 981 3230 pauea
994 3154 1077 3216 milia

99 3232 326 3311 aParthenope
341 3243 392 3297 tua
406 3254 506 3312 usqua
519 3238 664 3301 Puteolos
676 3237 795 3314 subripi
811 3254 920 3313 posse,
936 3239 1075 3313 quamvis

100 3315 196 3380 dubio
214 3325 247 3378 et
265 3318 451 3394 inpendente
473 3323 569 3384 coelo.
603 3321 707 3396 itaqua
729 3339 791 3398 quo
814 3321 943 3382 celerius
964 3321 1075 3382 evade-

99 3414 180 3477 rem,
205 3401 347 3478 protinus
373 3419 429 3478 per
453 3407 547 3467 altum
566 3406 606 3466 ad
626 3406 740 3466 Nesida
761 3403 859 3465 direxi
881 3405 1076 3479 praecisurus

101 3497 209 3548 omnes
233 3485 332 3548 ninus.
361 3486 434 3548 Cum
456 3488 516 3550 iam
537 3505 574 3550 eo
589 3490 830 3565 processissem,
848 3494 883 3550 ut
896 3490 987 3570 [mea]
1003 3489 1108 3552 nihilh
