2468 3930
130 240 193 307 tlt
416 240 450 300 L.
471 238 618 300 ANNAEI
638 237 815 300 SENECAE

131 393 210 454 citus
236 391 353 466 aegris,
378 389 428 451 hic
454 389 594 466 turpibus
620 399 650 452 et
674 390 809 466 aliquam
828 389 931 465 passis
952 389 1110 456 infamiam

129 475 235 538 tristis.
270 475 354 535 illum
376 475 499 536 videbis
521 473 640 534 alienae
661 472 770 535 uxoris
785 489 890 534 amore
905 474 1051 552 cruciari,
1074 480 1110 540 il·

130 563 194 620 lum
209 574 294 619 suae.
325 575 389 619 uon
404 558 516 634 deerit,
533 575 623 633 quem
638 559 765 634 repulsa
779 557 980 631 distorqueat.
1009 572 1107 638 erunt,

102 658 211 718 gquos
225 643 295 717 ipse
311 643 412 703 honor
424 651 527 703 vexet.
561 643 612 702 illa
631 658 706 703 vero
726 643 859 702 maxima
873 656 914 701 ex
929 642 1013 704 omni
1028 660 1110 708 mor-

129 729 234 788 talium
249 729 365 802 populo
380 727 468 787 turba
479 726 675 801 miserorum,
691 742 781 802 quam
796 725 988 801 exspectatio
1001 730 1109 792 mortis

131 812 265 887 exagitat
284 812 421 885 undique
443 811 625 886 inpendens.
660 810 736 870 nibil
755 811 835 871 enim
856 817 918 884 est,
941 812 1027 872 unde
1047 829 1108 875 non

130 895 250 957 subeat.
277 896 395 970 itaque,
415 900 448 955 ut
462 895 492 954 in
507 894 610 955 hostili
628 895 755 968 regione
771 894 981 969 versantibus,
1001 895 1062 958 huc
1078 907 1109 960 et

130 978 203 1039 illuc
226 977 535 1054 circumspiciendum
559 984 656 1040 estet
677 979 717 1038 ad
737 992 857 1039 omnem
870 979 1030 1054 strepitum
1049 982 1109 1043 cir·

130 1064 321 1138 cumagenda
342 1064 461 1122 cervix:
483 1061 543 1122 nisi
556 1061 607 1121 hic
627 1062 717 1123 timor
737 1069 897 1136 epectore
918 1060 1035 1125 eiectus
1050 1073 1102 1140 est¹

100 1146 350 1223 lpalpitantibus
361 1145 552 1222 praecordiis
560 1147 678 1206 vivitur.
692 1145 925 1207 Occurrentacti
938 1146 969 1206 in
983 1147 1107 1210 exilium

131 1239 162 1293 et
175 1231 288 1293 evoluti
300 1231 401 1291 bonis.
423 1237 593 1302 occurrent,
614 1230 697 1305 quod
716 1245 812 1305 genus
826 1231 974 1305 egestatis
989 1233 1108 1306 gravis-

131 1316 242 1376 simum
255 1322 311 1389 est,
325 1314 355 1373 in
370 1314 482 1374 divitiis
496 1315 617 1389 inopes.
634 1321 797 1374 occurrent
809 1313 949 1389 naufragi
956 1314 1108 1377 similiave

131 1399 289 1474 naufragis
303 1396 399 1473 passi,
416 1413 495 1472 quos
509 1405 562 1459 aut
574 1396 733 1473 popularis
745 1396 792 1456 ira
803 1405 856 1458 aut
867 1397 989 1473 invidia,
1002 1400 1108 1473 perni-

133 1484 251 1543 ciosum
274 1480 397 1556 optimis
416 1483 524 1555 telum,
549 1483 742 1557 inopinantes
769 1496 960 1558 securosque
983 1480 1108 1543 disiecit

132 1567 286 1642 procellae
297 1579 392 1638 more,
406 1581 485 1638 quae
496 1566 525 1624 in
537 1566 714 1641 ipsasereni
726 1565 838 1627 fiducia
846 1566 927 1626 solet
938 1579 1105 1642 emergere,

131 1658 185 1711 aut
197 1648 330 1709 fulminis
338 1647 438 1723 subiti,
453 1649 492 1709 ad
505 1651 593 1710 cuius
606 1651 697 1710 ictum
705 1648 793 1709 etiam
801 1648 902 1709 vicina
909 1656 1106 1711 tremuerunt.

132 1750 202 1793 nam
218 1740 252 1794 ut
267 1733 327 1793 illic
346 1732 488 1808 quisquis
504 1735 542 1794 ab
556 1734 627 1809 igne
645 1734 773 1809 propior
786 1732 882 1806 stetit,
898 1748 1050 1808 percusso
1066 1734 1106 1796 si·

132 1818 212 1878 milis
225 1817 396 1893 obstupuit,
418 1817 464 1876 sic
488 1817 518 1876 in
534 1816 582 1877 his
599 1832 655 1892 per
669 1818 803 1894 aliquam
818 1814 880 1876 vim
894 1815 1107 1880 accidentibus
1127 1835 1131 1841 ’

132 1918 226 1963 unum
238 1901 393 1961 calamitas
409 1901 567 1976 obprimit,
584 1907 705 1962 ceteros
721 1907 836 1974 metus,
853 1915 1022 1976 paremque
1036 1917 1106 1977 pas·

103 1996 120 2050 a
132 1986 176 2046 sis
187 1985 337 2046 tristitiam
350 1983 422 2045 lacit
435 1985 496 2060 pati
511 2001 616 2060 posse.
638 1984 777 2046 Omnium
787 1985 908 2045 animos
918 1985 1108 2047 malaaliena

133 2085 170 2129 ac
183 2068 344 2143 repentina
358 2069 530 2129 sollicitant.
565 2068 822 2145 quemadmodum
843 2084 919 2130 aves
940 2069 1031 2130 etiam
1044 2069 1106 2130 ina·

133 2153 181 2212 nis
197 2152 312 2213 fundae
332 2168 428 2214 sonus
448 2153 578 2226 territat,
598 2155 640 2215 ita
659 2169 717 2214 nos
738 2169 799 2213 non
820 2153 860 2214 ad
879 2152 971 2214 ictum
993 2161 1107 2215 tantum

134 2235 332 2311 exagitamur,
350 2237 407 2297 sed
424 2238 464 2297 ad
478 2237 636 2313 crepitum.
656 2237 723 2297 Non
740 2243 842 2312 potest
855 2252 930 2311 ergo
946 2236 1108 2313 quisquam

133 2320 242 2383 beatus
268 2337 355 2395 esse,
384 2321 437 2396 qui
461 2320 532 2381 huic
553 2337 588 2381 se
609 2321 746 2396 opinioni
768 2321 907 2381 credidit.
943 2321 1107 2383 nonenim

134 2406 255 2466 beatum
276 2414 339 2479 est,
362 2404 421 2466 nisi
442 2406 524 2480 quod
545 2405 742 2480 intrepidum=
766 2405 845 2465 inter
863 2411 1011 2480 suspecta
1029 2406 1109 2466 male

105 2490 252 2569 nvivitur.
280 2489 425 2565 Quisquis
440 2505 476 2549 se
489 2490 613 2550 multum
626 2487 757 2551 fortuitis
773 2489 866 2562 dedit,
881 2488 1036 2564 ingentem
1050 2487 1108 2550 sibi

134 2573 290 2635 materiam
302 2574 539 2649 perturbationis
551 2581 581 2633 et
592 2572 836 2648 inexplicabilem
854 2572 939 2634 lecit:
954 2589 1018 2634 una
1031 2572 1109 2634 haee

136 2657 185 2715 via
207 2663 255 2715 est
279 2656 318 2716 ad
338 2663 403 2716 tuta
423 2655 562 2729 vadenti,
591 2663 718 2717 externa
744 2656 904 2733 despicere
926 2663 957 2717 et
976 2656 1107 2718 honesto

137 2746 313 2799 contentum
334 2753 416 2798 esse.
454 2755 524 2799 nam
547 2741 599 2816 qui
622 2738 737 2816 aliquid
760 2740 870 2801 virtute
891 2740 999 2801 melius
1023 2746 1109 2816 putat

137 2827 188 2882 aut
202 2822 295 2882 ullum
311 2828 432 2897 praeter
447 2821 529 2883 illam
544 2823 674 2899 bonum,
692 2824 837 2898 adhaec,
856 2840 937 2900 quae
952 2840 971 2884 a
986 2826 1109 2886 fortuna

137 2913 340 2982 sparguntur,
363 2905 464 2969 sinum
489 2909 637 2983 expandit
663 2915 693 2969 et
718 2909 868 2970 sollicitus
889 2907 1019 2969 missilia
1042 2907 1108 2969 eius

106 2989 330 3066 ilex]spectat.
366 2991 452 3052 Hanc
474 2992 553 3052 enim
575 2992 738 3067 imaginem
758 2992 859 3052 animo
882 2999 935 3054 tuo
956 3007 1109 3069 propone,

134 3074 225 3136 ludos
246 3076 348 3135 tacere
367 3076 517 3137 fortunam
539 3082 569 3137 et
590 3076 620 3135 in
634 3074 716 3137 hunc
734 3077 904 3137 mortalium
921 3082 1042 3138 coetum
1055 3075 1111 3138 ho·

136 3175 244 3233 nores,
266 3159 402 3237 divitias,
423 3160 549 3236 gratiam
565 3166 723 3237 excutere,
746 3177 877 3237 quorum
897 3159 959 3221 alia
972 3160 1052 3221 inter
1066 3160 1112 3222 di·

134 3245 311 3322 ripientium
323 3260 433 3318 manus
445 3243 545 3303 scissa
557 3251 638 3315 sunt,
654 3245 714 3305 alia
724 3245 820 3306 infida
834 3244 985 3307 societate
1001 3245 1112 3321 divisa,

135 3327 194 3389 ulia
226 3342 337 3403 magno
367 3327 547 3389 detrimento
579 3342 700 3403 eorum,
740 3329 770 3388 in
804 3344 885 3404 quos
913 3329 1113 3405 devenerant

135 3426 259 3486 prensa.
294 3427 333 3472 ex
356 3411 467 3486 quibus
485 3412 636 3488 quaedam
653 3411 736 3472 aliud
753 3413 913 3488 agentibus
928 3411 1114 3489 inciderunt,

138 3497 302 3568 quaedam,
321 3496 393 3570 quia
404 3497 493 3557 nimis
506 3496 717 3572 captabantur,
743 3496 858 3558 amissa
868 3503 911 3569 et,
935 3496 1009 3560 dum
1022 3499 1116 3561 avide
