2468 3930
224 230 394 292 EPISTUL.
410 229 503 292 Mon.
527 231 599 291 LIB.
611 231 677 291 XV.
698 229 756 289 ΕΡ.
767 241 794 292 2.
816 234 886 305 (94.)
984 228 1047 294 287

66 392 128 458 aul,
141 383 327 445 etiamsinon
337 389 385 444 est
397 384 484 444 ialsis
492 392 669 459 occupatus,
679 385 717 445 ad
726 384 804 446 laisa
812 385 1049 461 proclivisestct

67 469 127 530 cito
142 467 248 543 specie
263 483 324 541 quo
340 483 402 527 non
418 474 538 542 oportet
552 468 689 529 trahente
704 471 921 544 conrumpitur.
946 471 1049 546 itaque
1078 464 1082 479 ’

67 553 217 613 debemus
238 558 290 611 aut
310 567 473 626 percurare
487 559 618 612 mentem
633 568 755 627 aegram
770 561 800 614 et
815 553 893 613 vitiis
907 554 1046 627 liberare,

66 643 119 697 aut
134 642 291 696 vacantem
307 635 445 710 quidem,
476 636 531 696 sed
554 636 594 695 ad
615 636 722 711 peiora
737 653 864 711 pronam
880 653 1047 713 praeoccu-

66 735 156 796 pare=
183 725 347 794 utrumque
363 719 486 779 decreta
500 719 716 794 philosophiae
738 721 866 781 iaciunt:
892 737 966 796 ergo
988 723 1048 782 tale

69 802 279 880 praecipiendi
293 819 391 878 genus
407 801 449 862 nil
470 803 539 877 agit
568 804 730 863 Praeterea
753 804 778 862 si
801 813 967 879 praecepta
988 803 1091 866 siu-14

66 885 146 962 gulis
162 887 279 958 damus,
294 885 594 961 inconprehensibile
612 903 692 961 opus
708 895 764 948 est.
801 886 860 947 alia
880 887 960 948 enim
975 890 1048 949 dure

66 970 217 1031 debemus
228 971 385 1043 feneranti,
400 971 459 1031 alia
471 971 582 1032 colenti
597 986 711 1045 agrum,
727 971 787 1029 alia
799 971 974 1046 negotianti,
990 972 1049 1031 alia

65 1069 171 1130 regum
186 1053 332 1114 amicitias
348 1055 501 1129 sequenti,
519 1053 579 1114 alia
597 1070 699 1128 pares,
718 1054 777 1114 alia
791 1055 951 1114 interiores
966 1071 1048 1114 ama-

67 1148 145 1199 turo.
167 1139 201 1196 In
213 1137 402 1197 matrimonio
415 1137 597 1213 praecipias,
611 1138 765 1213 quomodo
778 1139 861 1198 vivat
872 1154 940 1198 cum
952 1146 1089 1199 uxorato

66 1221 186 1297 aliquis,
204 1237 294 1296 quam
309 1222 455 1295 virginem
473 1221 567 1294 drrxit,
581 1222 738 1296 quomodo
755 1237 884 1294 cumea,
902 1238 980 1296 quae
995 1222 1048 1281 ali-

66 1306 154 1366 euius
169 1312 240 1366 aute
253 1305 475 1366 matrimonium
489 1313 616 1380 experta
630 1304 691 1378 est,
708 1306 965 1380 quemadmodum
980 1321 1048 1365 cum

66 1390 234 1464 locuplete,
258 1390 514 1464 quemadmodum
535 1406 603 1449 cum
624 1388 769 1450 indotata.
815 1405 853 1448 an
873 1406 934 1450 non
958 1395 1047 1465 putas

67 1471 182 1549 aliquid
197 1487 270 1533 csse
285 1473 467 1533 discriminis
483 1474 560 1533 inter
574 1475 707 1534 sterilem
729 1483 758 1535 et
773 1474 949 1546 secundam,
972 1474 1049 1532 inter

68 1557 291 1632 provectiorem
306 1562 336 1615 et
350 1559 491 1632 puellam,
507 1557 585 1617 inter
596 1565 722 1618 matrem
737 1565 767 1618 et
780 1563 965 1618 novercam?
980 1554 1047 1616 Om-

66 1656 123 1702 nes
139 1641 261 1716 species
278 1642 428 1716 conplecti
444 1658 504 1701 non
519 1657 701 1717 possumus:
718 1643 801 1716 atqui
817 1641 955 1715 singulae
978 1656 1047 1715 pro-

68 1725 135 1800 pria
150 1725 291 1800 exigunt,
320 1726 405 1799 leges
434 1731 535 1785 autem
560 1725 775 1801 philosophiae
794 1724 906 1786 breves
927 1732 998 1785 sunt
1018 1730 1049 1785 et

67 1807 169 1869 omnia
183 1809 325 1882 adligant.
354 1808 452 1868 Adice
467 1826 560 1882 nunc,
589 1811 672 1885 quod
694 1810 861 1885 sapientiae
882 1814 1089 1884 praeceptali

68 1892 151 1954 linita
166 1892 279 1952 debent
293 1908 365 1953 esse
380 1899 410 1952 et
425 1901 523 1954 certa=
541 1893 568 1954 si
585 1910 647 1969 qua
661 1893 740 1953 liniri
755 1911 815 1955 non
832 1900 979 1969 possunt,
995 1909 1048 1952 ex-

66 1985 113 2036 tra
128 1974 308 2052 sapientiam
324 1983 402 2037 sunt.
419 1978 569 2052 sapientia
581 1993 682 2038 rerum
698 1978 842 2038 terminos
857 1978 951 2038 novit.
965 1978 1047 2050 Ergo

66 2061 126 2120 ista
139 2061 336 2135 praeceptiva
353 2076 425 2135 pars
446 2060 658 2122 submovenda
672 2069 733 2134 est,
749 2062 821 2136 quia
838 2062 923 2136 quod
939 2060 1047 2136 paucis

67 2143 220 2219 promittit,
238 2151 395 2219 praestare
413 2145 554 2205 omnibus
569 2162 630 2205 non
649 2152 765 2219 potest,
782 2143 933 2219 sapientia
947 2150 1047 2204 autem

67 2243 176 2288 omnes
192 2234 282 2288 tenet.
313 2229 394 2287 Inter
410 2226 558 2288 insaniam
576 2228 728 2303 publicam
743 2234 773 2287 et
787 2227 875 2302 hanc,
892 2244 971 2303 quae
985 2237 1088 2293 meli

66 2309 145 2372 dicis
166 2313 302 2383 traditur,
320 2311 393 2371 nihil
407 2315 548 2386 interest,
571 2313 630 2371 nisi
647 2312 732 2386 quod
746 2311 823 2370 haee
838 2311 946 2372 morbo
962 2309 1047 2370 labo-

65 2403 122 2469 rat,
137 2395 187 2454 ilia
202 2393 398 2470 opinionibus
415 2396 520 2456 salsis:
537 2397 632 2456 altera
647 2411 757 2455 causas
775 2395 886 2454 luroris
902 2392 994 2454 traxit
1009 2409 1047 2451 ex

66 2479 240 2554 valitudine,
256 2479 350 2540 altera
367 2479 459 2540 animi
473 2480 553 2539 mala
566 2479 700 2539 valitudo
715 2486 772 2538 est.
801 2478 828 2537 si
845 2476 913 2553 quis
930 2475 1046 2538 iurioso

66 2568 232 2638 praecepta
250 2563 315 2638 det,
333 2565 488 2638 quomodo
512 2563 597 2639 loqui
616 2563 743 2636 debeat,
767 2562 922 2636 quomodo
938 2577 1048 2637 proce·

66 2646 150 2721 dere,
169 2648 325 2721 quomodo
340 2649 370 2707 in
385 2648 507 2723 publico
523 2663 558 2708 se
572 2663 688 2722 gerere,
705 2647 861 2721 quomodo
873 2647 902 2704 in
918 2646 1047 2721 privato,

66 2729 123 2788 erit
143 2729 223 2805 ipso,
241 2747 332 2805 quem
347 2733 490 2806 monebit,
507 2732 658 2793 insanior=
671 2729 740 2790 bilis
755 2730 842 2804 nigra
854 2730 989 2791 curanda
1000 2736 1048 2789 est

66 2820 96 2874 et
110 2813 180 2888 ipsa
195 2815 306 2875 luroris
323 2832 418 2875 eausa
434 2817 629 2877 removenda.
663 2815 744 2875 idern
759 2815 789 2874 in
805 2814 865 2876 hoc
880 2815 939 2874 alio
956 2811 1047 2874 animi

66 2897 170 2957 lurore
187 2899 358 2959 iaciendum
374 2907 429 2960 cst.
445 2900 512 2974 ipse
527 2898 638 2960 discuti
653 2899 758 2960 debet:
775 2899 908 2974 alioquin
922 2897 1048 2958 abibunt

65 2979 224 3042 iuvenum
247 2984 433 3044 monentium
455 2984 557 3043 verba.
599 2985 701 3043 Haec
722 2983 766 3042 ab
787 2981 976 3043 Aristone
997 2980 1090 3049 di·18

67 3072 220 3139 cuntur,
237 3066 702 3142 ouirespondebimusad
722 3067 886 3140 singula.
915 3064 1047 3124 Primum

54 3149 218 3211 ¹adversus
234 3150 323 3225 illud,
350 3152 433 3226 quod
447 3152 502 3223 ait,
527 3150 554 3212 si
571 3151 643 3225 quid
659 3150 760 3212 obstat
781 3149 870 3209 oculo
885 3156 915 3208 et
931 3147 1049 3221 inpedit

65 3233 175 3307 visum,
193 3233 306 3294 debere
320 3235 487 3296 removeri:
504 3237 602 3295 fateor
616 3233 687 3293 huic
702 3249 763 3292 non
776 3249 857 3307 opus
869 3247 941 3291 esse
960 3246 1048 3305 prae-

66 3315 165 3392 ceptis
179 3317 219 3376 ad
242 3315 421 3393 videndum,
437 3320 494 3380 sed
509 3318 662 3392 remedio,
679 3333 739 3391 quo
759 3321 906 3391 purgetur
921 3315 1003 3374 acies
1019 3327 1049 3374 et

66 3400 251 3462 officientem
279 3401 337 3462 sibi
357 3419 473 3464 moram
495 3402 630 3476 effugiat.
672 3408 780 3460 natura
796 3399 876 3460 enim
897 3399 1047 3471 videmus,

65 3486 116 3546 cui
137 3501 226 3546 usum
249 3484 297 3545 sui
319 3487 420 3546 reddit
440 3488 491 3562 qui
512 3485 640 3547 removit
661 3484 827 3544 obstantia:
857 3482 930 3559 quid
944 3490 1046 3543 autem
