2468 3930
196 223 257 287 lla
483 221 517 281 L.
540 219 686 289 ANNAEI
708 217 883 280 SENECAE

194 392 248 439 sus
263 375 394 436 fortuita.
428 387 492 444 non
508 378 785 433 contremescamus
799 368 940 445 iniurias,
955 383 1018 431 uon
1032 369 1170 446 volnera,

194 476 255 521 non
268 459 403 531 vincula,
419 471 479 516 non
495 462 671 529 egestatem.
692 453 777 514 Mors
794 452 867 530 qnid
882 460 952 515 estt
966 459 1018 513 aut
1032 452 1105 515 finis
1120 462 1171 516 aul

193 544 355 604 transitus=
384 557 442 601 nec
469 538 611 599 desinere
636 538 738 598 timeo.
783 538 864 599 idem
892 545 940 598 est
963 537 1058 610 enim,
1084 539 1170 615 quod

194 642 256 686 non
273 626 432 700 coepisses
459 638 517 682 nec
532 621 678 695 transire,
699 620 773 697 quia
787 636 940 697 nusquam
956 627 1171 697 tamangustc

194 725 257 770 ero.
292 709 381 769 Vale.

483 841 697 899 arrsruna
721 842 769 898 rv.
798 812 870 915 (oo.)

444 937 554 989 SENECA
572 938 683 988 Lucluo
703 948 755 988 SUO
775 947 913 988 sALtJTltll.

164 1063 178 1119 ι
257 1041 431 1114 Claranum,
461 1039 706 1115 condiscipulum
726 1054 842 1111 meum,
870 1038 934 1099 vidi
960 1047 1033 1114 post
1057 1040 1168 1102 multos

193 1141 306 1186 annos:
336 1141 411 1198 non,
443 1132 531 1199 puto,
559 1131 738 1198 exspectas,
760 1132 794 1183 ut
814 1120 945 1183 adiciam
967 1137 1089 1198 senem,
1111 1125 1167 1187 sed

193 1209 383 1270 mehercules
404 1207 532 1267 viridem
553 1207 657 1279 animo¹
675 1223 711 1266 ac
731 1207 883 1281 vigentem
904 1214 935 1267 et
954 1222 1022 1267 cum
1039 1223 1168 1283 corpus·

193 1295 262 1355 culo
286 1309 342 1354 suo
367 1292 598 1352 conluctantem.
635 1290 738 1366 inique
760 1291 840 1350 enirn
855 1306 890 1351 se
905 1297 1013 1351 natura
1026 1291 1125 1364 gessit
1139 1297 1169 1353 et

192 1378 283 1437 talem
309 1376 442 1436 animum
465 1376 544 1434 male
570 1374 756 1436 conlocavit:
779 1382 831 1436 aut
844 1376 977 1434 fortasse
991 1374 1089 1436 voluit
1108 1373 1169 1436 hoc

193 1462 294 1536 ipsum
315 1458 406 1519 nobis
427 1458 606 1531 ostendere,
630 1473 725 1534 posse
745 1458 897 1533 ingenium
918 1458 1168 1529 fortissimumac

193 1543 401 1603 beatissimum
416 1540 473 1602 sub
490 1542 625 1617 qualibet
639 1548 708 1602 cute
721 1542 825 1601 latere.
847 1541 942 1602 vincit
954 1549 1057 1603 tamen
1067 1539 1169 1602 omnia

194 1626 400 1701 inpedimenta
420 1631 450 1684 et
471 1625 511 1683 ad
535 1633 637 1686 cetera
658 1624 881 1687 contemnenda
895 1640 914 1684 a
928 1633 1106 1703 contemptu
1120 1623 1169 1685 sui

162 1709 284 1772 evenit.
318 1708 429 1768 Errare
442 1706 514 1769 mihi
530 1709 616 1769 visus
633 1716 695 1783 est,
718 1709 771 1785 qui
787 1708 864 1770 dixit

322 1795 440 1867 arctior
454 1798 484 1852 ct
490 1794 621 1868 pulchro
634 1796 753 1854 venans
767 1811 784 1854 e
796 1808 921 1869 corpore
934 1795 1037 1855 virtus.

195 1875 352 1935 nonenim
369 1877 430 1936 ullo
443 1874 676 1937 honestamento
692 1885 770 1951 eget.
807 1877 876 1951 ipsa
893 1891 1035 1951 magnum
1051 1874 1101 1935 sui
1115 1875 1168 1935 de-

195 1976 249 2019 cus
265 1968 313 2020 est
327 1966 358 2019 et
370 1975 484 2035 corpus
500 1976 588 2019 suum
604 1962 778 2022 consecratz
806 1961 893 2021 aliter
911 1966 992 2020 certe
1008 1958 1169 2019 Claranum

194 2049 333 2104 nostrum
349 2043 439 2118 coepi
453 2044 577 2103 intueri:
599 2044 753 2105 formosus
768 2043 840 2103 mihi
854 2044 976 2104 videtur
995 2050 1027 2104 et
1045 2049 1168 2103 tumre

166 2132 262 2187 3ctus
278 2142 409 2201 corpore
428 2143 516 2203 quam
540 2134 587 2186 est
607 2129 718 2188 animo.
761 2127 863 2189 Potest
885 2143 924 2186 ex
946 2141 1019 2187 casa
1037 2125 1085 2185 vir
1105 2141 1169 2185 ma·

193 2227 273 2286 gnus
289 2211 388 2271 exire:
412 2217 515 2286 potest
536 2217 625 2271 etex
646 2211 776 2271 deformi
793 2210 960 2286 humilique
981 2209 1168 2285 corpusculo

194 2295 348 2355 formosus
369 2295 487 2355 animus
509 2309 546 2354 ac
567 2310 706 2369 magnus.
743 2295 894 2370 quosdam
914 2295 1018 2369 itaque
1038 2291 1112 2352 mihi
1124 2292 1169 2352 vi-

194 2380 283 2440 detur
297 2379 327 2437 in
342 2379 403 2439 hoc
416 2381 493 2439 tales
508 2385 615 2440 nutura
630 2394 794 2454 generare,
816 2385 850 2439 ut
863 2378 1014 2453 adprobet
1027 2377 1169 2437 virtutem

194 2461 276 2523 omni
296 2463 366 2523 loco
387 2461 484 2524 nasci.
521 2463 547 2522 si
565 2468 674 2537 posset
686 2478 744 2538 per
759 2476 793 2521 sc
815 2462 915 2522 nudos
931 2461 1024 2522 edere
1039 2459 1168 2534 animos,

194 2547 334 2607 fecisset:
355 2562 452 2619 nunc,
476 2546 560 2620 quod
575 2544 706 2621 amplius
728 2550 788 2618 cst,
811 2544 897 2604 facit:
921 2544 1074 2619 quosdam
1089 2543 1169 2604 enim

194 2630 256 2689 edit
271 2629 452 2703 corporibus
472 2628 642 2704 inpeditos,
662 2630 718 2689 sed
739 2627 833 2688 nihilo
854 2627 954 2688 minus
970 2642 1169 2704 perrumpen-

162 2717 305 2786 rpentes
327 2711 487 2772 obstantia.
533 2711 677 2772 Claranus
698 2711 770 2772 mihi
790 2713 910 2771 videtur
931 2711 985 2785 [in]
1012 2710 1170 2786 exemplar

195 2794 311 2867 editus,
333 2800 367 2854 ut
382 2795 461 2856 scire
475 2810 639 2869 possemus
660 2813 722 2857 non
736 2796 927 2856 deformitate
949 2793 1089 2870 corporis
1101 2794 1170 2854 foe·

196 2878 261 2937 dari
290 2878 437 2952 animum,
469 2877 526 2938 sed
551 2878 775 2954 pulchritudine
800 2877 892 2939 animi
917 2894 1032 2954 eorpus
1058 2875 1170 2938 ornari.

196 2959 339 3036 Quamvis
355 2969 455 3024 autem
469 2963 675 3038 paucissimos
696 2979 758 3024 una
777 2961 938 3022 fecerimus
959 2963 1043 3036 dies,
1069 2967 1171 3021 tamen

195 3045 279 3105 multi
294 3046 384 3107 nobis
405 3063 565 3108 sermones
587 3049 721 3120 fuerunt,
745 3062 825 3121 quos
847 3046 978 3107 subinde
996 3060 1122 3120 egeram
1141 3051 1173 3105 et

162 3132 233 3190 aad
247 3137 277 3191 te
292 3133 471 3205 permittam.
514 3131 581 3192 Hoc
601 3130 699 3207 primo
721 3131 770 3191 die
788 3130 958 3205 quaesitum
981 3135 1043 3190 est:
1075 3144 1170 3204 quo-

81 3208 95 3233 ⁰
192 3214 304 3276 modo
324 3216 482 3290 possint
503 3212 613 3291 paria
634 3215 734 3276 bona
754 3229 858 3287 esse,
882 3214 913 3273 si
935 3213 1087 3288 triplex
1108 3227 1171 3274 eo·

192 3315 272 3359 rum
287 3298 467 3362 condicio
483 3306 555 3360 est:
568 3299 727 3374 quaedam,
740 3307 773 3360 ut
783 3295 896 3359 nostris
907 3296 1035 3372 videtur,
1051 3297 1175 3372 prima

193 3382 293 3446 bona
308 3392 387 3459 sunt,
400 3391 555 3460 tamquam
569 3385 723 3459 gaudium,
736 3399 806 3459 pax,
825 3384 909 3443 salus
926 3378 1053 3456 patriae.
1077 3394 1170 3454 quae·

197 3466 267 3528 dam
288 3468 473 3545 secunda,
495 3469 526 3528 in
546 3466 671 3531 materia
687 3466 799 3528 infelici
824 3481 990 3544 expressa,
1017 3471 1173 3540 nmquam
