2468 3930
301 749 435 899 irin.
462 747 644 843 ιιιιιι
669 745 973 886 Pilumno.

199 1143 280 1250 Quod
296 1178 445 1244 plerumque
463 1180 577 1231 accidere
595 1136 736 1230 videmus
730 1193 756 1228 ιι
774 1179 886 1240 antiquis
904 1178 944 1228 litt
934 1180 1009 1237 teris,
1032 1187 1060 1228 ut
1080 1196 1143 1242 quae

131 1249 254 1310 cuiusque
272 1248 329 1298 libri
343 1247 396 1299 lata
414 1249 522 1312 luerint,
538 1263 570 1299 ex
587 1240 762 1298 'emendatione
782 1248 884 1298 demum
899 1247 1071 1312 intelligatur,
1087 1249 1145 1313 ipsa

132 1332 189 1369 vero
209 1319 350 1368 emendatio
368 1322 456 1368 rursus
472 1318 545 1368 allus
540 1318 673 1367 certiores
692 1317 761 1386 leges
779 1331 829 1367 non
846 1316 939 1367 habeut
956 1317 1007 1365 nisi
1024 1330 1089 1380 quae
1106 1317 1146 1366 ia·

138 1388 160 1438 is
176 1388 317 1450 cuiusque·
312 1387 376 1436 libri
392 1387 562 1454 continentur,
581 1387 630 1436 id'
624 1400 650 1436 ιι
665 1380 775 1439 Senecae
792 1398 892 1450 quoque
906 1385 1025 1451 epistulis
1036 1387 1144 1468 'accidia

128 1456 158 1506 da
177 1469 285 1518 quarum
301 1454 423 1505 historia·
419 1463 496 1518 quea
505 1471 553 1520 ego
569 1461 611 1504 aut
627 1461 697 1523 certa
715 1462 758 1504 aut
775 1455 918 1519 probabilia
935 1455 1057 1520 cognovi,
1080 1454 1145 1505 haee

128 1531 193 1577 sunt.
230 1524 269 1574 Ac
286 1525 397 1588 primum
413 1513 514 1605 quidem
532 1524 657 1588 scriptas
659 1537 727 1573 esse
733 1523 857 1588 epistulas
876 1533 916 1573 ao
926 1524 1047 1584 consilio,
1071 1531 1099 1572 ut
1117 1525 1143 1573 in

127 1593 254 1658 publicum
274 1593 419 1652 ederentur,
441 1592 610 1642 certissimum
634 1599 672 1642 est
687 1601 745 1642 cum
762 1607 794 1642 ex
815 1600 868 1642 toto
892 1607 979 1642 earnm
995 1600 1142 1656 argumento

94 1710 97 1719 ,
128 1669 151 1711 et
164 1661 283 1722 artificio,
299 1669 354 1711 tum
371 1676 405 1711 ex
422 1661 485 1711 locis
502 1660 637 1733 plurimis,
656 1662 700 1722 qui
717 1661 751 1718 ald
769 1661 835 1711 alios
848 1669 949 1726 praeter
963 1660 1089 1711 Lucilium
1108 1661 1144 1712 le·

94 1736 97 1743 '
128 1737 208 1780 atores
226 1736 355 1796 spectant,
369 1745 476 1793 quorum
491 1723 603 1780 locorum
619 1729 727 1779 nullus'
720 1731 844 1794 insignior
859 1737 898 1780 est
912 1730 969 1794 illo,
986 1731 1030 1793 qui
1049 1729 1144 1796 legitur

90 1826 93 1837 ·
127 1814 167 1864 ep.
188 1798 235 1859 21,
255 1797 312 1850 3-
318 1798 344 1852 0.
368 1799 412 1848 ubi
427 1799 497 1848 haud
515 1799 595 1849 falsus
611 1805 722 1848 vateset
741 1799 856 1863 epistulis
872 1799 926 1849 suis
940 1798 1037 1850 Seneca
1053 1807 1077 1849 et
1099 1800 1143 1849 be-

127 1867 215 1918 nellcio
232 1866 400 1932 epistularum
417 1867 570 1918 Luciliot
530 1876 570 1919 aet
571 1883 657 1918 ernam
676 1866 783 1932 gloriam
801 1868 938 1934 promittit;
958 1868 1056 1918 accedit
1074 1869 1144 1931 quod

126 1943 268 2000 temporum
289 1935 393 1987 illorum
416 1936 548 1999 atrocitas,
570 1938 661 2000 quibus
685 1937 794 2001 scriptae
822 1944 881 1987 sunt
909 1936 1048 2001 epistulae,
1074 1937 1144 1987 nulla

126 2005 244 2070 proditur
257 2013 343 2070 aperta
357 2005 510 2071 flagitiorum
528 2006 685 2067 narratione,
701 2005 772 2055 nulla
788 2006 905 2057 liberiore
923 2005 1039 2068 querela,
1059 2006 1143 2068 qualis

126 2075 151 2124 in
168 2074 226 2124 sinu
239 2075 316 2124 unius
331 2074 407 2124 amici
424 2081 478 2124 tuto
492 2073 584 2124 effundi
598 2081 709 2140 poterat;
729 2075 799 2125 nulla
814 2082 852 2124 est
866 2074 988 2137 Neronis,
1010 2074 1080 2124 nulla
1095 2090 1143 2140 pu-

126 2143 342 2194 blicarumrerum
360 2145 468 2205 mentio;
488 2158 535 2194 neo
548 2145 631 2209 magis
645 2159 677 2192 ex
693 2143 734 2204 iis,
752 2159 816 2208 quae
835 2143 934 2194 silentio
952 2145 1017 2209 tegit
1036 2142 1143 2211 Seneca,

102 2266 106 2271 ,
127 2225 202 2274 quam
221 2211 301 2262 exiis
320 2224 385 2275 quae
400 2212 475 2278 dicit,
498 2213 559 2262 satis
578 2218 683 2278 apparet
701 2227 799 2262 summa
816 2227 874 2262 euru
889 2213 1006 2263 cautione
1022 2214 1143 2263 vitavisse

102 2274 105 2283 '
127 2279 295 2331 offensionum
312 2280 438 2346 pericula3
458 2288 528 2332 erant
544 2282 611 2331 enim
628 2289 743 2345 tempora
762 2297 806 2342 ea,
825 2282 917 2343 quibus
931 2281 1047 2330 homines
1067 2284 1109 2346 pei
1132 2304 1137 2324 ;

126 2364 202 2412 quam
218 2349 289 2400 ierus
304 2351 466 2410 timerentur3
488 2350 542 2404 vid.
562 2365 603 2415 ep.
624 2347 684 2400 103.
699 2364 745 2399 nec
764 2349 879 2414 proiecto
896 2350 951 2398 sine
968 2363 1044 2398 causa
1057 2352 1089 2398 ni
1102 2374 1106 2394 ι
1119 2349 1143 2398 il

125 2432 227 2481 aeque
244 2419 454 2483 prodesseait
472 2434 511 2485 ep.
530 2418 595 2480 105,
613 2417 639 2471 6.
667 2433 762 2480 quam
788 2419 963 2481 quiescere
988 2424 1019 2465 et
1044 2419 1142 2466 m'·i-

125 2501 209 2537 mum
228 2502 299 2537 cum
314 2487 395 2538 aliis
411 2487 520 2551 loqui,
538 2488 714 2552 plurimum
728 2501 853 2545 secum;
873 2493 898 2536 et
911 2493 1067 2535 tamencum
1084 2501 1142 2536 uo·

101 2604 104 2609 .
124 2571 189 2619 que,
209 2557 253 2618 qui
271 2557 297 2605 in
316 2555 506 2623 pbilosophlam
523 2557 643 2616 secessit,
668 2570 718 2606 non
736 2563 818 2605 tutum
836 2555 884 2606 sed
898 2555 1015 2604 tutiorem
1030 2553 1085 2605 lore
1109 2578 1114 2599 ι

124 2625 173 2684 ιὶι;
190 2624 243 2674 vid.
262 2623 378 2690 ep.103,
394 2627 420 2675 4.
440 2625 499 2687 105,
520 2625 544 2678 l.
566 2625 664 2685 14,15.
681 2639 740 2674 nam
758 2625 809 2690 ipsi
825 2625 900 2675 etiarn
919 2623 1065 2690 philosophi
1079 2631 1143 2675 tam·

125 2707 203 2757 quam
219 2700 432 2745 contumaces
448 2695 632 2745 accusabantur
648 2708 683 2743 ac
697 2694 911 2755 refractarii,
935 2701 1141 2758 contempto-

125 2774 175 2811 res
192 2763 450 2827 magistratuum
466 2777 500 2813 ac
516 2778 627 2828 regum
644 2778 813 2826 eorumve,
836 2776 893 2826 per
911 2776 992 2824 quos
1009 2762 1143 2825 publica

124 2830 414 2892 administrantem
435 2847 482 2882 nec
494 2839 555 2896 puto
575 2833 638 2881 adeo
653 2833 784 2896 imperitus
800 2846 883 2880 rerum
899 2830 1080 2893 bominumque
1094 2830 1143 2880 fuit

125 2896 236 2958 Seuecm
261 2905 290 2948 ut
307 2899 451 2965 impotentia
471 2901 651 2951 dominationis
669 2901 798 2950 ministros
823 2900 856 2949 iis
872 2914 1028 2965 magnopere
1046 2899 1142 2950 moveri

108 2964 252 3028 'erederet,
272 2982 338 3030 quae
355 2969 388 3018 ad
406 2969 579 3021 defendendos
596 2968 763 3035 philosophos
781 2969 883 3032 scripsit
904 2983 945 3034 ep.
961 2967 995 3019 73
1016 2976 1039 3018 et
1057 2977 1143 3019 tamen

124 3037 202 3089 uribi
220 3050 251 3086 ea
266 3051 318 3086 non
332 3043 468 3102 potuerunt
483 3039 534 3088 nisi
548 3053 577 3089 eo
591 3038 709 3100 consilio,
730 3043 758 3087 ut
772 3037 886 3104 publice,
906 3046 931 3086 et
945 3037 1055 3087 maxime
1067 3052 1082 3086 a
1093 3035 1143 3084 Ne·

124 3114 187 3156 rone
204 3105 262 3170 ipso
275 3104 427 3171 legerentur.
452 3106 533 3166 Quare
544 3121 696 3170 quamquam
712 3107 817 3157 dubium
830 3120 880 3156 non
898 3114 950 3165 est,
967 3106 1028 3169 quin
1047 3105 1142 3154 Seneca

123 3173 181 3239 lpse
199 3173 323 3240 epistulas
345 3176 484 3240 imperante
502 3175 586 3227 adhuc
600 3176 700 3227 Nerone
717 3176 846 3241 publicare
863 3175 985 3232 voluerit,
1011 3172 1142 3237 probabile

123 3246 209 3294 tamen
223 3244 287 3293 mihi
303 3243 405 3295 videtur
420 3259 472 3295 non
489 3245 543 3294 ab
536 3259 593 3310 ipso
612 3259 668 3295 esse
690 3245 771 3295 editas
789 3259 870 3307 neque
885 3243 961 3292 etiam
979 3241 1055 3307 plane
1066 3255 1141 3307 paru-

144 3313 214 3363 ιιι
233 3313 373 3363 editionem
388 3313 504 3379 relictas,
523 3313 570 3363 sed
589 3313 668 3364 editas
687 3315 718 3363 ab
736 3312 785 3363 alio
798 3313 874 3373 idque
887 3309 1060 3361 antsNeronis
1076 3323 1142 3359 mor-

148 3395 183 3433 ιι.
207 3383 281 3433 cuius
301 3381 341 3431 rei
362 3379 412 3430 duo
427 3382 570 3448 repperisse
589 3381 652 3432 mihi
668 3382 758 3432 videor
767 3386 934 3463 argumenta3
957 3393 1017 3429 nam
1031 3379 1141 3445 primum

161 3451 218 3515 qula
238 3449 398 3512 consideret,
420 3452 463 3516 qui
483 3466 515 3502 ex
533 3450 622 3502 amicis
638 3449 772 3501 Senecae
765 3449 830 3516 rpsis
850 3452 995 3504 nominibus
1012 3449 1140 3518 appellen·

933 3514 978 3588 αθ
