2468 3930
252 213 423 276 EPISTUL.
436 214 531 276 MOR.
552 215 624 276 LIB.
639 216 717 277 Xfll.
744 216 800 276 ΕΡ.
819 226 843 277 l.
866 222 938 292 (86.)
1021 216 1084 282 235

99 367 131 428 in
154 366 216 427 hoc
236 366 414 442 angulojille
433 367 622 442 Carthaginis
636 368 759 443 horror,
790 367 839 429 cui
863 370 962 431 Roma
986 370 1085 446 debet,

100 452 187 528 quod
201 459 318 515 tantum
334 452 431 516 semel
445 460 535 526 capta
548 459 610 523 est,
633 452 775 514 abluebat
795 469 909 528 corpus
928 452 1085 514 laboribus

98 535 224 605 rusticis
240 536 366 597 fessum.
405 534 570 594 exercebat
590 535 669 597 euim
690 553 834 611 operase
850 546 1036 613 terramque,
1054 545 1087 598 nt

99 635 169 681 mos
194 618 249 686 luit
269 618 396 693 priscis,
427 619 494 693 ipse
511 617 679 693 subigebat.
717 620 775 681 sub
790 620 851 681 hoc
865 620 916 680 itte
930 628 1009 682 tecto
1027 629 1085 682 tam

100 702 228 764 sordido
243 703 335 764 stetit.
375 701 434 771 boc
448 703 531 762 illum
547 704 752 777 pavimentum
765 711 830 764 tam
846 706 906 765 vile
926 705 1084 767 sustinuit:

100 795 131 848 at
143 803 226 849 nunc
242 787 311 861 quis
327 793 389 859 est,
404 786 460 861 qui
473 787 519 848 sic
534 786 630 845 lavari
645 789 814 848 sustineat?
834 804 953 863 pauper
968 789 1027 849 sibi
1040 791 1108 854 vi·6

101 872 190 931 detur
205 885 241 931 ac
256 870 418 943 sordidus,
440 869 499 930 uisi
516 870 647 946 parietes
663 870 781 945 magnis
797 879 827 930 et
845 871 988 946 pretiosis
1004 873 1084 934 orbi-

100 955 159 1017 bus
174 954 367 1025 reiulserunt,
383 952 442 1016 nisi
452 954 659 1015 Alexandrina
673 971 824 1015 marmora
834 955 1000 1015 Numidicis
1018 972 1085 1016 eru-

101 1038 156 1100 stis
172 1039 315 1098 distincta
331 1045 415 1110 sunt,
438 1038 496 1098 nisi
517 1038 576 1097 illis
592 1039 728 1114 undique
745 1055 878 1113 operosa
893 1043 924 1097 et
942 1039 971 1097 in
988 1039 1086 1114 pictu-

100 1139 154 1183 rae
182 1123 306 1184 modum
333 1122 450 1191 uariata
475 1122 657 1192 circumlitio
687 1123 888 1198 praetexitur,
919 1120 978 1182 nisi
1007 1122 1085 1182 vitro

101 1204 300 1267 absconditur
314 1221 450 1279 camera,
474 1205 535 1280 nisi
548 1205 678 1267 Thasius
693 1206 788 1281 lapis,
816 1205 969 1281 quondam
984 1222 1086 1265 rarum

100 1306 130 1349 rn
146 1291 249 1365 aliquo
263 1291 474 1365 ‚spectaculum
494 1290 624 1364 templo,
655 1289 791 1366 piscinas
815 1297 937 1351 nostras
957 1288 1083 1349 circum-

101 1374 200 1449 dedit,
223 1375 254 1433 in
276 1389 355 1448 quas
370 1375 463 1434 muita
480 1375 642 1434 sudatione
657 1391 790 1450 corpora
803 1375 963 1436 exsaniata
977 1372 1084 1434 demit·

100 1457 207 1530 timus,
230 1457 287 1518 nisi
309 1474 421 1533 aquom
442 1464 588 1533 argentea
605 1459 739 1533 epitonia
753 1459 904 1519 fuderunt.
938 1466 968 1518 et
983 1457 1109 1517 adhuc?

100 1542 238 1616 plebeias
256 1542 374 1602 fistulas
388 1542 513 1617 loquor=
542 1541 631 1616 quid,
658 1558 725 1603 cum
747 1543 791 1603 ad,
807 1540 1084 1602 balneolibertino-

100 1641 166 1687 rum
188 1631 381 1701 pervenerat
412 1633 556 1700 quantum
571 1631 754 1701 statuarum,
770 1634 914 1702 quantum
929 1626 1085 1686 columna·

99 1726 165 1770 rum
181 1709 314 1770 estnihil
327 1709 553 1782 sustinentium,
575 1710 676 1770 sedin
693 1718 902 1773 ornamentum
917 1709 1086 1784 positarum

100 1793 249 1868 inpensae
264 1800 374 1855 causat
403 1801 546 1869 quantum
563 1810 710 1869 aquarum
726 1811 780 1870 per
800 1795 914 1869 gradus
935 1810 1002 1854 cum
1026 1794 1085 1854 fra·

100 1892 175 1952 gore
188 1877 367 1937 labentium!
397 1893 438 1938 co
451 1876 636 1941 'deliciarum
657 1879 868 1952 pervenimus,
883 1886 916 1939 ut
929 1879 988 1939 nisi
1002 1893 1085 1952 gem-

101 1977 167 2022 mas
188 1961 308 2023 calcare
328 1960 470 2022 nolimus.
511 1962 545 2021 ln
567 1961 626 2024 boc
648 1962 758 2023 balneo
774 1962 928 2037 Scipionis
944 1961 1110 2022 minimae&

101 2052 173 2106 sunt
188 2045 283 2104 rimae
297 2046 394 2120 magis
412 2062 505 2119 quom
520 2045 673 2106 fenestrae
689 2063 775 2106 muro
791 2047 913 2121 lapideo
930 2053 1084 2118 exsectae,

100 2135 134 2189 ut
153 2129 221 2189 sine
247 2129 355 2190 iniuria
381 2129 556 2190 munimenti
583 2131 684 2190 lumen
708 2131 915 2190 admitterent:
947 2136 979 2190 at
1005 2146 1086 2190 nunc

100 2213 240 2272 blattaria
255 2218 366 2272 vocant
380 2213 503 2286 balnea,
525 2213 551 2272 si
568 2230 628 2287 qua
642 2229 703 2273 non
719 2213 760 2273 ita
774 2221 876 2287 aptata
890 2220 976 2286 sunt,
991 2221 1024 2274 ut
1040 2222 1085 2274 to-

104 2295 162 2357 tius
178 2295 239 2356 diei
254 2296 352 2357 solem
367 2296 509 2358 fenestris
526 2297 722 2371 amplissimis
737 2297 901 2371 recipiant,
923 2297 980 2355 nisi
998 2305 1029 2357 et
1042 2298 1085 2356 la·

99 2388 209 2443 vantur
224 2380 314 2447 simul
331 2387 361 2441 et
375 2382 562 2454 colorantur,
583 2379 642 2445 nisi
664 2396 704 2441 ex
724 2379 803 2442 sotio
824 2395 916 2454 agros
937 2385 968 2438 et
990 2380 1086 2442 maria

99 2464 300 2540 prospiciunt.
331 2464 436 2540 itaque
450 2481 530 2540 quac
545 2480 726 2527 concursum
743 2471 773 2524 et
787 2463 1017 2524 admirationem
1032 2462 1085 2521 ha·

100 2549 245 2622 buerunt,
267 2565 336 2611 cum
352 2548 581 2623 dedicarentur,
600 2549 629 2609 in
644 2550 839 2623 antiquorum
855 2563 1012 2610 numerum
1027 2546 1084 2605 rei·

100 2633 314 2707 nantoacum
329 2632 443 2709 aliquid
459 2633 530 2694 novi
544 2634 664 2695 luxuria
680 2639 850 2695 commenta
864 2640 920 2707 est,
940 2648 1001 2707 quo
1016 2629 1087 2706 ipsa

100 2732 135 2776 se
161 2717 313 2779 obrueret.
355 2720 397 2778 At
421 2717 492 2778 olim
517 2726 547 2779 et
572 2733 674 2793 pauca
695 2726 782 2779 erant
806 2717 916 2799 balnea
941 2731 998 2776 nec
1023 2716 1109 2778 ullo9

100 2801 183 2865 cultu
201 2808 358 2866 exornata.
395 2816 450 2862 cur
472 2801 551 2864 enim
573 2809 733 2863 ornaretur
752 2817 802 2864 res
826 2800 1042 2879 quadrantaria
1056 2807 1086 2859 et

99 2883 129 2942 in
147 2899 254 2956 usum,
274 2901 335 2945 non
352 2884 606 2946 oblectamentum
619 2894 761 2961 repertae
794 2902 856 2948 non
876 2884 1083 2947 subsundeba·

99 2974 148 3028 tur
167 2983 250 3043 aqua
269 2983 326 3029 nec
346 2983 455 3030 recens
477 2985 600 3044 semper
616 2970 699 3032 velut
713 2986 754 3030 ex
768 2970 867 3032 calido
884 2972 966 3030 tonte
981 2982 1083 3029 curre·

98 3051 165 3126 bat,
175 3067 239 3115 ‚nec
251 3053 367 3112 reterre
381 3052 563 3126 credebant,
579 3053 609 3113 in
619 3071 716 3128 -quam
732 3055 888 3128 perlucida
903 3053 1014 3114 sordes
1029 3051 1081 3110 de·

100 3143 260 3209 ponerent
284 3136 351 3210 sed,
366 3136 399 3197 di
412 3136 495 3209 boni,
510 3154 600 3213 quarn
615 3137 699 3198 iuvat
712 3137 762 3197 illa
775 3138 886 3198 balnea
899 3135 1013 3196 intrare
1028 3132 1081 3193 ob·
1091 3137 1126 3188 10

101 3234 193 3281 scura
214 3227 245 3281 et
263 3219 379 3295 gregali
401 3222 526 3282 tectorio
547 3221 688 3293 inducta,
719 3237 799 3294 quae
820 3219 917 3282 scires
939 3219 1083 3278 Catonem

100 3301 154 3363 tibi
181 3304 310 3365 aedilem
331 3312 383 3366 aut
402 3304 528 3366 Fabium
548 3305 713 3365 Maximum
735 3313 786 3365 aut
807 3319 846 3362 ex
867 3299 1015 3362 Corneliis
1031 3299 1083 3360 ali-

101 3402 191 3460 quem
211 3405 305 3450 mauu
325 3405 384 3449 sua
403 3396 614 3464 temperasset
657 3404 726 3448 nam
744 3387 803 3448 hoc
820 3401 944 3461 quoque
957 3383 1083 3445 nobilis·

101 3470 168 3532 simi
189 3472 306 3537 aediles
328 3473 531 3549 fungebantur
551 3473 653 3542 officio
674 3472 805 3532 intrandi
828 3487 865 3531 ea
889 3471 973 3544 loca,
1001 3483 1081 3544 quae
