2468 3930
418 604 668 675 attulit
704 602 924 672 stultit

497 738 557 799 AD
580 738 849 802 GALLIONEM

318 877 368 936 OE
390 875 583 936 annunlio
602 874 890 935 FORTUITORUM
905 874 1040 933 LIBER.

221 1205 370 1262 mannaan.
382 1207 458 1272 Apol.
474 1223 495 1258 c.
509 1207 543 1260 50
554 1214 623 1258 ectr.
635 1221 665 1270 p.
684 1206 735 1259 164
749 1209 791 1259 ed.
806 1208 918 1262 Havero.
944 1204 1017 1256 Multi
1030 1207 1099 1272 apud
1114 1220 1159 1255 voe

255 1278 288 1328 ad
302 1277 459 1327 tolerantiam
472 1275 567 1327 doloris
580 1283 605 1326 et
620 1277 707 1326 mortis
721 1275 865 1337 hortantur,
885 1284 912 1325 ut
925 1274 1012 1326 Cicero
1026 1276 1053 1325 in
1065 1275 1159 1325 'l'uscu-

255 1344 366 1405 culanis‚
380 1352 408 1395 nt
420 1344 540 1396 Seneca
552 1345 584 1394 in
603 1345 771 1408 fortuitis,
794 1354 822 1395 ut
834 1345 976 1410 Diogenes,
995 1352 1023 1394 ut
1035 1343 1158 1412 Pyrrhon,

251 1422 280 1465 ut
294 1413 440 1465 Callinicus.

216 1483 255 1534 lla
275 1484 426 1535 Hddeberto
444 1484 621 1536 cenomanensi
641 1482 693 1532 vid.
714 1483 797 1533 Devit.
819 1483 852 1532 ad
874 1483 998 1532 Varronis
1021 1481 1159 1531 sententias

224 1549 369 1670 Vgacegn⁹aus
386 1620 573 1671 Bellooccenot'c
592 1621 618 1668 in
634 1635 703 1685 spec.
716 1619 775 1671 hist.
790 1619 833 1673 lib.
850 1619 910 1680 Vll,
924 1633 946 1668 c.
962 1617 1021 1670 116.
1053 1617 1158 1682 Scripsit

253 1702 352 1751 quoque
366 1685 490 1752 (Seneca)
503 1688 593 1738 librum
608 1690 639 1739 de
651 1690 763 1739 moribus
776 1695 801 1738 ct
814 1688 846 1738 de
858 1687 977 1737 remediis
987 1687 1156 1740 fortuitorum.

251 1755 319 1810 Idid.
332 1755 417 1836 6123
432 1765 570 1821 sequnntur
582 1757 682 1807 llosculi
697 1774 729 1808 ex
740 1757 804 1807 libro
820 1757 851 1806 de
865 1756 983 1806 remediis
997 1755 1157 1807 fortuitorum

216 1833 434 1958 Icggggplliaqtri
448 1895 474 1942 in
490 1893 634 1960 Zopiilopio
654 1895 751 1962 passim
771 1891 892 1945 Senecam
910 1894 974 1944 libro
989 1892 1019 1943 de
1038 1892 1158 1941 remediis

250 1961 410 2012 fortuitorum
432 1962 503 2022 citat,
523 1961 602 2013 veluti
620 1962 664 2017 lib.
682 1963 702 2018 Ι.
726 1970 798 2017 tract.
817 1964 850 2016 11.
869 1979 893 2012 c.
912 1962 956 2017 la.
976 1961 1030 2015 luit.
1053 1959 1099 2012 lib.
1113 1961 1163 2025 ΙΙΙ,-

215 2031 531 2151 Pettl‘zesfcltlavdssrgmediic
547 2100 676 2164 utriusque
689 2099 824 2163 somnae,
848 2101 906 2166 ipsa
922 2099 970 2150 hac
991 2099 1157 2164 inscriptione

250 2169 371 2219 Senecam
390 2168 547 2228 aemulatus,
564 2175 671 2218 testatur
683 2182 747 2234 paq.
761 2167 788 2220 9.
813 2168 925 2220 libellum
944 2168 999 2218 eius
1016 2168 1113 2233 passim
1130 2167 1156 2215 iu

251 2238 368 2288 manibus
383 2237 455 2304 vulgi
471 2251 537 2289 esee.

153 2351 167 2403 l
242 2346 263 2400 Ι.
285 2345 372 2415 [Licet
383 2349 545 2399 cunctorum
555 2347 702 2415 poetarum
713 2344 835 2401 carmina
846 2343 983 2416 gremium
993 2348 1071 2400 tuum
1083 2359 1156 2399 sam-

103 2461 105 2463 ·
179 2445 231 2500 per
243 2430 394 2498 illustrent,
412 2427 561 2498 aliquando
574 2427 732 2483 deliberans
743 2426 798 2484 hoc
809 2428 857 2484 tibi
868 2429 1034 2501 opusculum
1044 2442 1097 2499 pro
1108 2442 1155 2483 nc-

180 2512 335 2568 cidentibus
348 2510 459 2565 casibus
472 2509 594 2583 dirigere
607 2511 717 2582 curavi,
729 2512 805 2583 quod
817 2528 874 2568 non
885 2511 1090 2585 praecedentes
1104 2509 1153 2566 sed

179 2595 286 2667 posteri
297 2593 468 2662 narrabunt]

150 2684 166 2736 1
241 2675 292 2711 **
314 2674 328 2710 *
350 2676 432 2731 Unde
451 2692 519 2748 ergo
540 2678 661 2750 primum
676 2677 844 2750 incipimus?
876 2678 900 2733 si
919 2678 967 2735 tibi
989 2676 1116 2745 videtur,
1138 2692 1155 2732 a

180 2765 301 2816 morte.
324 2758 391 2829 „Ab
403 2759 545 2816 ultimot“
563 2760 669 2832 inquis:
684 2760 768 2816 immo
780 2778 797 2817 a
807 2762 938 2820 maximo.
949 2761 996 2817 Ad
1006 2761 1062 2817 hoc
1071 2776 1154 2832 prae-

180 2844 262 2917 cipue
276 2860 347 2915 gens
359 2843 480 2900 humana
496 2843 656 2914 contremit,
679 2860 731 2899 nec
748 2844 883 2902 immerito
898 2843 1022 2922 [videtur
1037 2844 1089 2900 sibi
1100 2842 1155 2899 hoc

180 2929 301 2996 lacere]=
324 2928 410 2984 ceteri
428 2927 501 2984 enim
519 2926 632 2982 timores
649 2925 753 2984 habent
774 2929 894 3000 aliquem
913 2934 978 3000 post
1001 2945 1032 2984 se
1048 2929 1153 2982 locum:

153 3033 259 3110 ³mors
281 3015 376 3072 omnia
398 3010 552 3077 abscindit3
575 3007 630 3064 alia
652 3023 704 3063 nos
725 3011 868 3076 torquent:
890 3021 966 3062 mors
989 3004 1085 3061 omnia
1107 3002 1157 3059 de·

184 3106 272 3158 vorat.
315 3097 461 3169 Omnium,
489 3109 560 3168 qnae
581 3090 745 3160 horremus,
769 3089 900 3146 adhunc
922 3088 1013 3145 exitus
1036 3091 1156 3161 spectat,

184 3187 303 3241 eliorum
326 3176 422 3261 [recta
436 3178 638 3243 incedentium,
661 3174 795 3242 aliorum]
818 3189 869 3246 per
884 3172 1040 3231 circuitum.
1072 3171 1158 3227 eiiam

185 3269 232 3343 qui
255 3267 332 3325 aliud
360 3282 391 3321 se
415 3280 471 3320 nou
494 3265 591 3318 timere
618 3259 758 3325 iudicant,
786 3257 842 3314 hoc
864 3257 971 3316 timent.
1016 3253 1159 3326 Quicquid

183 3357 258 3414 aliud
277 3351 497 3420 extimescimus,
518 3347 603 3404 habet
623 3349 670 3402 aut
691 3342 846 3400 remedium
867 3346 915 3397 aut
934 3337 1076 3395 solatium:
1096 3331 1159 3410 [hoc

181 3457 267 3499 unum
277 3440 336 3494 εἰπε
346 3435 466 3492 remedio
477 3437 525 3488 est.
548 3430 600 3488 lico
610 3445 695 3486 mam
707 3433 734 3486 et
744 3427 851 3500 respuit
859 3417 1006 3497 6616116166]
1030 3417 1078 3479 Sic
1090 3433 1160 3492 ergo
