2468 3930
156 236 219 301 180
425 236 459 295 L.
479 235 628 296 ANNAEI
648 233 824 296 SENECAE

153 392 250 454 litudo
270 390 374 450 vitiata
395 390 425 449 in
446 391 555 449 malam
577 389 770 451 transfertur.
799 388 883 449 acies
899 389 1061 451 oculorum
1081 407 1137 453 ex-

153 478 264 537 stincta
280 474 425 534 caecitate
444 488 503 533 nos
522 471 638 533 adiicit.
670 488 731 532 non
755 479 872 532 tantum
885 472 1034 534 velocitas
1058 478 1138 550 perit

153 559 320 635 poplitibus
336 556 458 628 incisis,
480 557 537 616 sed
559 555 700 616 debilitas
721 572 779 631 pro
800 555 964 618 iliasubit.
995 557 1058 619 boc
1072 576 1135 621 non

152 651 200 704 est
217 641 387 718 periculum
400 641 431 700 in
445 639 497 713 iis,
519 656 600 715 quae
614 642 707 715 paulo
725 646 795 700 ante
814 640 983 701 retulimus.
1018 652 1136 718 queret

153 728 179 787 si
201 727 332 786 amioum
351 725 466 785 bonum
487 724 592 797 amisi,
617 740 679 784 non
701 731 749 784 est
768 723 840 782 mihi
859 739 916 799 pro
932 723 985 785 illo
1004 728 1136 800 perfidia

152 808 306 887 patienda,
321 824 379 868 nec
395 807 423 869 si
436 809 537 868 bonos
552 807 666 869 liberos
682 808 785 878 extuli,
800 806 832 866 in
843 806 964 868 illorum
976 809 1078 871 locum
1088 811 1134 871 in-

112 899 145 955 ti
153 896 251 970 pietas
267 893 413 955 succedit,
445 891 563 952 Deinde
577 908 640 953 non
654 891 821 951 amicorum
836 892 886 951 ille
899 900 953 955 aut
967 893 1134 955 liberorum

150 978 305 1050 interime,
333 976 390 1038 sed
411 992 573 1051 corporum
596 983 652 1036 est.
683 975 799 1036 bonum
822 982 925 1035 autom
950 993 1015 1037 uno
1040 978 1133 1039 modo

151 1061 240 1140 perit,
255 1060 327 1122 siin
343 1062 456 1120 malum
471 1061 593 1119 transit:
617 1059 702 1134 quod
717 1067 825 1119 natura
838 1075 901 1120 nou
915 1061 1043 1135 patitur,
1060 1063 1134 1137 quia

151 1146 251 1208 omnis
273 1144 369 1207 virtus
387 1151 417 1204 et
437 1161 516 1220 opus
540 1159 631 1205 omne
651 1144 770 1204 virtutis
790 1141 1007 1217 incomuptum
1021 1153 1132 1206 manet

149 1230 269 1292 Deinde
288 1229 407 1290 etiamsi
429 1229 517 1288 amici
539 1228 709 1303 perierunt,
734 1225 853 1286 etiamsi
868 1228 988 1302 probati
1002 1245 1134 1306 respou-

151 1316 323 1389 dentesque
339 1320 411 1372 voto
426 1313 521 1387 patris
537 1311 633 1385 liberi,
653 1318 701 1371 est
716 1311 801 1386 quod
814 1311 934 1372 illorum
948 1314 1072 1387 expleat
1086 1315 1131 1375 lov

152 1413 230 1458 cum.
256 1397 330 1471 quid
340 1395 380 1456 sit
392 1395 536 1471 quaerist
554 1395 638 1470 quod
649 1396 719 1455 illos
732 1400 882 1470 [quoque]
894 1395 993 1457 bonos
1005 1397 1132 1472 lecerat,

108 1482 257 1542 tevirtus.
280 1480 358 1539 baec
373 1479 447 1538 nibil
458 1494 570 1539 vacare
583 1480 693 1554 patitur
705 1479 774 1552 loci,
789 1485 886 1539 totum
895 1480 1026 1539 animum
1036 1487 1130 1556 tenet,

152 1564 339 1625 desiderium
356 1562 488 1624 omniurn
510 1563 601 1636 tollit,
624 1564 691 1623 sola
712 1563 787 1624 satis
808 1570 871 1624 est=
894 1563 1027 1625 omnium
1047 1566 1130 1625 enim

152 1648 301 1708 bonorum
316 1648 412 1707 viset
432 1648 518 1721 origo
538 1648 568 1706 in
589 1647 659 1722 ipsa
678 1653 735 1707 est.
765 1646 840 1722 quid
860 1648 966 1721 relert,
987 1663 1027 1708 an
1048 1665 1131 1724 aqua

151 1733 319 1792 decurrens
334 1729 543 1806 intercipiatur
554 1738 647 1805 atque
657 1731 755 1804 abeat,
771 1731 798 1790 si
810 1732 889 1806 lons,
906 1747 946 1791 en
957 1748 1021 1807 quo
1032 1731 1129 1793 fluxe-

149 1823 205 1888 rat,
222 1816 327 1875 salvus
343 1822 411 1875 estt
451 1815 518 1873 Non
535 1814 621 1875 dices
635 1815 727 1874 vitam
742 1813 900 1875 iustiorem
915 1815 1011 1876 salvis
1027 1817 1129 1877 liberis

151 1915 242 1975 quarn
268 1899 391 1959 amissis
417 1914 475 1958 nec
498 1899 715 1960 ordinatiorem
739 1913 797 1959 nec
823 1900 1052 1974 prudentiorem
1073 1917 1129 1960 nec

148 1983 372 2044 honestiorem=
402 1999 475 2058 ergo
498 1998 537 2042 ne
557 1983 713 2043 meliorem
737 1982 869 2058 quidem.
898 2000 962 2044 non
984 1985 1058 2046 lacit
1076 1985 1129 2045 ad·

149 2067 239 2129 lectio
263 2067 351 2126 amici
372 2067 604 2143 sapientiorem,
626 2083 688 2127 non
702 2067 775 2127 iacit
788 2067 956 2127 stultiorem
972 2067 1128 2142 detractio,

150 2166 224 2226 ergo
237 2166 296 2212 neo
308 2149 475 2212 beatiorem
489 2157 542 2211 aut
554 2150 754 2211 miseriorem.
777 2150 922 2226 quamdiu
934 2151 1032 2213 virtus
1044 2153 1129 2213 salva

106 2239 141 2294 26
149 2235 253 2309 luerit,
276 2251 338 2295 non
353 2237 483 2308 senties,
507 2234 581 2311 quid
596 2235 792 2295 abscesserit.
836 2234 935 2309 „Quid
949 2242 1047 2311 argo?
1067 2253 1127 2297 nou

149 2326 197 2380 est
221 2320 340 2381 beatior
364 2322 530 2381 amicorum
556 2327 586 2379 et
606 2317 771 2380 liberorum
790 2319 880 2379 turba
903 2319 1128 2381 subcinctust“

149 2403 260 2478 Quidni
274 2421 336 2467 non
352 2406 412 2465 sitt
434 2420 586 2464 summum
598 2403 678 2462 enim
689 2403 804 2464 bonum
815 2419 874 2464 nec
886 2403 1059 2479 infringitur
1071 2419 1128 2464 nec

149 2495 292 2564 augetur:
324 2487 355 2548 in
377 2505 434 2549 suo
456 2489 548 2548 modo
571 2495 736 2563 permanet
764 2495 930 2563 utcumque
950 2504 987 2548 se
1007 2489 1128 2549 fortuna

147 2570 253 2647 gessit.
277 2572 344 2631 sive
357 2572 400 2631 illi
414 2580 558 2633 senectus
573 2574 666 2647 longa
676 2571 802 2646 contigit
814 2571 882 2632 sive
896 2572 971 2632 citra
986 2579 1127 2633 senectu-

147 2662 208 2714 tem
223 2655 327 2715 finitus
343 2663 404 2730 est,
420 2657 528 2715 eadem
542 2671 687 2716 mensura
701 2657 811 2716 summi
824 2656 899 2716 boni
913 2661 970 2730 est,
986 2655 1125 2732 quamvis

104 2741 140 2798 27
147 2738 255 2798 aetatis
271 2736 396 2799 diversa
410 2739 458 2799 sit.
489 2739 595 2800 Utrum
610 2740 757 2801 maiorem
770 2755 810 2800 an
821 2741 970 2801 minorem
980 2741 1126 2807 circulum

147 2822 281 2893 scribas,
305 2821 346 2881 ad
362 2821 492 2898 spatium
508 2825 575 2885 eius
591 2825 735 2899 pertinet,
759 2840 821 2884 non
836 2825 877 2884 ad
893 2826 1039 2885 iormam=
1059 2825 1128 2885 licet

147 2905 223 2965 alter
238 2907 289 2966 diu
306 2907 460 2982 manserit,
476 2908 601 2969 alterum
614 2907 715 2968 statim
731 2908 898 2969 obduxeris
913 2908 987 2969 etin
1001 2923 1081 2982 eum,
1096 2908 1128 2969 iu

147 3006 210 3066 quo
226 2991 360 3067 scriptus
382 2999 443 3066 est,
471 2995 629 3068 pulverem
650 2991 797 3066 solveris,
824 2991 855 3052 in
871 2993 981 3052 eadem
996 3000 1128 3068 uterque

146 3075 246 3135 forma
260 3076 324 3136 luit.
348 3077 433 3151 quod
446 3084 562 3137 rectum
576 3085 637 3151 est,
655 3092 714 3137 nec
729 3075 937 3151 magnitudine
949 3075 1129 3138 aestimatur

145 3174 204 3219 nec
218 3176 345 3221 numero
361 3176 419 3220 nec
433 3168 586 3235 tempora:
609 3177 671 3222 non
687 3160 784 3235 magis
801 3161 931 3236 produci
946 3177 1039 3236 quam
1054 3176 1128 3222 con·

145 3243 223 3303 trahi
235 3251 346 3320 potest.
369 3244 531 3306 honestam
545 3245 637 3305 vitam
652 3261 691 3305 ex
703 3252 824 3305 centum
835 3261 987 3306 annorum
997 3260 1128 3306 numero

145 3326 176 3385 in
199 3337 345 3402 quantum
366 3330 452 3390 voles
473 3329 595 3406 corripe
615 3336 645 3391 et
661 3331 691 3390 in
707 3346 801 3390 unum
815 3330 895 3390 diem
910 3344 1003 3405 coges
1027 3343 1129 3406 eoque

102 3408 275 3474 tdhonesta
291 3420 348 3474 est.
392 3413 486 3475 Modo
501 3415 591 3475 latius
605 3414 703 3476 virtus
721 3415 871 3488 lunditur‚
891 3429 1003 3489 regna,
1020 3413 1128 3491 urbes,

146 3495 321 3570 provincias
336 3505 499 3576 temperat,
515 3500 574 3559 lert
587 3500 682 3576 leges,
699 3499 772 3560 colit
786 3498 943 3574 amicitias,
959 3497 1040 3560 iuter
1055 3514 1128 3576 pro·
