2468 3930
152 240 183 298 1„
199 239 338 297 ANNAEI
352 237 517 298 SENECAE
531 238 581 295 ΑΙ)
596 239 744 297 PAULUM
759 239 965 298 EPISTOLAE.
989 237 1053 300 ¹177

440 378 643 461 ,nurs'rora
664 403 698 455 n.

383 485 502 538 Saureae
515 489 613 541 Prosus
629 503 751 543 sauorru.

140 609 257 664 Litteras
269 614 332 666 tuas
346 609 445 667 hilaris
459 611 520 667 heri
535 612 641 683 accepi,
658 611 694 666 ad
710 627 779 683 quas
795 612 950 667 rescribere
962 614 1052 667 statim

83 692 176 764 potui,
202 693 226 747 si
243 695 432 764 praesentiam
448 695 582 763 iuvenis,
601 711 684 766 quem
706 695 744 750 ad
764 700 791 750 te
812 711 889 751 eram
906 696 1053 764 missurus,

80 775 252 832 habuissem.
282 779 340 834 scis
361 779 451 848 enim,
474 777 586 851 quando
603 784 631 833 et
647 793 698 850 per
714 794 795 850 quem
813 784 841 834 et
856 795 911 851 quo
928 784 1054 852 tempore

81 865 109 915 et
125 863 171 916 eui
185 859 253 932 quid
267 861 328 917 dari
347 863 535 934 committique
551 862 660 918 debeat
695 862 776 933 Rogo
793 877 878 935 ergo,
898 878 955 918 non
972 873 1054 935 putes

80 938 137 1020 [te]
155 945 322 1017 neglectum,
335 944 401 1001 dum
415 963 556 1018 personae
570 946 730 1018 qualitatem
745 946 875 1017 respicio.
908 944 967 1003 Sed
979 945 1055 1018 quod

81 1028 179 1084 litteris
196 1028 267 1084 meis
282 1045 334 1085 vos
349 1031 421 1084 benc
438 1035 570 1102 acceptos
583 1030 684 1087 alieubi
700 1029 809 1097 scribis,
826 1031 935 1086 ialieem
951 1045 995 1084 me
1011 1043 1054 1084 ar-

79 1111 166 1167 bitror
179 1112 246 1167 tanti
263 1112 318 1168 viri
333 1113 445 1170 iudicio.
466 1129 558 1185 neque
573 1114 648 1170 enim
661 1113 716 1171 hoc
730 1114 857 1180 diceres,
876 1127 993 1181 consor,
1010 1128 1054 1168 so·

79 1193 186 1266 phiala,
201 1197 336 1268 magister
349 1198 415 1253 tanti
429 1198 564 1270 principis
579 1204 606 1253 et
617 1199 673 1254 iam
689 1198 821 1267 omnium,
838 1197 893 1253 nisi
908 1198 1053 1270 quievere

81 1277 160 1335 dieis.
189 1279 261 1351 Opto
277 1287 303 1334 te
320 1280 368 1337 diu
382 1283 455 1337 bene
472 1283 577 1339 valere.

433 1441 630 1516 EPISTOLA
654 1445 697 1494 lll.

396 1527 499 1580 Saurea
515 1529 599 1580 Panno
616 1543 740 1580 sauurrrr.

144 1651 289 1721 Quaedam
308 1653 453 1708 volumina
472 1652 603 1708 ordinavi
623 1658 651 1708 ct
670 1652 855 1710 divisionibus
876 1653 935 1709 suis
952 1658 1053 1710 statum

81 1736 122 1790 eis
138 1734 215 1794 dcdi.
230 1752 265 1791 ea
280 1751 391 1808 quoque
405 1736 519 1794 Caesari
535 1738 632 1809 legere
647 1754 709 1793 sum
725 1737 890 1794 destinatus.
920 1735 951 1794 Si
968 1737 1053 1796 modo

81 1836 144 1876 sors
160 1836 298 1893 prospere
314 1822 457 1890 annuerit,
472 1828 502 1877 ut
516 1837 607 1877 novas
626 1819 726 1878 afferat
736 1838 830 1889 auras,
847 1821 903 1878 cria
919 1822 1015 1878 forsan
1026 1827 1055 1878 et

80 1908 111 1958 tu
123 1919 274 1976 praesens:
297 1905 350 1972 sin,
367 1906 437 1962 alias
449 1905 567 1963 reddam
580 1905 628 1962 tibi
641 1904 727 1976 diana
742 1915 771 1963 ut
781 1906 837 1962 hoc
849 1921 920 1978 opus
931 1905 1054 1963 invicem

81 1987 273 2060 inspiciamus.
305 1995 333 2044 et
346 2006 462 2060 possem
476 2006 533 2047 non
547 1991 625 2062 prius
642 1989 727 2047 cdere
748 1990 774 2045 ci
791 2006 853 2046 eam
875 1991 1052 2062 scripturam,

80 2073 135 2126 nisi
151 2073 230 2144 prius
245 2075 337 2127 tecum
351 2075 512 2142 conteram,
528 2072 649 2130 simodo
666 2070 779 2149 [etiam]
794 2075 907 2146 impune
921 2072 976 2130 hoc
991 2073 1052 2129 fieri
1129 2069 1132 2076 ’

79 2155 232 2226 potuisset,
251 2160 280 2209 ut
294 2154 381 2210 scires
397 2171 453 2210 non
467 2163 493 2210 te
508 2156 663 2228 praeteriri.
695 2157 777 2213 Vale.

436 2318 455 2367 E
464 2317 484 2367 P
493 2315 607 2368 lSTOL
617 2318 639 2366 a
660 2318 705 2369 lV.

375 2403 472 2456 Paucos
493 2400 610 2454 Saureae
630 2417 754 2454 sarnrrn.

144 2526 389 2599 Quotienscunque
405 2527 510 2584 litteras
525 2532 588 2583 tuas
600 2525 694 2594 audio,
709 2525 897 2598 praesentiam
908 2515 947 2582 tui
959 2527 1052 2598 cogito

81 2627 133 2666 nec
145 2611 222 2667 aliud
234 2612 362 2668 existimo
375 2628 458 2684 quam
469 2611 544 2667 omni
555 2617 682 2682 tempore
693 2615 720 2665 te
731 2608 877 2665 nobiseum
889 2625 962 2668 esse.
985 2610 1053 2668 Cum

81 2695 200 2766 primum
214 2696 307 2768 itaque
329 2697 427 2753 venire
447 2694 593 2769 coeperis,
614 2695 736 2751 invicem
753 2707 806 2749 nos
820 2699 848 2749 et
868 2692 904 2749 de
923 2696 1052 2768 proximo

82 2777 251 2834 videbimus.
278 2781 355 2836 Bene
372 2785 399 2836 te
416 2783 510 2838 valere
526 2785 603 2852 opto.

444 2941 641 2995 EPISTOLA
658 2944 692 2996 V.

408 3027 509 3080 Sarnos
525 3028 609 3081 Psoro
624 3041 745 3080 susurru.

145 3149 238 3206 Nimio
260 3155 308 3205 tuo
325 3165 444 3206 secessu
459 3151 598 3223 angimur.
628 3149 701 3219 Quid
716 3145 777 3206 esti
800 3150 846 3207 vel
866 3164 938 3220 quac
960 3163 1007 3203 res
1028 3155 1053 3203 te

84 3228 284 3311 romo[ra]tum
301 3229 425 3289 iaciunt?
447 3234 471 3290 si
487 3233 641 3307 indiffuatio
658 3234 802 3303 dominae,
828 3231 904 3306 quod
921 3248 938 3287 a
952 3232 1008 3287 ritu
1028 3236 1055 3287 ct

84 3324 161 3375 secta
183 3319 272 3375 veteri
289 3317 442 3374 recesseris
462 3323 490 3374 et
509 3318 581 3375 alios
597 3334 708 3377 rursum
729 3315 917 3384 converteris,
939 3315 991 3371 erit
1003 3329 1053 3388 po

85 3402 208 3459 stulaudi
227 3402 324 3476 loeus,
349 3409 378 3459 ut
397 3401 503 3458 ratione
524 3402 641 3472 tactum,
668 3417 725 3457 non
747 3401 859 3458 levitate
885 3399 939 3456 hoe
960 3397 1054 3455 existi·

85 3491 184 3542 matur.
