2468 3930
199 225 370 286 EPISTUL.
384 224 478 286 Mola.
499 226 572 289 LlB.
590 225 654 285 xx.
675 223 981 300 EP.1.2.(118.119.)
1023 224 1084 288 393

103 385 166 452 est,
183 392 253 437 oum
267 375 345 435 haec
360 391 421 435 non
437 376 517 436 sintt
542 375 698 450 quomodo
713 376 753 435 ad
768 376 857 436 aliam
869 377 1085 451 proprietatem

102 461 258 537 pervenit,
276 475 344 519 eum
358 459 480 534 utrique
496 458 694 534 praecipuum
708 460 782 519 illud
794 474 952 521 commune
964 461 1017 533 sil,
1036 478 1085 522 se-

103 545 236 605 cundum
257 549 395 603 naturam
418 548 535 601 esset“
563 543 636 617 Ipsa
651 543 768 603 scilieet
781 544 998 618 magnitudine.
1028 561 1086 605 nec
1095 553 1127 608 14

101 629 163 688 hoc
184 642 299 687 novum
322 634 371 686 est
392 627 542 701 quaedam
566 627 735 687 crescendo
756 629 874 687 mutari.
901 629 1005 688 lnlans
1021 628 1085 690 luit.

102 713 203 772 lactus
218 718 266 771 est
280 710 394 784 pubes:
426 710 487 769 alia
501 709 568 770 eius
587 711 760 785 proprietas
772 711 815 770 fit.
843 710 894 771 ille
911 711 991 773 enlm
1005 713 1083 773 inra-

101 795 225 856 tionalis
242 801 304 866 est,
320 793 369 853 hic
380 794 548 854 rationalis.
570 794 726 867 Quaedam
740 793 927 856 incremento
942 811 1003 856 non
1020 805 1085 858 tan·

101 879 209 941 lumin
225 878 323 938 maius
339 884 465 951 exeunt,
481 877 537 937 sed
550 878 580 936 in
592 878 683 938 aliud.
699 877 785 951 „Non
803 878 851 951 nt,
867 879 978 953 inquit,
995 881 1128 957 aliud,15

104 964 188 1039 quod
209 962 306 1021 maius
326 962 370 1021 fit.
404 969 504 1022 utrum
525 963 665 1036 lagenam
685 977 724 1020 an
740 961 854 1022 dolium
869 962 988 1037 inpleas
1004 965 1085 1038 vino,

102 1047 176 1108 nibil
193 1047 303 1106 retorta
325 1046 355 1104 in
377 1051 509 1119 utroque
530 1045 702 1120 proprietas
721 1045 784 1104 vini
805 1053 861 1123 est.
890 1053 922 1107 et
942 1045 1085 1122 exiguum

101 1130 200 1190 mellis
221 1130 344 1205 pondus
366 1136 396 1189 et
417 1145 559 1203 magnum
582 1145 696 1203 sapore
711 1146 772 1190 non
788 1128 923 1197 ,differtfl
957 1130 1086 1191 Diversa

102 1215 193 1290 ponis
209 1215 366 1287 exempla=
395 1212 426 1271 in
444 1212 511 1273 istis
527 1212 730 1273 enim'eadem
746 1215 876 1289 qualitas
892 1221 949 1274 est.
981 1231 1084 1289 quam-

101 1299 150 1358 vis
173 1304 355 1373 augeantur,
377 1305 488 1357 manet.
525 1297 680 1370 Quaedam
701 1297 886 1373 amplificata
906 1298 935 1356 in
958 1314 1015 1360 suo
1034 1314 1085 1374 ge·
1094 1301 1127 1357 16

101 1398 175 1442 nere
190 1383 264 1442 etin
279 1398 336 1441 sua
351 1379 536 1455 proprietate
547 1381 723 1456 perdurant.
746 1381 896 1457 quaedam
908 1390 979 1456 post
993 1385 1086 1442 multa

101 1465 288 1526 incrementa
308 1465 413 1524 ultima
434 1463 556 1525 demum
575 1467 665 1526 vertit
692 1465 823 1526 adiectio
845 1472 876 1525 et
895 1482 1007 1527 novam
1026 1466 1085 1527 illis

101 1550 253 1624 aliamque
284 1565 375 1624 quarn
396 1549 426 1607 in
452 1565 514 1623 qua
540 1549 675 1622 luerunt,
703 1549 916 1611 condicionem
944 1550 1085 1626 inprimit.

100 1634 188 1695 Unus
203 1633 282 1707 lapis
299 1631 370 1692 iacit
384 1632 546 1706 fornicem,
563 1633 628 1706 ille,
647 1633 699 1708 qui
713 1635 808 1694 latera
819 1633 962 1695 inclinata
974 1649 1085 1695 cunea-

100 1719 145 1777 vit
168 1723 198 1777 et
211 1717 382 1776 interventu
404 1732 461 1776 suo
484 1714 589 1776 vinxit.
621 1716 745 1777 Summa
762 1718 892 1779 adiectio
909 1734 1005 1794 quare
1017 1719 1087 1794 plu-

99 1803 210 1861 rimum
234 1800 306 1860 lacit
330 1801 378 1860 vel
404 1801 536 1875 exigua?
563 1817 624 1860 non
646 1802 740 1880 [quia]
763 1809 866 1877 auget,
897 1803 954 1864 sed
979 1803 1085 1879 inplet.

101 1886 256 1959 Quaedam
279 1900 430 1959 processu
452 1883 586 1959 priorem
607 1894 721 1946 exuunt
741 1887 868 1946 lormam
884 1895 914 1947 et
927 1888 957 1947 in
974 1889 1127 1950 novamll

100 1976 273 2030 transeunt:
294 1969 347 2029 ubi
369 1968 486 2044 aliquid
506 1969 625 2030 animus
647 1971 699 2030 diu
721 1972 846 2045 protulit
860 1979 890 2033 et
903 1971 1084 2047 magnitudi-

100 2069 171 2112 nem
192 2053 257 2112 eius
279 2053 439 2128 sequendo
458 2054 590 2113 lassatus
607 2063 666 2126 est,
689 2055 838 2115 infinitum
854 2056 957 2130 coepit
969 2055 1084 2117 vocari.

102 2138 187 2214 quod
202 2137 292 2211 longe
309 2137 391 2197 aliud
406 2137 517 2197 laetum
533 2143 580 2196 est
595 2153 686 2211 quarn
703 2138 772 2208 luit,
800 2154 869 2199 cum
884 2155 1026 2212 magnum
1041 2139 1084 2197 vi-

101 2223 238 2293 deretur,
262 2222 319 2281 sed
336 2219 463 2279 finitum.
493 2220 602 2280 eodem
618 2221 710 2281 modo
726 2222 841 2296 aliquid
858 2221 1022 2283 dilliculter
1037 2237 1085 2283 se-

101 2305 165 2366 cari
190 2304 407 2379 cogitavimus:
437 2303 606 2363 novissime
634 2312 792 2366 crescente
820 2305 879 2365 hac
907 2306 1086 2366 difficultate

98 2390 323 2450 insecabile
337 2388 494 2448 inventum
513 2396 569 2448 est.
593 2388 639 2448 sio
653 2387 692 2447 ab
709 2404 763 2462 oo,
783 2389 868 2464 quod
884 2389 935 2448 vix
950 2395 981 2448 et
994 2403 1086 2463 aegre

99 2474 296 2546 movebatur,
319 2472 530 2548 processimus
547 2474 585 2532 ad
609 2471 807 2533 inmobile.
837 2473 951 2532 Eadem
967 2473 1086 2532 ratione

99 2557 214 2633 aliquid
231 2558 441 2617 secundum
455 2565 630 2617 naturam
645 2557 716 2618 luit:
732 2556 792 2617 hoc
803 2558 834 2616 in
845 2557 934 2617 aliam
948 2555 1086 2631 proprie·

98 2648 192 2701 tatem
204 2639 381 2714 magnitudo
395 2658 451 2702 sua
462 2642 615 2702 transtulit
629 2642 810 2704 othonum
825 2640 905 2702 iecit.
919 2639 983 2680 ***
997 2641 1086 2700 Vale.

397 2779 613 2837 EPISTULA
636 2780 669 2835 II.
695 2781 784 2852 (119.)

363 2871 472 2923 Sauara
488 2875 601 2924 Lucrrro
618 2886 670 2924 suo
689 2886 829 2929 saturnu.

188 2973 333 3047 Quotiens
349 2976 464 3050 aliquid
480 2977 598 3053 inveni,
618 2993 680 3036 non
696 2983 861 3053 exspecto,
884 2975 985 3034 donec
1000 2973 1112 3033 dicasl

99 3060 152 3135 „in
171 3064 347 3117 commune!
358 3062 375 3091 “
397 3059 467 3133 ipse
477 3059 550 3119 mihi
561 3058 642 3120 dico.
665 3059 743 3133 Quid
756 3061 803 3133 sit,
818 3058 903 3133 quod
918 3056 1087 3116 invenerim

101 3141 248 3218 quaeris?
286 3142 386 3201 sinum
414 3142 500 3216 laxa,
529 3158 645 3202 merum
673 3144 790 3202 lucrum
820 3150 876 3200 est.
920 3138 1086 3211 docebo,

101 3228 295 3302 quomodo
323 3224 413 3285 lieri
439 3226 551 3285 dives
578 3224 786 3284 celerrime
812 3223 958 3299 possis.
996 3236 1087 3295 quam

101 3310 192 3369 valde
204 3312 292 3386 cupis
305 3310 426 3369 audire!
451 3324 508 3368 nec
525 3308 680 3368 inmerilo=
703 3308 743 3367 ad
757 3308 905 3366 maximas
921 3311 951 3365 te
966 3303 1087 3364 divitias

101 3396 322 3468 conpendiaria
343 3394 462 3454 ducam.
495 3408 575 3468 opus
595 3391 653 3452 erit
669 3398 770 3451 tamen
793 3390 845 3450 tibi
865 3389 1025 3450 creditore.
1055 3394 1089 3447 ut

101 3479 250 3550 negotiari
265 3479 385 3555 possis,
401 3493 456 3538 aes
472 3476 603 3537 alienum
618 3474 714 3537 iacias
727 3481 862 3551 oportet:
878 3474 935 3534 sed
948 3474 1020 3535 nolo
1032 3487 1088 3548 per
