2468 3930
205 234 269 301 416
500 236 533 298 L.
553 235 701 295 ANNAEI
724 233 899 295 SENECAE

206 391 376 451 miniscitur
390 385 475 459 viae,
494 403 561 445 cum
577 388 617 446 ad
631 387 748 448 initium
762 388 828 449 eius
841 389 982 449 admotus
996 393 1059 447 cst:
1075 386 1107 447 in
1126 394 1180 448 sta·

205 474 278 535 bulo
297 473 419 549 quidem
440 471 524 530 nullo
544 468 587 529 illi
608 471 677 530 viae
699 474 839 547 quamvis
862 487 959 547 saepe
974 471 1111 531 calcatae
1125 487 1184 530 me·

205 559 302 618 moria
320 562 376 615 est.
396 555 516 615 tertium
533 569 608 615 vero
626 562 763 630 tempuS‚
779 556 811 616 id
826 564 874 617 est
888 557 1036 629 futurum,
1052 554 1093 615 od
1107 562 1189 616 muta

164 652 268 708 17n0n
290 640 431 715 pertinet.
468 638 630 711 Quomodo
652 654 726 714 ergo
751 646 854 713 potest
873 656 980 700 eorum
999 639 1098 699 videri
1118 655 1187 714 per·

206 727 286 785 lecta
300 730 422 794 natura,
441 721 552 797 quibus
566 738 643 783 usus
658 721 787 797 perlecti
797 725 944 799 temporis
959 729 1188 784 1111111111-

204 825 265 885 pus
281 809 360 867 enim
374 807 472 866 tribus
488 807 626 881 partibus
651 813 786 881 constat,
807 808 989 883 praeterito,
1011 813 1184 882 praesente,

205 900 352 953 venturo:
380 890 560 950 animalibus
583 897 697 952 tantum
719 892 803 966 quod
824 891 1042 952 brevissimum
1063 898 1127 967 est,
1155 892 1185 950 in

205 985 387 1037 transcursu
407 975 526 1047 datum,
543 990 702 1049 praesens.
727 975 881 1050 praeteriti
894 992 965 1036 rara
980 975 1127 1036 memoria
1141 982 1187 1036 est

164 1076 264 1132 1ssnec
282 1075 428 1133 umquam
449 1065 612 1118 revocatur
632 1059 690 1120 nisi
717 1060 924 1135 praesentium
950 1075 1093 1120 occursu.
1126 1076 1186 1120 non

206 1150 311 1220 potest
331 1158 404 1217 ergo
424 1141 579 1216 perfectae
599 1149 725 1203 naturae
744 1144 859 1203 bonum
880 1145 911 1204 in
929 1142 1100 1219 inperfecta
1115 1159 1185 1203 esse

205 1236 328 1289 natura:
351 1227 906 1302 11111111111111111111111111,
928 1226 1044 1288 habent
1067 1234 1098 1288 et
1110 1234 1185 1287 sata.

205 1312 267 1372 Nec
281 1311 357 1371 illud
371 1324 467 1384 nego,
483 1310 523 1369 ad
537 1326 589 1382 ea,
607 1326 686 1383 quae
696 1311 837 1371 videntur
851 1312 1023 1372 secundum
1037 1318 1185 1386 naturam,

205 1411 334 1471 magnos
349 1409 421 1453 esse
441 1393 531 1453 mutis
546 1394 727 1454 animalibus
744 1394 867 1469 inpetus
882 1402 913 1456 et
927 1394 1114 1469 concitatos,
1131 1394 1186 1455 sed

205 1480 395 1540 inordinatos
417 1493 453 1536 11
474 1477 630 1538 turbidos:
652 1494 817 1552 numquam
839 1486 940 1540 autem
961 1485 1013 1539 aut
1033 1479 1185 1538 inordina-

165 1582 199 1637 19
205 1569 268 1624 tum
284 1570 332 1622 est
345 1562 461 1626 bonum
475 1567 526 1622 aut
539 1560 702 1622 turbidum.
734 1562 839 1636 „Quid
852 1570 948 1639 ergot
967 1563 1086 1639 inquis=
1105 1569 1185 1623 mutu

206 1646 347 1706 animalia
366 1646 543 1720 perturbate
565 1654 595 1706 et
608 1646 791 1720 indisposite
807 1651 1015 1708 moventurl“
1046 1647 1184 1708 Dicerem

204 1731 255 1789 illa
278 1730 454 1804 perturbate
473 1735 503 1788 et
521 1728 705 1803 indisposite
726 1731 858 1806 moveri,
885 1732 912 1792 si
933 1737 1042 1791 natura
1065 1731 1184 1792 illorum

206 1811 346 1874 ordinem
372 1819 510 1888 cuperet:
544 1829 626 1872 nnnc
653 1821 814 1874 moventur
843 1815 1014 1876 secundum
1044 1822 1181 1876 naturam

205 1914 302 1959 suam.
329 1897 538 1973 perturbatum
558 1897 638 1956 enim
652 1897 685 1956 id
699 1905 760 1971 est,
783 1899 868 1974 quod
883 1914 955 1958 esse
970 1899 1137 1974 aliquando
1156 1905 1184 1958 ct

204 1999 266 2042 non
282 1981 490 2056 perturbatum
503 1986 619 2055 potest:
644 1981 805 2042 solllcitum
821 1989 881 2058 est,
898 1984 982 2058 quod
994 1988 1098 2058 potest
1113 1997 1184 2043 esse

205 2081 358 2127 securum.
389 2065 462 2124 nulli
482 2064 585 2124 vitium
608 2073 669 2137 est,
696 2066 755 2124 nisi
780 2065 831 2127 eui
855 2067 951 2127 virtus
973 2072 1183 2142 potestesse:

161 2150 295 2220 semotis
320 2147 500 2209 animalibus
521 2148 590 2210 talis
610 2164 649 2209 ex
665 2156 774 2210 natura
788 2158 957 2212 suenrotus
972 2158 1029 2211 est.
1064 2150 1126 2212 Sed
1145 2166 1182 2210 ne

202 2242 233 2296 te
255 2234 308 2294 diu
328 2240 463 2307 teneam,
485 2231 541 2293 erit
562 2234 726 2310 aliquando
749 2236 892 2310 [aliquod]
914 2235 1029 2295 bonum
1048 2235 1078 2294 in
1100 2242 1182 2295 muto

204 2318 341 2394 animali,
363 2317 420 2391 erit
442 2316 545 2392 aliqua
565 2317 677 2393 111111,
699 2316 757 2378 1111
777 2320 891 2395 aliquid
914 2320 1099 2394 perlectum:
1128 2318 1184 2379 sed

203 2418 261 2462 nec
275 2401 389 2464 bonum
405 2401 546 2462 absolute
557 2418 614 2462 nec
629 2403 724 2463 virtus
739 2418 797 2463 111
812 2405 989 2479 perlectum.
1012 2403 1092 2464 haec
1104 2403 1181 2462 enim

203 2487 402 2546 rationalibus
427 2486 503 2546 solis
533 2485 742 2562 contingunt,‘
760 2488 871 2562 quibus
898 2488 1003 2548 datum
1029 2495 1078 2549 est
1103 2487 1182 2546 scire

205 2586 314 2644 quare,
343 2576 511 2645 quatenus,
539 2570 810 2645 quemadmodum:
846 2570 888 2632 ila
912 2571 1026 2633 bonum
1045 2570 1077 2632 in
1099 2571 1182 2631 nullo

161 2661 266 2726 diest,
287 2654 345 2713 nisi
360 2653 391 2712 in
406 2670 467 2728 quo
483 2654 571 2714 ratio.
593 2654 657 2727 Quo
672 2671 753 2714 nune
767 2653 917 2730 pertineat
931 2656 990 2716 ista
1005 2653 1182 2732 disputatio,

204 2737 327 2811 quaeris
348 2742 378 2794 et
398 2737 472 2810 qnid
494 2737 594 2796 animo
611 2745 662 2798 tuo
676 2739 837 2812 profutura
855 2740 914 2800 sitl
944 2744 1026 2814 [uon]
1048 2740 1134 2800 dieo:
1154 2744 1183 2798 et

203 2826 327 2878 exercet
341 2820 423 2878 illum
434 2827 464 2879 et
478 2821 559 2880 acuit
569 2828 600 2881 et
613 2820 719 2896 utique
734 2823 816 2884 aliud
829 2830 967 2884 acturum
980 2824 1182 2899 occupatione

201 2902 333 2962 honesta
358 2909 448 2962 tenet.
488 2904 616 2979 prodest
640 2913 741 2966 autem
764 2907 854 2969 etiam
879 2908 964 2983 quod
986 2915 1124 2969 moratur
1142 2907 1181 2966 ad

202 3003 300 3062 prava
315 2995 547 3062 properantem:
570 2991 626 3050 sed
641 2991 715 3050 illud
731 2991 816 3051 dieo:
838 2991 945 3053 nullo
965 2993 1076 3054 modo
1092 3007 1180 3067 pro-

203 3072 319 3132 desse
337 3088 495 3149 possum
512 3075 648 3149 magis,
664 3075 817 3150 quamsi
834 3074 908 3136 tibi
924 3075 1181 3137 bonumtuum

203 3157 387 3232 ostendo,
412 3159 445 3218 si
469 3167 506 3220 te
526 3175 545 3219 a
567 3160 679 3219 mutis
701 3158 938 3221 animalibus
962 3176 1121 3236 separo,
1147 3156 1181 3217 si

158 3245 283 3306 uacum
305 3242 376 3302 deo
397 3260 509 3318 pono.
541 3243 633 3318 Quid,
655 3243 793 3320 inquam,
818 3243 901 3304 vires
918 3242 1059 3321 corporis
1076 3240 1133 3304 alis
1150 3249 1181 3302 et

202 3332 352 3386 exerces?
388 3326 558 3402 pecudibus
579 3327 655 3388 istas
675 3329 809 3391 maiores
823 3328 959 3404 ferisque
980 3334 1179 3390 1111111111-

202 3409 306 3470 cessit.
336 3409 411 3485 quid
433 3411 549 3472 excolis
564 3412 713 3472 formam?
739 3429 808 3473 eum
823 3413 925 3474 omnia
939 3412 1065 3488 leceris,
1083 3427 1178 3473 amu·

200 3491 238 3552 tis
253 3493 434 3554 animalibus
450 3496 562 3557 deeora
575 3495 717 3558 vinceris.
746 3497 821 3572 quid
843 3496 986 3575 capillum
1005 3493 1119 3574 ingenti
1135 3491 1179 3556 ui·
