2468 3930
143 220 207 286 360
437 219 470 279 L.
488 217 633 280 ANNAEI
652 215 829 279 SENECAE

103 383 137 438 13
144 380 174 434 et
192 389 292 434 suam.
336 369 400 433 Sed
420 378 453 431 ut
472 387 635 433 removeas
652 371 725 440 ista,
747 384 829 445 quae
842 377 895 433 uut
909 369 1128 434 summobono

146 465 218 519 suni
227 462 280 516 aut
292 470 479 516 snrnmorum
491 455 662 528 efficientia,
677 452 873 527 nihilominus
885 454 1039 528 prodesse
1050 453 1124 519 iuter

147 557 182 602 se
191 540 348 615 sapientes
361 548 501 612 possunt.
514 540 651 601 invenire
661 537 742 600 enim
753 536 924 612 sapientem
932 538 1125 615 supientipor

147 640 182 685 se
195 640 248 683 res
266 622 440 696 expetenda
455 631 511 699 est,
528 624 600 701 quia
610 630 719 685 natura
729 620 843 683 bonnm
858 637 947 685 omne
960 637 1067 684 aarum
1081 629 1125 687 cst

146 710 228 770 bono
244 712 276 767 et
289 707 336 766 sic
351 706 483 782 quisquo
495 707 673 769 conciliatur
685 707 768 767 bono
783 706 1041 782 quemadmodum
1057 705 1122 769 sibi.

123 796 140 850 t
207 791 344 851 Necesse
368 797 417 850 est
440 807 480 852 ex
504 793 563 854 bac
589 790 770 868 quaestione
791 789 960 865 argumenti
981 789 1124 855 cunata

147 877 273 937 alteram
286 881 450 935 transeam.
474 877 678 952 quaeritur
698 874 793 948 euin,
817 890 863 937 an
886 873 1125 937 deliberatu-

146 976 214 1020 rus
229 957 470 1034 sitsapiens,
491 977 536 1021 an
551 960 587 1020 in
604 958 811 1019 consilium
826 958 1124 1035 uliquemadvn·

148 1051 322 1104 caturusa
346 1043 430 1118 qnod
448 1044 549 1105 facem
563 1044 605 1104 illi
620 1041 829 1104 necessarium
843 1048 900 1115 est,
915 1057 983 1104 cnm
997 1041 1127 1105 adhaec

148 1127 247 1187 civilia
260 1134 292 1187 et
306 1126 474 1188 domestIea
488 1129 608 1190 venitur
622 1133 666 1201 et,
688 1124 904 1198 albedinem,
925 1126 1073 1189 mortalia.
1095 1126 1126 1188 in

147 1211 195 1271 his
212 1211 257 1270 sic
268 1211 309 1270 illi
326 1227 404 1286 opus
419 1220 468 1273 est
481 1213 581 1273 alieno
594 1208 722 1272 consilio
736 1211 892 1284 quomodo
904 1209 1034 1284 medico,
1051 1227 1127 1287 quo·

148 1296 240 1356 modo
255 1296 468 1368 gubernatore,
485 1296 640 1370 quomodo
653 1294 804 1355 advocato
819 1300 849 1355 et
863 1293 923 1355 litis
938 1294 1127 1359 ordinatore.

150 1379 286 1454 proderit
302 1394 376 1453 ergo
392 1380 517 1454 sapiens
534 1379 698 1456 aliquando
712 1377 853 1453 sapienti.
876 1377 1018 1441 suadebit
1031 1379 1128 1441 cuiun

149 1461 250 1522 sedin
265 1463 325 1522 illis
341 1477 465 1538 queque
479 1465 597 1538 magnis
612 1479 649 1523 ac
671 1461 797 1537 divinis,
819 1469 852 1525 ut
874 1459 1022 1537 diximus,
1045 1478 1129 1525 com·

148 1547 278 1607 muniter
298 1546 428 1607 honeste
441 1548 599 1608 mactando
615 1554 646 1608 et
661 1547 779 1608 animos
796 1544 1061 1623 cogitationesque
1074 1546 1128 1607 rni-

109 1629 265 1691 inscendo
287 1630 368 1690 utilis
390 1631 454 1691 erit.
498 1631 659 1693 Praeterea
679 1630 848 1693 secundum
869 1636 1008 1691 naturam
1032 1637 1080 1692 est
1099 1636 1130 1691 et

149 1712 265 1772 amicos
287 1714 438 1788 conplecti
458 1721 489 1774 et
510 1716 675 1774 amicorum
696 1722 787 1776 auctu
808 1722 841 1777 ut
859 1729 917 1775 sno
938 1715 1130 1789 proprioque

149 1794 265 1856 lactari.
292 1812 362 1855 nam
377 1797 436 1855 nisi
457 1798 517 1858 hoe
532 1799 710 1871 fecerimus,
731 1815 770 1859 ne
785 1798 881 1859 virtus
897 1796 1022 1873 quidem
1037 1798 1128 1859 nobis

151 1878 352 1955 permanebit,
375 1897 454 1955 quae
470 1882 644 1943 exercendo
658 1899 715 1943 usu
729 1880 778 1945 sui
791 1883 881 1943 valet.
909 1880 1005 1943 virtus
1026 1890 1130 1943 aulem

150 1963 260 2022 suadet
273 1963 448 2037 praesentia
463 1963 542 2025 bene
557 1966 735 2041 conlocare,
758 1967 789 2027 in
809 1967 940 2029 futurum
954 1967 1131 2040 consulere,

150 2045 320 2106 deliberare
340 2056 370 2108 et
390 2047 547 2110 intendere
567 2051 714 2111 animuma
737 2048 857 2111 facilius
880 2048 1014 2111 intendet
1031 2048 1132 2123 expli·

151 2128 301 2205 cabitque,
315 2131 367 2207 qui
379 2133 512 2207 aliquem
522 2133 582 2194 sibi
593 2135 810 2209 adsumpserit.
830 2134 949 2208 quaerit
961 2132 1067 2208 itaque
1078 2139 1132 2195 cut

149 2214 318 2289 pericolum
338 2216 435 2277 virum
456 2225 507 2278 aut
530 2219 740 2294 proficientem
764 2217 959 2292 vicinumque
981 2217 1130 2292 perfecto.

150 2299 288 2373 proderit
301 2307 401 2361 autem
415 2299 466 2361 ille
482 2304 651 2377 perlectus,
668 2303 694 2363 si
711 2301 872 2363 consilium
888 2301 1042 2363 communi
1059 2317 1131 2377 pru·

109 2383 252 2444 ludentia
273 2385 392 2446 iuverit.
436 2388 530 2447 Aiunt
543 2385 682 2449 homines
700 2386 770 2460 plns
784 2385 815 2445 in
829 2386 929 2447 alieno
945 2384 1072 2460 negotio
1086 2385 1131 2445 vi·

150 2467 224 2527 dere
241 2484 332 2542 quum
346 2469 375 2529 in
391 2485 459 2529 suo.
482 2471 542 2531 hoc
556 2471 614 2530 illis
630 2467 739 2543 evenit,
759 2485 838 2544 qnos
853 2485 939 2531 amor
955 2469 1006 2530 sni
1020 2484 1130 2531 meae·

151 2557 200 2610 net
220 2550 395 2627 quibusque
415 2553 585 2630 dispectum
607 2553 741 2616 utilitatis
761 2553 851 2616 timor
871 2553 901 2613 in
917 2551 1064 2628 perieulis
1078 2568 1130 2615 ox·

150 2633 238 2695 outitr
263 2634 388 2711 incipiet
407 2652 519 2712 sapere
545 2637 683 2700 securior
708 2644 739 2699 et
758 2645 843 2699 extra
864 2643 978 2699 metum
1001 2637 1130 2712 positus.

149 2715 207 2776 sed
228 2717 423 2779 nihilominus
445 2722 595 2795 quaedam
616 2728 702 2796 sunt,
723 2737 804 2797 quoe
824 2720 913 2783 ctiam
928 2720 1131 2796 sapieutcsiu

150 2798 209 2860 alio
232 2816 323 2874 quam
343 2801 373 2860 in
394 2818 430 2862 se
449 2803 621 2878 diligentius
635 2806 749 2867 vident.
792 2804 953 2867 Praeterea
970 2804 1046 2866 illud
1065 2804 1130 2867 dul·

150 2882 306 2944 cissimum
327 2891 358 2944 ct
376 2885 615 2950 honestissinum
631 2891 727 2963 „idem
746 2892 819 2951 uelle
838 2895 927 2964 atque
943 2889 1022 2953 idom
1034 2890 1132 2951 now

149 2967 275 3042 sapiens
303 2969 433 3045 sapienti
461 2973 644 3047 praestabili
678 2973 833 3049 egregium
857 2988 938 3049 opus
963 2971 1032 3048 pari
1058 2973 1131 3048 iugo

149 3054 249 3112 ducet

110 3146 139 3202 ll
207 3135 345 3198 Persolvi
366 3139 450 3215 quod
465 3156 629 3215 exegeras,
654 3157 838 3217 quamquam
860 3140 890 3201 in
905 3137 1015 3201 ordine
1028 3153 1132 3201 rernm

148 3229 229 3295 erat,
257 3238 334 3298 quae
363 3224 525 3286 moralis
553 3224 834 3300 philosophiae
862 3220 1131 3286 voluminibus

148 3307 377 3379 complectimur.
423 3308 537 3383 cogita,
554 3309 638 3384 quod
654 3310 741 3370 soleo
757 3310 933 3383 frequenter
947 3305 1002 3371 tibi
1017 3307 1131 3381 dicere,

148 3388 177 3448 iu
198 3388 266 3450 istis
286 3406 344 3452 uos
365 3390 438 3452 nibil
461 3392 545 3454 alind
565 3409 657 3469 quom
678 3407 807 3455 acumen
833 3407 989 3455 exacere.
1018 3390 1132 3453 totiens

148 3470 228 3531 euim
250 3472 301 3533 illo
326 3482 480 3537 revertor=
510 3475 582 3553 quid
606 3477 665 3538 istu
690 3492 738 3537 me
762 3492 813 3538 res
838 3476 943 3537 iuvatt
972 3474 1130 3537 fortiorem
