2468 3930
206 265 270 329 382
494 263 529 322 L.
550 261 698 321 ANNAEI
719 260 894 322 SENECAE

482 463 702 522 EPISTULA
728 465 788 521 Vll.
818 465 906 536 (116.)

457 559 569 610 Seneca
585 559 696 610 Lucum
716 570 767 609 suo
787 569 926 608 sanarem.

176 675 191 727 l
289 661 1184 725 Utrumsatiussitmodieoslrabereadlectus

206 766 251 809 an
268 747 415 821 nullos,
431 761 527 821 saepe
543 746 716 822 quaesitum
732 753 793 808 est:
823 745 919 807 nostri
933 746 1003 806 illos
1018 745 1184 820 expellunt.

205 829 398 907 Peripatetici
412 838 590 904 temperant.
612 846 670 905 ego
685 846 746 890 non
762 829 863 902 video,
880 829 1036 904 quomodo
1054 829 1184 890 salubris

207 931 279 976 esse
295 921 346 975 aut
360 914 440 975 utilis
455 915 557 988 possit
570 915 632 975 ulla
643 911 838 974 rnediocritas
852 914 958 974 morbi.
985 911 1055 973 Noli
1065 913 1184 973 timeret

207 999 280 1060 nihil
294 1015 414 1072 eorum,
436 1013 517 1072 quae
532 998 584 1057 tibi
600 1014 661 1058 oon
675 999 723 1057 vis
738 996 853 1072 negari,
867 998 974 1073 eripio.
1002 996 1124 1057 facilem
1138 1013 1184 1057 me

207 1084 477 1158 indulgentemque
492 1081 645 1156 praebebo
662 1082 771 1155 rebus,
795 1081 834 1140 ad
851 1097 927 1156 quas
941 1080 1044 1141 tendis
1059 1089 1090 1141 et
1109 1096 1184 1156 quas

205 1175 258 1228 aut
276 1166 469 1227 necessarias
492 1166 571 1225 vitae
593 1172 644 1226 aut
657 1165 747 1226 utiles
769 1172 821 1226 aut
835 1165 986 1225 iucundas
1004 1171 1112 1239 putas:
1135 1165 1184 1224 de·

204 1252 320 1312 traham
335 1251 450 1311 vitium.
476 1266 543 1308 nam
569 1265 649 1309 eum
670 1250 741 1310 tibi
763 1265 907 1324 cupere
927 1248 1183 1320 interdixere,

206 1336 309 1395 velle
331 1332 565 1409 permittam,
587 1341 620 1394 ut
641 1333 749 1393 eadem
770 1331 820 1392 illa
835 1332 1005 1408 intrepidus
1021 1333 1135 1406 iacias,
1154 1339 1186 1392 ut

206 1417 335 1479 certiore
363 1415 508 1490 consilio,
542 1423 576 1476 ut
607 1419 781 1491 voluptates
812 1416 897 1490 ipsas
926 1416 1033 1491 magis
1054 1417 1180 1477 sentias

207 1502 313 1578 quidni
333 1501 374 1561 ad
394 1507 424 1561 te
445 1500 541 1575 magis
565 1507 765 1574 perventurae
790 1498 864 1574 sint,
886 1501 912 1560 si
930 1501 990 1560 illis
1007 1499 1183 1575 imperabis,

177 1602 299 1661 aquam
314 1586 341 1644 si
356 1585 496 1644 servies?
529 1583 613 1657 „Sed
628 1586 764 1644 naturale
778 1592 833 1657 est,
853 1584 965 1660 inquis,
981 1592 1015 1645 ut
1030 1583 1183 1644 desiderio

205 1669 294 1728 amici
309 1676 462 1743 torquear.
488 1669 587 1728 datus
601 1669 733 1728 lacrimis
749 1675 810 1727 tam
824 1667 904 1729 iuste
919 1666 1109 1729 cadentibus.
1133 1683 1183 1727 na·

207 1753 303 1812 tmale
323 1758 370 1812 est
390 1750 585 1826 opinionibus
606 1750 762 1811 hominum
776 1752 860 1827 tangi
875 1760 905 1813 et
918 1752 1058 1812 adversis
1075 1751 1183 1813 contri

207 1836 295 1896 stari:
320 1834 497 1909 quaremihi
509 1850 570 1894 non
581 1834 737 1909 permittas
749 1836 830 1896 hunc
841 1836 1075 1898 tamhonestum
1087 1836 1184 1895 malae

207 1919 361 1995 opinionis
385 1924 544 1979 melumt“
586 1919 707 1980 Nullmn
727 1927 775 1980 est
795 1918 899 1980 vitium
920 1921 986 1980 sina
1003 1919 1185 1994 patrocinio.

207 2003 280 2063 nulli
300 2020 361 2063 non
384 2003 500 2062 initium
521 2004 729 2064 verecundum
749 2011 798 2063 est
817 2013 847 2065 et
867 2003 1035 2065 exorabile:
1063 2001 1123 2063 sad
1144 2002 1185 2061 ab

206 2088 265 2148 hoc
280 2086 369 2147 latius
386 2087 529 2147 tunditur.
557 2104 618 2148 non
635 2086 795 2160 obtinebis,
815 2096 848 2148 ut
861 2087 991 2162 desinat,
1007 2086 1034 2147 si
1046 2083 1186 2161 incipere

176 2170 392 2248 apermiseris.
430 2171 594 2231 inbecillus
609 2180 657 2232 est
671 2172 768 2247 primo
785 2172 883 2232 omnis
899 2173 1050 2233 adlectus.
1073 2169 1185 2230 deinde

206 2258 324 2332 ipsese
339 2255 619 2330 concitatetvires,
635 2255 707 2316 dum
724 2256 875 2331 procedit,
891 2265 991 2331 paratz
1014 2253 1185 2316 excluditur

207 2341 325 2402 facilius
352 2357 444 2415 quarn
465 2341 635 2414 expellitur.
680 2340 752 2414 Quis
774 2348 865 2414 negat
884 2340 983 2400 omnis
1005 2339 1146 2399 adlectus
1168 2352 1184 2396 a

208 2426 340 2500 quodam
367 2423 457 2500 quasi
481 2425 609 2484 naturali
638 2423 735 2485 fluere
764 2424 936 2498 principio?
966 2438 1071 2483 curam
1098 2421 1184 2482 nobis

206 2508 304 2569 nostri
324 2515 433 2569 natura
453 2507 621 2583 mandavit,
645 2508 701 2568 sed
716 2507 787 2567 huic
804 2507 857 2568 ubi
871 2506 995 2567 nimium
1009 2505 1183 2578 indulseris

206 2594 312 2653 vitium
334 2600 390 2652 est.
423 2592 608 2665 voluptatem
635 2598 742 2651 natura
763 2591 948 2652 necessariis
970 2590 1066 2651 rebus
1092 2588 1183 2649 admi·

207 2677 295 2745 scuit,
312 2691 374 2735 non
390 2682 423 2735 ut
435 2673 518 2733 illam
533 2682 715 2749 peteremus,
732 2675 789 2735 sed
803 2682 837 2735 ut
852 2692 897 2749 ea,
913 2675 979 2734 sine
995 2673 1109 2750 quibus
1126 2688 1183 2733 non

206 2774 373 2833 possumus
394 2757 513 2830 vivere,
533 2759 667 2832 gratiora
687 2760 778 2820 nobis
799 2758 878 2819 illius
900 2759 1015 2818 faceret
1029 2757 1183 2818 accessio:

208 2840 257 2915 [si]
273 2857 331 2902 suo
346 2841 448 2900 veniat
463 2841 538 2911 iure,
556 2842 678 2902 luxuria
692 2849 748 2902 est.
775 2843 857 2918 Ergo
872 2840 1113 2902 intrantibus
1135 2856 1183 2901 re·

207 2925 410 3000 sistamus,
428 2922 693 3001 quialacilius,
707 2934 739 2988 ut
754 2925 826 3002 dixi,
845 2943 918 2987 non
938 2926 1185 3000 recipiuntur

177 3020 316 3087 aquam
337 3016 488 3071 exeunt.
532 3010 764 3086 „aliquatenus
780 3009 890 3086 inquis,
907 3009 1023 3084 dolere,
1037 3009 1183 3084 aliquate-

206 3112 265 3155 nus
285 3095 391 3155 timere
419 3095 588 3169 permitte.“
632 3093 694 3156 Sed
720 3095 794 3155 illud
817 3095 1071 3169 aliquatenus
1094 3094 1184 3166 longe

207 3179 385 3255 producitur
400 3193 457 3239 nec
471 3179 524 3240 ubi
538 3177 600 3253 vis,
624 3179 736 3254 accipit
749 3178 850 3239 finem.
879 3177 1010 3253 sapienti
1025 3194 1089 3238 non
1104 3175 1184 3237 solli·

207 3265 265 3324 cite
281 3262 437 3324 custodire
448 3279 483 3323 se
493 3268 590 3323 tutum
601 3271 663 3324 est:
679 3271 709 3325 et
721 3261 861 3323 lacrimas
873 3278 947 3322 suas
959 3268 990 3321 et
1001 3263 1183 3336 voluptates,

205 3347 258 3408 ubi
272 3348 369 3423 volet,
390 3348 492 3410 sistet=
514 3344 603 3406 nobis
621 3346 694 3421 quia
707 3364 768 3408 non
785 3353 833 3406 est
845 3343 968 3421 regredi
982 3345 1088 3419 tacite,
1110 3343 1184 3420 opti·

176 3442 287 3494 amum
308 3439 356 3492 est
376 3430 497 3493 omnino
519 3447 581 3491 non
602 3431 756 3506 progredi.
798 3431 960 3505 Eleganter
979 3428 1055 3489 mihi
1069 3429 1186 3491 videtur

205 3513 368 3576 Panaetius
391 3515 595 3593 respondisse
621 3515 849 3576 adulescentulo
875 3513 997 3576 cuidam
1016 3509 1184 3590 quaerenti,
