2468 3930
146 239 188 302 66
432 238 466 297 L.
487 235 634 296 ΑΝΝΑΕΙ
651 233 826 296 SENECAE

144 393 207 452 lare
222 389 392 466 contigerit.
416 387 479 448 Sed
493 402 554 448 non
566 395 617 448 est
629 386 688 448 isto
698 387 835 450 hilaritas
848 390 948 464 longa.
967 388 1119 451 observas

147 474 266 535 videbis
286 474 413 535 eosdem
434 472 512 532 intra
532 471 675 545 exiguum
699 479 820 548 tempus
842 471 992 534 acerrime
1015 473 1119 536 ridere

114 566 175 624 eet
198 558 343 618 acerrime
367 555 486 615 rabere.
526 553 721 630 Propositum
746 564 795 617 est
821 557 948 631 adgredi
975 556 1057 617 illum
1089 566 1120 620 et

147 642 319 716 ostendere,
334 646 448 716 quanto
464 639 559 714 pluris
576 637 679 712 luerit,
694 654 763 698 curn
774 640 877 701 multis
891 640 1018 702 minoris
1033 641 1118 702 vide·

145 733 237 786 retur.
258 724 331 785 vitia
344 724 413 784 eius
428 723 547 783 etiamsi
562 739 623 783 non
638 722 800 804 excidero,
814 723 968 784 inhibebo.
986 740 1048 785 non
1064 725 1118 785 de-

146 808 261 882 sinent,
285 808 311 869 si
330 805 535 867 intermittere
557 806 689 866 fortasse
703 813 804 868 autern
819 809 1016 883 eldesinent,
1029 807 1058 870 si
1071 809 1117 868 in-

144 890 327 952 termittendi
351 890 602 951 consuetudinem
622 890 758 950 iecerint.
786 906 849 951 non
869 899 917 952 est
934 892 995 952 hoo
1015 892 1117 967 ipsum

144 975 376 1050 fastidiendum,
393 973 537 1050 quoniam
552 973 676 1049 quidem
688 975 822 1052 graviter
835 975 965 1036 adiectis
977 975 1118 1036 sanitatis

114 1060 213 1119 dloco
225 1065 274 1118 est
286 1058 368 1119 bona
381 1056 533 1118 remissio.
555 1056 634 1116 Dum
649 1071 697 1116 me
712 1057 753 1116 illi
767 1073 851 1132 paro,
868 1065 901 1120 tu
914 1059 1049 1133 interim,
1065 1058 1117 1133 qui

144 1150 250 1217 potes,
272 1142 325 1217 qui
345 1141 510 1216 intellegis,
529 1139 613 1200 unde
634 1155 695 1215 quo
711 1142 848 1203 evaseris
863 1149 947 1203 etex
962 1156 999 1200 eo
1015 1142 1117 1217 suspi-

144 1225 240 1301 caris,
263 1239 427 1301 quousque
441 1222 485 1284 sis
501 1238 667 1297 evasurus,
690 1238 832 1299 conpone
842 1240 944 1286 mores
958 1233 1044 1298 tuos,
1063 1224 1118 1284 ad·

144 1309 216 1371 tolle
231 1309 372 1381 animum,
387 1308 536 1368 adversus
552 1307 715 1369 formidata
725 1308 869 1369 consiste.
889 1322 1051 1369 numerare
1062 1323 1116 1369 eos

144 1393 221 1466 noli,
242 1393 295 1468 qui
314 1391 368 1452 tibi
389 1398 500 1451 metum
517 1391 645 1452 laciunt=
665 1407 767 1452 nonne
783 1391 925 1452 videatur
938 1393 1064 1465 stultus,
1090 1390 1117 1450 si

145 1476 215 1551 quis
227 1475 445 1537 multitudinem
459 1489 497 1534 eo
514 1475 583 1536 loco
597 1475 708 1546 timeat
726 1489 781 1550 per
795 1490 886 1550 quern
899 1475 1043 1536 transitus
1054 1474 1117 1536 sin-

144 1559 223 1633 gulis
245 1564 313 1620 estl
338 1574 437 1634 aeque
457 1557 498 1617 ad
509 1566 593 1619 tuam
608 1565 736 1619 mortem
748 1559 850 1619 multis
867 1558 967 1620 aditus
984 1565 1117 1632 nonest,

145 1642 215 1704 licet
229 1642 310 1703 illam
324 1643 408 1704 multi
422 1642 582 1702 minentur.
604 1640 650 1702 sic
660 1642 740 1702 istuc
753 1651 860 1704 netum
871 1638 1040 1719 disposuit=
1056 1641 1119 1718 spi·

144 1727 233 1788 ritum
248 1725 302 1788 tibi
319 1733 380 1787 tarn
391 1743 471 1786 unus
486 1724 595 1800 eripiet
608 1740 701 1800 quam
714 1742 795 1786 unus
808 1726 901 1785 dedit.

104 1816 138 1869 10
208 1809 241 1871 Si
255 1811 405 1886 pudorem
422 1808 568 1881 hohenoe,
591 1809 726 1870 ultimam
744 1809 816 1869 milri
837 1810 1017 1885 pensionem
1030 1809 1119 1869 remi·

147 1891 254 1954 sisses.
276 1894 333 1954 sed
353 1910 393 1954 ne
417 1909 476 1969 ego
498 1892 622 1969 quidem
642 1909 691 1952 me
709 1893 835 1953 sordide
855 1908 959 1968 geram
978 1894 1010 1952 in
1027 1893 1130 1952 linem.

147 1978 226 2038 aeris
242 1978 331 2038 alieni
345 1985 375 2037 et
388 1977 451 2052 tibi,
467 1977 551 2052 quod
568 1977 677 2049 debeo,
693 1974 859 2053 inpingem.
892 1976 1120 2052 „Numquam

145 2061 254 2121 volui
269 2061 416 2136 populo
432 2061 600 2135 placere.
623 2076 703 2120 narn
719 2076 815 2135 quae
836 2076 905 2136 ego
925 2059 1023 2133 scio,
1043 2075 1120 2119 non

147 2142 288 2218 probat
314 2146 502 2220 populus,
536 2158 635 2219 quae
662 2144 802 2219 prohat
828 2145 1014 2219 populus,
1049 2157 1119 2217 ego

104 2227 310 2292 ltnescio.“
341 2227 445 2302 „,Quis
464 2228 575 2288 bootm
595 2225 714 2303 inquis,
739 2235 891 2302 tamquam
911 2225 1048 2300 nesciae,
1072 2223 1122 2286 cui

146 2312 308 2387 imperem=
328 2310 489 2387 Epicurus.
522 2308 586 2371 Sed
605 2310 685 2370 idem
705 2311 765 2372 hcc
786 2326 894 2371 omnes
915 2309 970 2371 tibi
984 2309 1121 2370 exomni

147 2396 238 2457 domo
264 2395 513 2469 conclamabunt,
548 2394 754 2469 Peripatetici,
787 2393 980 2468 Academici,
1012 2390 1121 2466 Stoici,

147 2479 263 2559 Cynici.
298 2480 369 2555 quis
396 2480 476 2539 enim
501 2478 624 2554 placere
648 2483 751 2553 potest
780 2478 911 2554 populo,
949 2475 997 2536 oui
1021 2478 1123 2553 placet

145 2563 263 2624 virtus?
293 2564 380 2623 malis
407 2562 522 2624 artibus
545 2562 702 2637 popularis
724 2561 811 2621 lavor
838 2557 1003 2636 quaeritur.
1040 2558 1121 2620 sirni-

146 2648 206 2706 lem
226 2653 256 2706 te
276 2646 334 2706 illis
357 2646 452 2706 lorias
480 2651 609 2720 oportet.
641 2661 701 2705 non
725 2643 913 2720 probabunt,
946 2642 1006 2704 nisi
1028 2658 1121 2718 agno·

146 2729 252 2789 verint.
290 2731 384 2790 multo
406 2735 507 2789 autern
521 2728 561 2788 ad
582 2744 646 2788 rem
666 2729 763 2804 magis
784 2729 929 2804 pertinet,
954 2726 1055 2802 qualis
1070 2723 1124 2786 tibi

146 2812 279 2871 videaris
305 2829 396 2888 quarn
418 2813 516 2888 qualis
537 2812 613 2873 aliis.
650 2812 804 2872 conciliari
822 2811 883 2872 nisi
903 2808 985 2886 turpi
1003 2809 1124 2870 ratione

107 2902 233 2955 tuamor
258 2897 391 2972 turpium
418 2912 479 2956 non
507 2902 618 2972 polest.
663 2896 742 2971 putu
767 2911 841 2970 ergo
868 2895 920 2954 illu
944 2893 1067 2953 laudata
1094 2899 1126 2952 et

148 2978 288 3041 omnibus
304 2982 507 3056 praeterendo
522 2980 637 3040 artibus
651 2980 807 3054 rebusque
825 2975 1021 3054 philosophia
1035 2990 1125 3049 prac-

148 3062 260 3125 stabim
294 3064 412 3126 scilicet
431 3072 466 3126 ut
484 3063 571 3126 malis
592 3063 645 3123 tibi
668 3065 791 3139 placere
818 3076 911 3137 quarn
931 3059 1064 3136 populo,
1090 3065 1126 3119 ut

148 3149 291 3210 aestimes
306 3147 434 3222 iudicia,
450 3165 510 3210 non
523 3163 680 3221 numereS,
701 3153 735 3207 ut
753 3145 820 3207 sine
834 3152 915 3206 metu
929 3143 1058 3204 deorum
1069 3141 1125 3203 ho-

147 3232 324 3310 minumque
344 3233 446 3307 vivas,
475 3238 508 3292 ut
528 3239 580 3292 aut
598 3231 705 3291 vincas
728 3231 808 3290 mala
833 3235 885 3290 aut
908 3227 1013 3288 linias:
1046 3232 1127 3286 cete·

148 3334 225 3389 rurn,
241 3318 268 3377 si
282 3325 312 3378 te
328 3316 434 3376 videro
450 3314 601 3376 celebrem
616 3314 761 3376 secundis
778 3313 906 3374 vocibus
920 3308 1022 3386 volgi,
1039 3308 1066 3369 si
1080 3309 1127 3370 in-

148 3407 245 3461 tranle
264 3409 295 3461 te
315 3402 430 3461 clamor
455 3406 485 3460 ct
507 3399 634 3475 plausus
657 3405 687 3459 et
712 3397 926 3474 pantomimica
946 3401 1128 3455 ornamenta

149 3484 389 3561 obstrepuerint,
413 3483 441 3544 si
453 3488 518 3544 totu
534 3481 653 3544 civitate
667 3489 697 3542 te
708 3480 839 3543 lerninae
853 3478 1004 3557 puerique
1020 3476 1128 3538 lauda-
