2468 3930
280 250 450 312 EPISTUL.
464 248 558 310 MOR.
579 249 651 311 LIB.
663 249 700 309 X.
719 249 778 308 ΕΡ.
790 257 816 310 1.
839 253 911 324 (ta.)
1015 249 1078 315 199

105 406 238 483 quisque
253 408 283 462 01
294 400 394 462 victor
409 401 526 462 doloris
543 409 698 462 occurrat:
714 402 779 474 ille,
803 403 939 477 quicum
957 404 1076 465 varices

101 488 298 550 exsecandas
319 484 494 561 praeberet,
517 487 621 560 legere
641 485 750 545 librum
766 488 984 561 perseveravit.
1018 488 1076 562 ille,

104 573 157 650 qui
171 584 234 632 non
250 568 341 629 desiit
355 569 471 641 ridere,
493 585 562 630 cuni
584 571 640 642 [01]
665 569 726 628 hoc
746 567 848 644 ipsum
862 571 929 630 irati
946 578 1077 632 tortores

101 657 206 716 omnia
225 656 424 714 instrumenta
445 653 630 713 crudelitatis
655 669 731 714 suae
753 655 981 729 experirentur:
1015 673 1077 716 non

100 741 242 800 vincetur
256 738 346 797 dolor
361 735 494 809 ratione,
511 738 563 810 qui
581 738 678 797 victus
694 744 743 796 est
755 738 842 798 risut
864 738 1015 814 Quicquid
1029 740 1118 801 01319

100 840 185 884 nunc
207 823 279 882 licet
301 821 404 894 dicas,
427 820 638 881 distillationes
660 827 690 880 ct
714 821 773 879 vim
796 822 958 884 continuae
980 825 1075 885 tussis

102 914 275 983 egerentem
289 905 439 963 viscerum
452 913 555 979 partes
568 914 597 965 et
608 904 723 963 febrem
736 906 917 979 praecordia
931 908 1000 982 ipsa
1015 915 1076 968 tor·

102 993 217 1052 rentem
234 996 263 1048 01
279 987 359 1047 sitim
376 994 407 1047 et
421 995 504 1047 artus
522 988 553 1046 in
569 989 726 1048 diversum
741 988 876 1049 articulis
892 992 1075 1052 exeuntibus

102 1083 215 1135 tortos=
238 1073 308 1148 plus
331 1079 379 1130 est
395 1070 518 1131 flamma
538 1080 568 1132 et
588 1073 713 1133 eculeus
731 1078 760 1131 et
775 1073 886 1132 lamina
901 1081 930 1132 et
944 1075 1075 1134 volneri·

101 1158 161 1220 bus
175 1157 253 1233 ipsis
276 1156 547 1216 intumescentibus
573 1156 658 1230 quod
678 1155 729 1215 illa
750 1163 914 1216 renovaret
933 1165 963 1217 et
985 1157 1075 1219 altius

101 1248 226 1318 urgeret
241 1240 430 1314 inpressum=
445 1240 524 1300 inter
537 1239 614 1298 baec
631 1246 731 1299 tamen
747 1239 859 1314 aliquis
874 1257 936 1301 non
952 1242 1074 1315 gemuit.

101 1341 210 1402 parum
239 1332 301 1385 est:
330 1340 392 1383 non
412 1324 548 1398 rogavit.
591 1340 699 1398 parurn
728 1330 788 1383 est:
818 1340 880 1383 000
905 1324 1075 1400 respondit.

101 1426 210 1486 parum
225 1417 289 1470 est:
310 1407 376 1467 risit
396 1414 427 1467 et
446 1407 570 1482 quidem
588 1422 627 1465 ex
650 1406 766 1468 animo:
793 1406 842 1467 vis
862 1415 895 1468 tu
913 1409 1076 1484 posthaec

100 1495 239 1555 dolorem
254 1491 417 1552 derideret
445 1490 549 1566 „Sed
571 1490 683 1565 nihil,
710 1492 821 1567 inquit,
845 1508 960 1566 agere
981 1493 1117 1554 sinit20

100 1576 271 1648 morbus,
311 1576 374 1649 qui
406 1590 461 1634 me
493 1573 669 1635 omnibus
703 1575 864 1635 abduxit
893 1577 1075 1636 01110113.“

100 1662 219 1736 Corpus
235 1668 319 1721 tuum
337 1658 471 1719 valitudo
487 1666 581 1733 tenet,
597 1675 658 1719 000
674 1667 703 1718 01
716 1660 857 1719 animum.
889 1662 992 1735 itaque
1007 1675 1074 1721 cur-

101 1745 182 1806 soris
202 1748 338 1805 moratur
359 1743 470 1818 pedes,
492 1742 605 1803 sutoris
627 1751 679 1804 aut
699 1743 776 1803 labri
799 1761 907 1805 manus
924 1743 1074 1819 inpediet:

97 1828 129 1890 si
145 1827 265 1889 animus
280 1827 334 1889 tibi
349 1842 420 1886 esse
436 1825 466 1886 in
481 1844 541 1887 usu
557 1828 652 1902 solet,
675 1828 836 1901 suadebis,
855 1829 999 1902 docebis,
1022 1844 1075 1888 au-

101 1911 321 1984 dies,‘disces‚
340 1926 487 1985 quaeres,
503 1911 727 1971 recordaberis.
765 1910 839 1987 quid
854 1919 968 1987 000001
1001 1911 1075 1971 nihil

98 2010 193 2071 agere
208 2003 238 2057 te
253 1995 370 2068 credis,
393 1994 419 2054 si
434 1999 607 2069 temperans
628 2012 721 2070 aeger
736 1995 801 2056 3131
831 1997 978 2057 ostendes
994 2013 1073 2057 moi·-

98 2079 173 2140 bum
197 2095 293 2156 posse
321 2080 461 2154 superari
487 2080 535 2137 vel
560 2087 642 2140 certe
669 2079 823 2140 sustineri.
867 2080 949 2154 Est,
985 2079 1116 2139 mihitl

98 2161 231 2236 crede,
247 2161 383 2223 virtuti
399 2163 512 2223 etiam
528 2162 562 2220 in
580 2163 725 2223 lectulo
741 2165 862 2223 locus.
883 2178 944 2223 non
959 2171 1074 2224 tanturn

98 2246 352 2307 00ωο0100103
379 2246 453 2306 dant
483 2255 660 2320 argumenta
688 2247 798 2306 alacris
829 2246 920 2306 animi
945 2247 1074 2306 indomi-

97 2331 185 2406 tique
205 2329 388 2390 terroribus=
413 2336 442 2389 et
468 2330 498 2388 in
528 2327 715 2390 vestimentis
747 2331 794 2388 vir
821 2330 908 2391 lortis
937 2331 1073 2404 adparet.

98 2413 213 2486 habes,
231 2414 315 2488 quod
329 2429 419 2488 agas:
445 2412 525 2472 bene
545 2415 659 2474 luctare
682 2429 750 2472 curn
765 2414 883 2473 morbo.
913 2415 939 2472 si
956 2410 1030 2472 nihil
1045 2420 1075 2473 te

99 2497 244 2573 coegerit,
275 2498 301 2558 si
319 2497 392 2557 nihil
415 2497 602 2571 exoraverit,
623 2496 743 2571 insigne
761 2498 868 2572 prodis
888 2496 1073 2570 exemplum.

99 2580 124 2642 0
148 2597 240 2657 quam
267 2597 378 2656 magna
403 2589 468 2641 erat
492 2571 613 2655 gloriae
634 2581 776 2657 materia,
813 2581 840 2642 31
864 2589 1075 2656 spectaremur

97 2664 197 2739 003111
230 2665 298 2740 1030
312 2672 342 2724 10
356 2671 477 2739 300010,
497 2666 565 2739 1030
577 2673 606 2726 10
622 2666 722 2726 lauda.
748 2665 910 2727 Praeterea
927 2667 1117 2727 (1110300111

96 2763 213 2823 genera
228 2750 435 2824 voluptatum:
458 2751 635 2823 corporales
657 2748 781 2811 morbus
803 2750 932 2825 inhibet,
954 2768 1016 2810 000
1030 2758 1073 2810 ta-

94 2846 168 2892 men
183 2831 269 2892 tollit.
293 2833 393 2906 inmo,
409 2833 436 2891 si
453 2849 560 2894 verum
574 2835 727 2908 aestimes,
742 2835 859 2895 incitat:
878 2835 975 2911 magis
991 2834 1076 2895 iuvat
1105 2842 1107 2846 ‘

96 2915 205 2975 bibere
226 2917 387 2977 sitientem.
422 2916 603 2990 3001100031
624 2919 770 2979 esurienti
793 2919 890 2979 cibus.
928 2917 1075 2995 quicquid

94 3015 138 3058 ex
154 2998 337 3060 abstinentia
348 2999 483 3074 00011311,
500 3001 967 3077 001110300010110011110300οο
983 3003 1074 3063 animi

96 3084 288 3157 voluptates,
302 3092 394 3158 ¹quae
414 3084 546 3145 maiores
568 3087 779 3160 certioresque
795 3094 880 3160 3001,
901 3103 990 3146 nemo
1012 3101 1074 3144 me-

96 3165 187 3227 dicus
202 3182 294 3242 aegro
310 3173 409 3241 00301.
438 3167 495 3227 has
511 3169 653 3245 quisquis
669 3170 808 3244 sequitur
822 3178 852 3231 et
866 3170 945 3229 bene
959 3169 1075 3228 intelle-

95 3249 155 3325 311,
168 3251 271 3310 omnia
287 3266 432 3312 sensuum
449 3252 655 3312 blandimenta
669 3254 843 3313 contemnit.
864 3251 909 3325 „0
925 3252 1118 3314 infelicemls

96 3339 264 3408 aegrumt“
294 3334 415 3407 Quare?
430 3336 576 3411 quianon
592 3335 663 3394 vino
678 3335 779 3395 nivem
801 3335 895 3396 diluit.
926 3337 1073 3410 quianon

95 3415 231 3491 rigorem
247 3418 381 3494 00110013
399 3435 491 3492 suae,
508 3436 599 3495 quani
614 3420 722 3494 capaci
737 3419 857 3496 scypho
872 3419 1007 3494 miscuit,
1027 3435 1074 3480 re·

92 3507 193 3561 novat
209 3501 305 3563 100010
316 3502 568 3579 1030000310010.
606 3502 678 3578 quia
695 3520 755 3564 non
773 3511 875 3564 031000
888 3503 930 3563 1111
944 3502 1076 3564 Lucrina
