2468 3930
240 247 411 308 EPISTUL.
426 247 520 308 MOR.
541 248 614 308 LIB.
628 247 707 308 XIX.
728 248 825 312 ΕΡ.8.
847 255 935 325 (117.)
1019 251 1082 316 589

100 400 340 462 adulescentiam
358 398 489 475 pueritia
507 400 623 460 viribus
636 403 763 463 autulio
780 403 893 463 robore
907 401 1082 479 intellegat?

100 501 193 560 aegro
206 483 325 544 interim
338 483 380 543 nil
391 492 519 545 ventma
529 485 643 546 sanitas
656 486 793 560 prodest,
809 502 870 546 non
882 487 979 561 magis
992 505 1084 564 quam

101 576 271 631 currentem
293 571 519 645 luctantemque
540 576 613 645 post
633 571 746 631 multos
767 579 942 632 secuturum
961 588 1083 632 menses

101 654 194 715 otium
210 652 317 713 reiicit.
362 652 435 726 Quis
451 653 564 724 nescit,
585 653 644 714 hoc
659 654 730 728 ipso
745 671 807 716 non
823 656 1025 716 essebonum
1041 655 1082 729 id,
1091 657 1125 718 at

101 738 185 814 quod
206 738 340 798 futurum
361 743 423 811 est,
445 736 517 813 quia
537 737 670 798 futurum
691 745 757 799 est?
785 755 854 798 nam
871 740 954 813 quod
968 739 1083 800 bonum

100 830 156 896 est,
172 822 277 897 utique
291 821 426 896 prodest.
439 821 498 881 nisi
510 822 686 896 praesentia
696 822 850 897 prodesse
862 839 923 883 non
935 830 1083 898 possuntt

101 907 205 967 sinon
222 906 359 982 prodest,
374 905 489 966 bonum
503 922 565 966 non
581 913 636 966 est.
661 906 688 966 si
704 906 840 982 prodest,
858 907 918 966 iam
933 914 989 967 est.
1024 909 1083 968 Fu-

99 998 187 1051 turus
202 1005 271 1051 sum
286 990 426 1064 sapiens=
450 990 509 1051 hoc
522 990 637 1050 bonum
658 989 728 1065 erit,
750 1006 819 1050 eum
840 990 943 1050 fuer0=
965 991 1082 1052 interim

99 1091 161 1135 non
187 1081 244 1134 est.
279 1073 365 1148 prius
391 1074 505 1149 aliquid
526 1090 599 1134 esse
619 1073 725 1145 debet,
753 1073 865 1133 deinde
890 1075 980 1150 quale
1002 1089 1083 1134 esse.

100 1158 276 1232 Quomodo,
300 1173 354 1219 oro
371 1165 415 1232 te,
432 1158 516 1234 quod
531 1158 632 1219 adhuc
645 1158 719 1218 nihil
734 1165 796 1231 est,
815 1157 875 1217 iam
889 1159 1002 1219 bonum
1019 1165 1127 1221 estiis

101 1243 256 1318 quomodo
274 1249 375 1323 autem
396 1243 448 1302 tibi
469 1243 565 1317 magis
586 1243 633 1302 vis
654 1242 778 1317 probari
794 1258 854 1302 non
871 1257 943 1302 esse
958 1242 1082 1318 aliquid,

102 1327 234 1402 quamsi
250 1327 373 1386 dixero:
398 1326 529 1387 futurum
548 1333 616 1387 esti
644 1326 780 1387 nondum
796 1327 876 1385 enim
890 1325 1015 1387 venisse
1030 1326 1083 1386 ad-

100 1419 197 1487 paret,
214 1411 298 1487 quod
313 1408 404 1470 venit.
433 1411 496 1469 Ver
512 1418 687 1471 secuturum
702 1417 764 1470 est=
780 1411 845 1471 scio
860 1426 942 1470 nunc
954 1410 1084 1470 hiemem

100 1511 183 1556 esse.
203 1502 306 1555 aestas
322 1501 467 1556 secutura
481 1503 542 1556 est:
566 1496 630 1555 scio
647 1502 795 1557 aestatem
806 1512 868 1556 non
884 1510 965 1555 esse.
987 1493 1083 1554 maxi-

100 1596 183 1640 mum
212 1585 424 1654 argumentum
450 1578 549 1638 habeo
581 1580 718 1640 nondum
750 1579 922 1654 praesentis
951 1580 1083 1640 futurum

100 1679 181 1726 esse.
228 1662 367 1738 Sapiam=
396 1679 506 1737 spero,
535 1662 591 1723 sed
610 1664 729 1725 interim
750 1680 812 1725 non
835 1663 934 1738 sapio.
963 1664 990 1723 si
1011 1663 1127 1723 illudio

99 1749 213 1808 bonum
229 1747 390 1821 haberem,
405 1747 465 1806 iam
479 1747 540 1807 hoo
555 1763 690 1808 carerem
705 1749 796 1807 malo.
825 1748 958 1809 futurum
975 1755 1035 1821 est,
1052 1755 1085 1807 ut

101 1832 235 1907 sapiam:
259 1847 297 1890 ex
312 1831 372 1891 hoc
392 1832 463 1892 licet
483 1831 619 1892 nondum
636 1848 746 1907 sapere
761 1848 809 1892 me
825 1833 994 1907 intellegas.
1022 1848 1084 1891 non

101 1932 231 1992 possum
247 1915 337 1975 simul
352 1923 382 1976 et
402 1916 432 1974 in
452 1916 503 1976 illo
524 1915 607 1976 bono
628 1917 708 1977 etin
729 1916 789 1977 hoo
809 1919 889 1977 malo
910 1932 992 1977 esse.
1023 1916 1084 1976 duo

100 2001 160 2060 ista
180 2016 242 2060 non
267 2007 379 2060 coeunt
399 2015 456 2060 nec
482 2000 565 2075 apud
585 2002 728 2061 eumdem
751 2008 822 2061 sunt
842 2017 903 2061 una
923 2001 1035 2062 malum
1057 2007 1087 2059 et

100 2085 224 2145 bonum.
268 2085 597 2145 Transcurramus
629 2085 935 2145 sollertissimas
963 2094 1128 2158 nugasao

102 2175 138 2228 et
159 2168 204 2228 ad
230 2167 313 2240 illa,
341 2183 437 2243 quae
459 2166 573 2228 nobis
597 2169 764 2243 aliquam
788 2184 898 2242 opem
921 2175 1009 2228 sunt
1030 2171 1085 2226 la-

101 2259 201 2325 tura,
229 2267 494 2327 properemus.
542 2252 653 2326 Nemo,
682 2252 734 2327 qui
763 2250 957 2312 obstetricem
983 2258 1084 2326 partu-

101 2337 189 2397 rienti
200 2335 281 2395 filiae
294 2337 443 2398 sollicitus
456 2336 594 2410 accersit,
608 2337 739 2396 edictum
752 2342 783 2396 et
793 2335 934 2395 ludorum
947 2335 1085 2394 ordinem

102 2421 239 2495 perlegit.
262 2436 366 2494 nemo,
383 2419 435 2495 qui
450 2419 489 2480 ad
504 2418 678 2480 incendium
694 2419 804 2479 domus
822 2435 897 2479 suae
913 2418 1019 2492 currit,
1041 2426 1084 2477 ta-

100 2504 203 2564 bulam
218 2504 465 2566 latrunculariam
482 2503 640 2579 prospicit,
655 2511 688 2564 ut
699 2503 784 2575 sciat,
802 2503 958 2578 quomodo
970 2502 1084 2577 adligo

101 2596 151 2648 tus
167 2595 257 2649 exeat
273 2591 426 2651 calculus:
443 2595 473 2649 at
485 2589 660 2649 mehercule
673 2588 775 2649 omnia
789 2589 843 2648 tibi
857 2587 994 2662 undique
1009 2592 1126 2647 nun-31

101 2672 227 2746 tiantur,
250 2681 281 2734 ει
302 2673 477 2735 incendium
500 2674 610 2735 domus
628 2681 659 2734 et
676 2671 846 2748 periculum
865 2672 1030 2732 liberorum
1057 2677 1087 2732 et

103 2757 224 2817 obsidio
240 2759 357 2831 patriae
373 2758 566 2820 othonorum
582 2757 723 2833 direptio.
750 2757 838 2818 adice
853 2758 911 2818 isto
928 2755 1086 2830 naufragia

101 2847 268 2913 motusque
283 2848 431 2902 terrarum
446 2849 477 2902 et
497 2843 645 2918 quioquid
659 2841 743 2902 aliud
757 2842 853 2903 timeri
868 2849 986 2917 potest:
1009 2841 1087 2900 inter

103 2923 164 2982 ista
178 2923 343 2996 districtuS,
358 2926 452 2985 rebus
466 2927 540 2986 nihil
555 2927 637 2987 aliud
653 2943 745 3002 quam
760 2926 892 2987 animum
909 2922 1087 2987 oblectanti-

102 3008 163 3066 bus
186 3014 300 3066 vacast
328 3008 402 3082 quid
423 3008 502 3069 inter
521 3011 702 3085 sapientiam
725 3017 754 3070 et
773 3026 884 3085 sapere
904 3009 1023 3069 intersit
1043 3009 1087 3066 in-

104 3089 223 3164 quiris?
244 3091 345 3151 nodos
365 3091 461 3150 nectis
477 3107 514 3151 ac
529 3093 625 3154 solvis
642 3101 727 3154 tanta
741 3094 821 3154 mole
836 3093 1021 3168 inpendente
1037 3106 1085 3150 ca·

104 3174 158 3250 piti
178 3182 253 3235 tuot
296 3175 363 3235 Non
384 3182 445 3234 tam
464 3174 630 3250 benignum
651 3192 688 3236 ac
704 3175 831 3237 liberale
843 3183 966 3251 tempus
982 3179 1131 3235 naturate

106 3259 194 3318 nobis
215 3259 313 3334 dedit,
338 3266 371 3320 ut
391 3258 506 3334 aliquid
527 3275 567 3318 ex
587 3259 637 3320 illo
659 3268 749 3321 vacet
775 3260 920 3337 perdere:
953 3267 982 3319 et
1008 3258 1088 3331 vide,

106 3359 196 3417 quam
211 3346 305 3404 multa
320 3345 409 3404 etiam
424 3342 664 3416 diligentissimis
686 3352 828 3419 pereant=
850 3343 933 3404 aliud
954 3343 1088 3404 valitudo

106 3442 162 3487 sua
178 3429 288 3505 cuique
304 3428 444 3500 abstulit,
467 3426 550 3488 aliud
569 3444 703 3489 suorum.
732 3429 814 3489 aliud
837 3427 1013 3489 necessaria
1034 3442 1088 3486 ne·

105 3511 195 3586 gotia,
212 3513 294 3573 aliud
309 3513 432 3588 publica
445 3520 683 3588 occupaverunt.
703 3512 795 3575 vitam
807 3512 969 3575 nobiscum
981 3509 1090 3572 dividit
