2468 3930
266 254 436 316 aristus.
451 252 544 314 noa.
566 254 713 313 maxn.
736 254 793 313 ur.
807 265 831 317 1.
853 261 925 331 (aa.)
1021 257 1083 320 am

99 424 236 486 gravem,
252 406 451 480 moderatum,
466 405 523 464 sed
533 420 667 465 mersum
679 412 709 465 et
722 405 793 465 vino
808 406 989 483 madentem,
1005 408 1083 470 adeo

99 500 135 555 ut
151 508 192 552 ex
206 498 315 552 senatu
328 488 510 564 aliquando,
526 489 556 546 in
573 503 663 563 quem
679 504 697 547 e
713 487 855 550 convivio
872 500 1012 565 venerat,
1030 491 1084 553 ob-

101 591 232 652 pressus
254 571 440 634 inexcitabili
460 588 568 633 somno
590 573 753 634 tolleretur.
782 573 854 634 huic
876 581 975 634 tamen
989 578 1083 638 multa

99 659 240 720 Tiberius
262 674 355 717 manu
373 672 430 717 sua
452 656 589 730 scripsit,
616 672 696 731 quae
713 657 928 719 committenda
941 675 981 718 ne
997 660 1083 720 mini-

102 744 174 804 stris
196 742 320 818 quidem
341 741 405 801 suis
430 740 592 800 iudicabat.
615 742 729 800 nullum
752 741 849 801 Cosso
865 750 916 802 out
931 744 1082 818 privatum

103 834 255 888 secretum
277 832 330 886 aut
349 824 504 900 publicum
525 825 665 898 elapsum
679 831 736 884 est.
765 826 872 900 ltaque
887 827 1125 888 declamatio-16

102 927 158 971 nes
172 909 249 971 istas
265 909 420 969 demedio
436 923 666 969 removeamus:
688 908 774 982 „Non
789 917 837 968 est
853 910 971 970 animus
983 912 1013 970 in
1026 928 1084 972 sua

102 999 255 1071 potestate
278 991 424 1053 ebrietate
445 992 615 1052 devinctus
638 992 893 1065 quemadmodum
913 1002 1013 1054 musto
1029 996 1083 1055 do-

102 1079 142 1138 lia
156 1078 225 1154 ipsa
238 1082 420 1152 rumpuntur
434 1082 464 1135 et
479 1091 585 1147 omne,
611 1075 697 1150 quod
712 1076 742 1134 in
757 1075 817 1134 inro
833 1074 927 1150 iacet,
952 1078 983 1136 in
1001 1093 1083 1138 sum-

103 1177 183 1221 mam
202 1169 319 1236 partem
341 1160 387 1219 vis
415 1159 525 1218 caloris
552 1159 676 1218 eiectat:
706 1159 751 1219 sio
779 1158 850 1218 vino
876 1167 1083 1236 exaestuante,

104 1243 251 1320 quicquid
264 1243 294 1302 in
310 1244 371 1303 imo
389 1243 470 1303 iacet
488 1242 639 1317 abditum,
663 1241 787 1303 effertur
802 1249 832 1303 et
852 1244 1001 1318 proditio
1019 1261 1081 1304 me·

104 1329 195 1389 dium.
216 1326 333 1388 onerati
356 1342 440 1387 mero
458 1326 715 1402 quemadmodum
729 1343 790 1388 non
812 1328 968 1388 continent
982 1327 1083 1388 cibum

102 1411 175 1471 vino
196 1411 402 1485 redundante,
427 1411 469 1470 ita
490 1426 529 1471 ne
552 1417 703 1471 secretum
726 1409 866 1485 quidem·
887 1413 972 1487 quod
992 1429 1082 1473 suum

103 1494 298 1570 aliermmque
310 1501 366 1566 est,
383 1494 496 1570 pariter
511 1493 701 1555 effundunt.“
724 1493 786 1555 Sed
802 1497 943 1571 quamvis
956 1496 1017 1557 hoc
1032 1503 1124 1560 so-li

102 1580 163 1638 leat
177 1578 332 1651 accidere,
348 1579 388 1638 ita
404 1583 434 1637 et
447 1577 521 1638 illud
537 1580 630 1653 solet,
645 1586 679 1639 ut
695 1594 764 1639 cum
778 1579 835 1654 his,
852 1595 932 1654 quos
947 1580 1082 1641 sciamus

102 1661 244 1723 libentius
265 1662 384 1735 bibere,
411 1662 563 1722 derebus
585 1663 770 1723 necessariis
791 1663 1003 1726 deliberemus.
1027 1666 1082 1724 lal-

103 1761 170 1806 sum
184 1760 258 1821 ergo
271 1752 319 1805 est
332 1746 410 1817 hoo,
438 1746 521 1820 quod
541 1747 702 1822 patrocinii
722 1748 792 1808 loco
814 1748 952 1823 ponitur,
980 1748 1009 1810 ei
1030 1749 1082 1825 qui

102 1832 202 1890 soleat
221 1831 325 1890 ebrius
346 1831 428 1904 fieri,
455 1847 515 1890 non
538 1830 603 1891 dari
622 1833 760 1892 tacitum:
785 1841 898 1907 quanto
920 1835 1017 1895 satius
1034 1840 1083 1893 est

102 1922 208 1989 aperte
223 1930 370 1974 accusare
386 1914 561 1975 ebrietatem
576 1922 606 1975 et
625 1916 699 1976 vitia
713 1914 779 1976 eius
798 1925 979 1991 exponeret
1002 1933 1081 1993 quae

102 1996 193 2058 etiam
209 1998 375 2059 tolerabilis
391 1998 483 2059 homo
497 1997 652 2074 vitaverit,
677 2000 789 2061 nedum
811 2002 965 2075 perlectus
981 2018 1018 2062 ac
1032 2017 1081 2061 sa·

101 2081 201 2156 piens,
218 2082 267 2142 cui
279 2083 354 2142 satis
366 2091 413 2142 est
424 2080 504 2143 sitim
515 2083 719 2158 exstinguere,
737 2083 798 2158 qui,
814 2084 904 2145 etiam
918 2084 1081 2161 siquando

101 2165 221 2226 hortata
236 2173 284 2226 est
296 2166 432 2227 hilaritas
448 2168 546 2227 aliena
560 2182 654 2226 causa
669 2167 819 2241 producta
834 2168 965 2243 longius,
982 2177 1081 2229 umen

102 2248 178 2310 citra
195 2249 370 2311 ebrietatem
382 2251 508 2310 resistit.
546 2250 620 2310 Nam
643 2251 683 2309 de
696 2250 748 2310 illo
763 2249 951 2325 videbimus,
978 2269 1015 2311 an
1032 2269 1079 2312 sa·
1090 2257 1124 2312 18

101 2330 213 2408 pientis
234 2334 353 2393 animus
369 2335 461 2395 nimio
478 2333 548 2395 vino
563 2334 701 2393 turbetur
715 2341 745 2394 et
764 2335 855 2393 faciat
869 2335 963 2396 ebriis
976 2336 1080 2396 solita:

100 2417 236 2490 interim,
263 2419 295 2476 si
316 2417 388 2477 hoc
408 2416 691 2491 colligerevis,
718 2418 1080 2478 virumbonumnon

101 2499 244 2559 debere
259 2502 404 2561 ebrium
420 2501 528 2576 lieri,
546 2500 878 2579 cursyllogismis
893 2501 1000 2576 agisa
1021 2502 1080 2575 dic,

102 2599 194 2657 quam
209 2590 298 2658 turpe
316 2586 354 2646 sit
374 2587 444 2660 plus
467 2586 524 2645 sibi
538 2586 679 2662 ingerere
696 2602 786 2660 quam
801 2584 902 2660 capiat
921 2593 952 2646 et
967 2591 1080 2645 stoma-

101 2666 150 2726 chi
166 2664 215 2727 sui
229 2683 289 2728 non
312 2685 407 2729 nosse
428 2685 617 2745 mensuram,
643 2686 735 2745 quarn
755 2670 849 2729 multa
870 2669 944 2730 ebrii
960 2669 1081 2745 saciant,

101 2749 212 2824 quihus
225 2752 319 2812 sobrii
333 2753 523 2826 erubescant,
538 2754 611 2813 nihil
623 2754 704 2813 aliud
720 2768 792 2814 esse
802 2753 978 2815 ebrietatem
990 2770 1082 2830 quam

99 2834 303 2894 voluntariam
324 2837 485 2896 insaniant.
505 2838 636 2898 extende
657 2837 687 2898 in
704 2840 807 2912 plures
825 2838 891 2899 dies
906 2839 989 2900 illum
1005 2838 1081 2899 ebrii

98 2916 249 2979 habitum=
282 2919 429 2996 numquid
449 2921 611 2983 deiurare
638 2921 812 2982 dubitabist
847 2939 928 2983 nunc
955 2937 1080 2999 quoque

98 3016 162 3061 non
177 3008 225 3062 est
242 3003 356 3078 minor,
379 3004 437 3065 sed
449 3005 581 3066 brevior.
609 3006 702 3066 Reler
716 3006 886 3067 Alexandri
899 3007 1080 3067 Macedonis
1088 3006 1121 3063 19

99 3087 288 3161 exemplum,
312 3089 365 3162 qui
383 3086 502 3163 Clitum,
526 3087 716 3150 carissimum
731 3090 789 3149 sibi
805 3106 841 3149 ac
856 3089 1079 3163 fidelissimum,

99 3166 178 3228 inter
191 3171 300 3244 epulas
315 3172 480 3232 transfodit
494 3179 524 3232 et
542 3173 695 3233 intellecto
717 3173 855 3232 facinore
875 3173 952 3233 mori
966 3172 1078 3232 voluit=

99 3258 182 3312 certe
197 3253 307 3315 decuit.
342 3254 437 3316 Omne
452 3254 555 3316 vitium
571 3256 702 3317 ebrietas
718 3262 748 3314 et
762 3254 898 3315 incendit
911 3262 942 3314 et
957 3255 1078 3328 detegit,

100 3334 272 3397 obstantem
286 3339 373 3399 malis
394 3339 553 3401 conatibus
568 3339 785 3400 verecundiam
803 3343 951 3398 removet.
972 3339 1078 3414 plures

99 3418 177 3479 enim
199 3422 319 3496 pudore
343 3423 493 3499 peccandi
518 3440 608 3499 quam
635 3423 718 3483 bona
742 3424 897 3484 voluntate
918 3419 1078 3497 prohibitis

99 3501 261 3566 abstinent.
292 3505 351 3567 Ubi
365 3507 506 3583 possedit
521 3509 654 3569 animum
674 3507 765 3568 nimia
780 3507 829 3568 vis
843 3505 915 3580 vini,
931 3503 1120 3582 quicquum
