2468 3930
148 215 214 281 2oe
437 212 842 275 Lanmfflsmchss

103 372 256 450 „ltaque
270 369 299 429 si
318 367 350 428 iu
369 367 472 429 medio
486 369 608 428 urhium
622 369 744 428 fremitu
758 364 910 428 conlocati
924 383 1052 443 sumus,
1075 376 1138 432 stet

148 456 190 515 ad
207 456 290 514 latus
304 453 436 513 monitor
454 459 485 511 et
497 461 605 513 centn
617 452 795 512 laudatores
808 451 975 527 ingentium
989 452 1136 527 patrimo·

148 540 269 599 nicrum
297 537 403 598 hudet
427 553 525 611 pmn
550 537 675 596 divitem
703 545 736 597 et
758 552 821 596 usn
843 551 922 611 opes
947 537 1135 598 metientem

147 629 258 684 contra
275 623 362 695 illos,
387 622 442 698 qui
460 623 589 696 gratiam
609 636 646 680 ac
663 620 829 695 potentiam
849 621 1014 695 adtollunt,
1038 622 1135 682 otium

147 705 218 782 ipse
239 707 391 781 suspiciat
408 706 552 766 traditum
571 706 667 764 literis
686 713 719 765 et
733 704 868 764 animum
887 703 927 763 ab
941 705 1082 766 externis
1094 706 1135 766 ad

104 807 207 872 73sua
224 806 394 850 reversum.
421 791 566 850 ostendat
584 805 625 848 ex
645 789 863 849 mnsumuone
882 789 965 862 volgi
980 788 1090 850 beatos
1103 790 1135 850 in

146 875 201 935 illo
214 875 369 935 invidioso
384 875 508 948 lastigie
522 889 581 933 suo
593 881 760 933 trememoe
771 872 968 934 etadtouitos
979 873 1135 950 longeque

147 960 239 1019 aliam
260 959 300 1018 de
320 974 356 1018 sc
376 959 553 1033 opinionem
572 956 722 1017 habentes
739 973 833 1033 quam
851 957 891 1016 ab
908 957 977 1016 aliis
994 957 1134 1019 hahetur.

147 1059 218 1102 nam
239 1058 320 1118 quae
343 1043 413 1102 aliis
437 1043 564 1103 excelsa
583 1041 740 1116 videnntr,
763 1042 843 1116 ipsis
864 1050 1032 1116 praerupta
1052 1049 1134 1103 sunt

146 1125 252 1202 itaque
266 1127 479 1186 exanimantur
492 1134 523 1186 et
535 1126 700 1201 trepidant,
720 1127 863 1201 quotiens
878 1126 1091 1201 despexerunt
1103 1127 1134 1186 in

146 1210 223 1277 illud
243 1211 460 1284 magnitudinis
478 1226 556 1270 suae
578 1225 741 1284 praeceps.
772 1210 908 1284 cogitant
926 1213 1010 1270 enim
1030 1211 1133 1270 varies

101 1308 240 1363 uersus
254 1303 287 1354 et
299 1296 330 1353 in
345 1294 467 1354 sublimi
479 1294 612 1352 maxime
626 1294 778 1353 lubricos:
796 1302 869 1353 tunc
882 1293 1020 1368 adpetita
1031 1293 1133 1355 tormi-

147 1378 223 1439 dant
238 1387 268 1438 ct
282 1394 362 1452 quae
375 1377 446 1436 illos
462 1393 575 1452 graves
590 1378 659 1437 aliis
672 1377 788 1448 reddit,
803 1379 929 1453 gravim
942 1379 1023 1453 ipsis
1038 1377 1132 1439 tend·

146 1470 195 1523 tas
210 1463 344 1523 incubat
365 1469 440 1521 tunc
453 1462 581 1522 laudant
593 1461 688 1522 otium
701 1463 772 1520 lene
785 1470 818 1522 et
830 1463 880 1521 sui
893 1461 978 1522 iuris
1001 1463 1076 1525 odio
1087 1468 1134 1523 cst

146 1547 249 1620 iulgor
267 1554 299 1605 et
318 1547 391 1618 luga
409 1562 429 1605 a
447 1547 541 1605 rehns
562 1544 665 1605 adhuc
690 1546 843 1606 stantibus
868 1546 1035 1621 quaeritur.
1062 1556 1133 1608 tunc

146 1630 269 1689 demum
282 1628 397 1688 'videas
419 1629 669 1705 philosophantis
688 1638 789 1690 metus
810 1639 842 1691 et
859 1645 973 1706 aegrae
993 1632 1133 1693 fortunae

146 1729 224 1772 sana
237 1713 375 1774 consilia
397 1729 468 1773 nam
482 1715 574 1789 quasi
588 1715 649 1773 ista
660 1714 740 1772 iuter
751 1730 788 1773 se
801 1716 955 1774 contraria
964 1714 1037 1788 sint,
1052 1716 1134 1776 bona

146 1798 269 1857 iortnna
282 1804 314 1857 et
328 1813 416 1857 mens
430 1799 528 1869 bona,
553 1799 596 1858 ita
615 1798 724 1858 melius
744 1798 776 1857 in
795 1800 886 1858 malis
905 1800 1062 1874 saptmns=
1085 1814 1133 1860 se-

145 1882 248 1940 cnuda
261 1889 378 1942 rectum
392 1883 542 1945 auferunt
584 1882 673 1942 Vale

451 2017 670 2078 EPISTULA
690 2022 735 2082 Ill.
758 2021 831 2093 (95.)

401 2113 512 2167 Sarma
529 2116 642 2167 Lucmo
663 2128 717 2168 suo
736 2128 876 2171 murm

119 2237 134 2290 ι
206 2217 289 2278 Petis
304 2235 324 2277 a
337 2234 395 2293 me,
410 2227 444 2280 ut
457 2217 499 2290 id,
516 2220 602 2294 quod
617 2221 648 2278 in
664 2220 747 2279 diem
762 2237 852 2280 snum
866 2219 1008 2281 dlxeram
1018 2220 1134 2282 debere

144 2300 277 2376 differri,
300 2312 531 2378 repraesentem
551 2311 583 2362 et
600 2303 737 2364 scribam
754 2304 825 2378 tibi,
848 2320 895 2363 an
920 2304 1018 2365 haec
1041 2319 1132 2380 pars

144 2385 439 2462 philosophiae,
467 2404 579 2462 quam
599 2388 738 2448 Graeci
763 2390 1041 2463 paraeneticen
1066 2404 1133 2450 un·

145 2479 247 2544 cant,
274 2487 345 2532 nos
371 2473 664 2546 praeceptivam
688 2471 869 2547 dicimus,
894 2474 995 2533 satis
1015 2472 1070 2534 sit
1088 2471 1134 2532 ad

144 2555 483 2615 consummandam
510 2555 755 2630 sapientiam.
804 2556 877 2619 Scio
904 2566 936 2618 te
960 2558 992 2616 in
1020 2558 1134 2618 bonam

143 2645 263 2712 partem
276 2646 490 2712 accepturum,
511 2639 540 2698 si
560 2655 726 2714 negavero.
768 2639 815 2702 En
829 2642 928 2717 magis
943 2644 1088 2716 promitto
1104 2645 1134 2700 et

143 2721 272 2780 verbum
286 2719 443 2794 publicum
457 2723 559 2798 perire
571 2739 635 2785 nnn
650 2725 765 2797 potiora

269 2805 375 2864 Postea
389 2809 453 2866 noti
463 2824 583 2882 rmore,
599 2809 682 2884 qnod
694 2812 849 2885 inpetrm
864 2811 1005 2869 adm.

114 2887 296 2956 zintcrdum
318 2890 400 2949 enim
421 2892 513 2951 enixe
528 2893 661 2967 petimus
679 2891 727 2966 id,
751 2894 837 2968 qnod
850 2907 1084 2967 recusaremus,
1106 2890 1133 2953 si

146 2972 217 3049 quis
238 2974 382 3033 obferret.
407 2974 486 3035 haec
506 2977 575 3036 sive
595 2977 704 3036 levitas
724 2984 773 3036 est
792 2978 861 3037 sive
882 2975 1056 3052 verniliter,
1077 2991 1132 3052 pu-

144 3057 259 3117 nienda
282 3067 332 3119 cst
355 3060 553 3134 promittendi
575 3060 729 3121 facilitate
754 3063 851 3123 multa
869 3061 968 3120 videri
989 3061 1133 3121 volumus

143 3143 239 3217 velle,
259 3143 317 3202 sed
339 3145 500 3204 nolumus:
521 3144 666 3205 recitator
679 3144 840 3206 historiam
853 3146 1009 3220 ingentem
1025 3143 1134 3206 adtulit

143 3227 348 3288 miuutlssime
360 3229 517 3304 scriptam,
532 3228 686 3290 artissime
701 3229 868 3304 plic[a]tam
880 3236 911 3289 et
921 3243 1036 3304 magna
1046 3234 1133 3304 parte

143 3313 295 3386 perlectas
309 3312 480 3387 „desinam
490 3315 637 3392 inquttsi
649 3315 772 3375 vultis.“
786 3315 991 3375 adclamanarz
1007 3311 1132 3387 penita,

143 3396 258 3455 recita“
272 3394 311 3454 ab
327 3397 385 3470 his,
400 3398 455 3471 qui
469 3398 552 3458 illum
565 3398 779 3459 obmutescere
790 3399 853 3458 illic
863 3396 1001 3473 cupiunt
1027 3395 1133 3471 Saepe

143 3479 229 3539 eliud
244 3481 404 3554 volumno,
429 3481 512 3540 aliud
533 3489 677 3557 optamus
699 3489 731 3543 et
751 3498 858 3544 vemm
876 3496 918 3542 ue
937 3481 989 3544 die
1006 3479 1134 3557 qutdon
