2468 3930
171 232 235 300 472
340 239 371 295 L.
386 235 558 294 ANNAEUS
573 233 716 292 SENECA
733 230 981 292 GORDUBENSlS

174 392 244 449 citas
269 382 344 466 [tibi]
369 389 497 461 neglecta
519 404 573 443 neo
593 388 692 443 lenitas
716 379 802 462 [iam]
826 383 969 457 languida.
999 388 1027 438 ct
1049 383 1073 439 si
1095 399 1144 440 res

176 475 223 532 tibi
239 474 359 544 exiguae
375 474 438 540 sint,
453 487 509 526 non
524 471 580 526 sint
597 476 692 527 tamen
708 465 816 547 [animo
833 463 895 544 tuo]
910 473 1059 540 angustae.
1083 465 1143 524 Nee

145 563 220 618 diua
235 555 342 611 defleas
357 571 408 610 nec
424 555 516 610 aliena
530 554 651 610 mireris.
676 553 707 614 si
723 553 919 609 continentiam
932 551 1036 626 diligis,
1050 551 1143 624 turpia

175 641 278 711 fugito,
304 644 453 710 antequam
469 637 619 706 accedant,
639 653 691 692 nec
710 651 877 707 quemquam
891 635 977 691 alium
996 635 1143 690 vereberis

173 725 237 796 plus
253 737 337 792 quam
351 729 387 777 te.
422 721 523 778 Omnia
539 720 694 777 tolerabilia
710 713 802 796 [esse]
816 725 928 791 praeter
943 717 1142 790 turpitudinem

174 805 268 862 erede.
298 820 316 859 a
334 805 428 862 verbis
443 820 555 876 quoque
568 806 695 875 turpibus
711 803 863 870 abstineto,
885 804 952 874 quia
965 802 1077 859 licentia
1096 817 1143 856 eo·

174 905 235 944 rum
253 887 454 959 impudentiam
468 888 561 943 nutrit.
590 886 743 944 Sermones
757 887 840 943 utiles
858 887 950 958 magis
964 901 1048 958 quam
1064 886 1142 941 iace·

175 979 218 1028 tos
246 977 274 1026 et
295 971 424 1028 affabiles
450 987 529 1043 ama,
556 975 649 1027 rectos
674 971 768 1042 potius
799 987 882 1042 quam
906 969 1141 1026 obsecundantes.

146 1052 306 1120 7Miscebls
323 1054 461 1110 interdum
483 1054 565 1110 seriis
580 1055 659 1110 iocos
674 1053 729 1109 sed
750 1058 918 1125 temperatos
939 1059 967 1108 et
981 1054 1043 1109 sine
1058 1051 1143 1107 datri-

15 1131 18 1140 ’
83 1163 90 1170 ’
174 1145 267 1195 mento
282 1137 425 1210 dignitatis
448 1153 482 1193 ac
501 1137 700 1193 verecundiae.
731 1153 796 1193 nam
819 1136 1046 1210 reprehensibilis
1067 1137 1143 1191 risus

175 1228 227 1291 est,
249 1222 273 1277 si
288 1221 454 1277 immodicus
471 1215 552 1297 [sit],
572 1221 596 1277 si
611 1221 754 1292 pueriliter
774 1219 900 1289 effusus,
927 1220 953 1276 si
973 1219 1143 1275 muliebriter

175 1307 280 1362 fatuus.
313 1305 444 1361 odibilem
464 1320 576 1376 quoque
595 1305 737 1360 hominem
757 1305 824 1360 iacit
843 1304 916 1360 risus
939 1310 987 1360 aut
1005 1305 1143 1375 superbus

176 1394 203 1443 et
216 1390 307 1444 clarus
323 1393 370 1443 aut
384 1389 522 1460 malignus
538 1394 565 1443 et
579 1389 712 1457 iurtvius,
728 1394 775 1443 aut
790 1388 889 1444 alienis
903 1388 984 1444 malis
1000 1392 1143 1443 evocatus.

144 1470 205 1531 &Si
221 1487 288 1542 ergo
305 1477 413 1542 tempus
434 1472 632 1543 engilmone,
654 1471 709 1527 hos
727 1486 837 1542 quoque
857 1487 920 1527 cum
938 1471 1073 1542 dignitate
1097 1485 1142 1525 sa·

174 1554 296 1625 pientiae
311 1570 395 1626 gere,
410 1560 439 1609 ut
453 1561 481 1610 te
495 1571 548 1611 nec
562 1548 728 1632 gravet[ur]
744 1555 891 1625 quisquam
905 1559 1046 1626 umquam
1061 1567 1143 1624 aspe-

175 1652 236 1691 rum
258 1652 311 1693 nee
329 1631 384 1713 [te]
400 1644 559 1693 contemnat
576 1645 717 1710 tamquam
733 1639 828 1694 vilem.
857 1636 920 1693 Non
935 1639 989 1693 erit
1002 1637 1050 1694 tibi
1064 1652 1144 1693 scur-

174 1719 233 1774 rilis
249 1718 302 1774 sed
317 1726 398 1790 grata
416 1722 567 1776 urbanitas.
595 1719 678 1777 Sales
693 1721 733 1776 tui
748 1722 808 1777 sine
824 1721 906 1777 dente
922 1722 991 1790 sint,
1011 1721 1066 1775 ioci
1080 1720 1143 1776 sine

175 1803 289 1870 vilitate,
306 1803 382 1857 risus
397 1804 457 1857 sine
473 1802 621 1873 caehinno,
637 1821 694 1860 vox
709 1804 770 1859 sine
785 1807 917 1874 clamore,
936 1806 1067 1861 incessus
1081 1803 1142 1859 sine

175 1885 300 1940 tumultu.
333 1885 419 1952 Quies
440 1903 496 1940 non
512 1886 622 1942 desidia
642 1888 696 1943 erit
713 1888 761 1943 tibi
775 1895 802 1944 et
817 1904 880 1943 cum
895 1890 930 1944 ab
952 1888 1014 1944 aliis
1030 1886 1142 1957 luditur,

146 1972 164 2027 9
177 1974 205 2022 tu
219 1969 308 2023 saneti
327 1968 433 2038 aliquid
447 1968 613 2041 honestique
629 1972 768 2027 tractabis.
798 1971 829 2029 Si
846 1972 991 2027 continens
1005 1986 1052 2037 es,
1074 1969 1131 2027 adu

175 2052 295 2107 lationes
310 2052 415 2124 devita,
431 2053 520 2125 sitque
531 2053 580 2110 tibi
596 2059 651 2109 tam
663 2054 749 2122 triste,
767 2054 874 2110 laudari
890 2071 907 2111 a
922 2055 1048 2126 turpibus
1059 2069 1143 2125 quam

176 2135 199 2190 si
215 2135 338 2191 lauderis
360 2137 395 2192 ob
410 2138 512 2208 turpia.
546 2138 644 2192 laetior
663 2143 739 2207 esto,
762 2139 890 2209 quotiens
910 2137 1044 2210 displices
1061 2137 1144 2193 malis

176 2224 203 2273 et
218 2219 355 2276 malorum
370 2219 406 2274 de
424 2225 451 2275 te
466 2236 571 2292 pravas
588 2221 808 2278 existimationes
828 2216 895 2298 [ad]
915 2238 1013 2278 veram
1027 2221 1065 2277 tui
1081 2221 1143 2276 lau·

134 2308 168 2361 to
179 2301 320 2357 dationem
335 2304 454 2360 ascribe.
483 2303 681 2360 Difficillimum
698 2321 770 2376 opus
785 2306 970 2361 continentiae
988 2311 1031 2362 est
1045 2318 1142 2360 assen-

176 2386 296 2442 tationes
314 2385 485 2443 adulantium
501 2381 680 2464 [multorum]
694 2390 843 2459 repellere,
865 2405 982 2460 quorum
997 2403 1143 2444 sermones

175 2469 297 2524 animum
319 2469 438 2540 quadam
460 2471 603 2542 voluptate
629 2473 784 2528 resolvunt.
817 2472 928 2528 Nullius
947 2487 999 2544 pcr
1018 2476 1143 2528 assenta-

175 2551 279 2607 tionem
291 2553 441 2608 amicitiam
451 2553 596 2622 merearis,
613 2570 666 2610 nee
679 2553 718 2609 ad
732 2560 806 2610 tuam
818 2549 967 2632 [gratiam]
980 2570 1143 2626 promeren-

134 2644 164 2697 11
176 2633 241 2689 dam
259 2629 324 2708 [per
338 2631 426 2712 hanc]
447 2636 510 2691 allis
526 2637 564 2692 ad
583 2642 610 2693 te
624 2636 730 2693 aditum
745 2638 865 2734 pandas.
889 2638 953 2694 Non
967 2639 1023 2694 eris
1039 2637 1142 2708 audax,

174 2731 232 2770 non
246 2732 392 2788 arrogans.
423 2719 566 2775 submittes
584 2726 621 2788 te,
640 2736 697 2775 non
709 2722 841 2793 proicies,
862 2723 999 2794 gravitate
1018 2727 1141 2778 servata.

81 2858 84 2864 ,
174 2797 380 2856 Admoneberis
394 2802 521 2871 libenter,
538 2803 755 2876 reprehenderis
769 2807 914 2877 patienter.
942 2805 1075 2862 simerito
1093 2806 1142 2862 ob·

175 2882 329 2953 iurgaverit
342 2889 369 2939 tc
385 2884 495 2955 aliquis,
510 2887 580 2943 seito
599 2889 666 2960 quia
678 2889 783 2960 proluit
796 2889 854 2958 tibi,
869 2890 895 2946 si
910 2889 1057 2957 immerito,
1072 2889 1143 2945 scito

175 2965 240 3036 quia
251 2965 389 3038 prodesse
403 2970 500 3024 voluit.
523 2963 654 3047 [meliora
665 2978 729 3029 sunt
743 2974 818 3029 enim
829 2972 895 3029 odia
906 2972 1046 3044 diligentis
1059 2988 1143 3044 quam

175 3049 351 3108 fraudulenta
365 3054 463 3110 oscula
477 3048 621 3131 odientia]
658 3056 721 3112 Non
740 3063 849 3127 acerba,
871 3055 924 3113 sed
937 3055 1041 3112 blanda
1054 3058 1142 3113 verba

133 3134 294 3193 litimebis.
318 3136 385 3192 Esto
397 3138 527 3194 vitiorum
543 3139 648 3211 fugax
640 3155 716 3211 ipse,
732 3141 887 3196 alienorum
901 3156 970 3196 vero
985 3155 1077 3210 neque
1094 3156 1142 3195 cu·

173 3218 268 3274 riosus
284 3226 421 3276 scrutator
435 3237 525 3293 neque
542 3223 660 3278 acerbus
675 3223 877 3295 reprehensor,
894 3223 984 3280 sed'
961 3239 1023 3280 stne
1038 3238 1141 3294 expro-

173 3302 299 3358 bratione
315 3311 464 3374 corrector,
482 3307 522 3360 ita
538 3312 567 3361 ut
581 3305 799 3364 admonitionem
813 3308 952 3364 hilaritate
962 3306 1142 3389 praevenias.

174 3389 202 3441 et
219 3387 307 3442 errori
322 3389 436 3445 veniam
452 3390 533 3445 facile
554 3388 629 3445 dato.
663 3391 722 3447 Nec
734 3393 852 3448 extollas
869 3407 1034 3463 quemquam
1048 3404 1142 3462 neque

134 3465 291 3526 mactatas.
322 3471 477 3540 Dicentinm
491 3477 553 3528 esto
567 3474 668 3530 tacitus
683 3474 808 3545 auditor,
823 3475 981 3532 auditorum
994 3477 1142 3548 promptos
