2468 3930
134 254 176 320 86
196 255 229 314 L.
241 253 387 314 ΑΝΝΑΕΙ
399 252 574 315 SENECAE
588 252 644 312 ΕΡ.
653 251 746 314 moli.
754 253 878 315 Llsslv.
889 253 991 318 dem
1002 258 1075 328 (41.)

133 418 208 484 tem,
232 408 378 484 quioquid
398 408 536 467 timemus
557 413 761 482 optamusque
777 406 940 480 ridentem,
961 407 1105 469 coelestis

134 493 269 570 potantia
280 491 383 567 agitat.
418 506 479 550 non
495 495 595 565 potest
607 505 658 550 res
674 496 757 550 tanta
771 488 838 550 sine
853 489 1037 551 adminiculo
1052 507 1105 552 nu-

132 577 221 637 minis
243 583 339 637 stare:
368 575 471 650 itaque
490 573 606 650 maiore
626 573 674 634 sui
688 580 775 648 parte
789 572 850 633 illio
863 579 926 647 est,
954 573 1035 634 unde
1053 575 1106 636 de·

134 659 261 721 scandit.
298 657 558 734 Quemadmodum
582 655 660 716 radii
684 657 758 718 solis
784 657 961 731 oontingunt
982 658 1105 732 quidem

133 751 258 816 terram,
275 742 331 803 sed
345 741 386 801 ibi
400 749 484 814 sunt,
500 740 581 801 unde
595 738 765 801 mittuntur:
788 739 834 800 sio
848 741 966 800 animus
977 756 1106 817 magnus

134 841 170 888 ao
191 842 281 904 sacer
299 834 329 886 et
348 826 378 884 in
397 824 458 885 hoo
477 822 647 898 demissus,
669 831 703 886 ut
722 823 850 899 propius
866 823 989 900 quidem
1004 825 1107 886 divina

134 925 312 982 nossemus,
341 916 541 970 conversatur
567 907 690 984 quidem
711 907 889 981 nobiscum,
921 907 979 967 sed
1002 907 1106 972 haeret

133 992 243 1070 origini
255 1009 346 1054 auae:
365 992 447 1053 illino
464 992 589 1068 pendet,
607 991 677 1052 illua
688 997 857 1067 spectatae
868 989 978 1066 nititur,
993 991 1105 1054 nostris

105 1085 287 1154 §umquam
301 1076 407 1138 melior
422 1077 555 1138 interest.
587 1074 664 1149 Quis
680 1082 727 1135 est
741 1088 813 1150 ergo
826 1073 877 1135 hia
891 1073 1033 1136 animust
1053 1077 1105 1151 qui

133 1162 216 1223 nullo
231 1162 313 1222 bono
328 1161 388 1222 nisi
399 1176 460 1222 suo
474 1161 560 1221 nitet.
591 1158 665 1235 quid
679 1159 758 1218 erim
772 1165 821 1219 est
833 1156 955 1220 stultius
969 1162 1065 1236 quam
1075 1158 1106 1218 in

132 1246 256 1307 homino
270 1245 369 1305 aliena
383 1246 529 1306 laudaret
550 1243 624 1318 quid
638 1257 675 1302 eo
691 1240 876 1317 dementius,
899 1241 952 1317 qui
966 1258 1004 1302 ea
1017 1241 1106 1303 miru-

131 1336 189 1405 tur,
211 1345 291 1405 quae
311 1328 456 1389 adolium
472 1328 628 1388 transferri
641 1326 781 1402 protinus
798 1331 949 1401 possuntt
979 1326 1047 1388 lion
1062 1328 1106 1386 lu·

134 1415 216 1475 aiunt
236 1410 392 1473 moliorem
412 1426 525 1485 equum
541 1410 625 1471 aurai
638 1410 726 1470 ireni.
755 1408 841 1470 aliter
853 1410 901 1471 leo
917 1417 1022 1471 aurata
1034 1408 1106 1470 iuba

133 1495 265 1568 mittitur,
284 1494 355 1554 dum
372 1499 577 1555 contractatur
588 1500 620 1553 et
634 1494 674 1554 ad
689 1492 863 1569 patientiam
876 1492 1045 1569 recipiendi
1058 1510 1105 1554 or-

133 1577 265 1639 namenti
278 1578 396 1652 cogitur
411 1577 566 1653 fatigatus,
582 1576 672 1639 aliter
681 1578 827 1652 incultus,
844 1577 953 1653 integri
964 1577 1104 1653 spiritus:

132 1661 182 1721 hio
204 1660 320 1722 scilieet
338 1663 443 1736 inpetu
462 1674 541 1735 aoer,
567 1663 685 1736 qualem
701 1662 783 1722 illum
796 1670 905 1724 natura
917 1676 989 1721 esse
1004 1661 1105 1737 voluit,

133 1744 296 1821 speciosus
318 1760 358 1805 ex
378 1744 518 1820 horrido,
541 1745 626 1806 ouius
648 1744 698 1806 hio
716 1745 813 1806 decor
829 1751 890 1818 est,
910 1743 975 1805 lton
990 1744 1057 1805 sine
1070 1745 1105 1805 ti-

132 1845 217 1890 more
231 1827 365 1904 adspioi,
384 1830 554 1904 praefertur
568 1827 610 1888 illi
623 1828 767 1904 languido
780 1836 811 1890 et
820 1829 985 1890 bracteato.
1010 1827 1105 1888 Nemo

104 1911 255 1988 rgloriari
275 1911 334 1972 nisi
355 1927 413 1972 suo
434 1911 534 1973 debet.
566 1912 667 1973 Vitem
687 1913 863 1986 laudamus,
885 1911 914 1972 si
928 1914 1027 1977 lruolu
1040 1912 1106 1987 pal·

133 1997 219 2056 mites
239 2002 360 2069 onerat,
383 1997 410 2056 si
430 1995 500 2072 ipsa
519 1997 656 2072 pondere
674 1997 727 2069 [ad
741 2001 863 2068 terram]
885 2010 1003 2070 emunt,
1023 2011 1106 2071 quae

131 2080 212 2154 tulit,
233 2079 418 2140 adminiculo
433 2081 568 2141 doduoitr
592 2095 664 2140 num
678 2080 748 2156 quis
762 2079 833 2140 hoio
846 2079 928 2140 illam
939 2079 1107 2155 praeferret

132 2164 237 2237 vitem,
260 2162 309 2223 eui
329 2178 441 2224 aureae
454 2179 548 2238 uvae,
571 2179 663 2225 aurea
676 2163 749 2225 lolia
763 2162 957 2240 dependent?
979 2161 1104 2239 Propria

131 2247 227 2308 virtus
247 2253 295 2307 est
315 2247 346 2306 in
360 2247 423 2307 rita
436 2246 589 2309 fertilitas:
611 2247 642 2307 in
655 2246 778 2308 homine
794 2262 919 2324 quoquo
933 2245 964 2306 id
978 2246 1104 2309 laudan·

130 2331 203 2392 dum
225 2338 286 2405 est,
308 2331 392 2406 quod
412 2332 510 2408 ipsius
531 2340 586 2394 est.
619 2330 773 2392 Familiam
788 2333 954 2393 rumosam
970 2330 1106 2391 habetet

132 2416 256 2477 domum
278 2416 450 2492 pulchram,
472 2417 598 2478 multum
617 2415 705 2488 serit,
732 2417 857 2477 multum
877 2416 1008 2476 teneram
1024 2410 1105 2474 'nihil

102 2498 240 2562 8hornm
253 2500 285 2560 in
298 2499 368 2574 ipso
378 2508 441 2576 est,
462 2501 520 2561 sed
531 2499 732 2575 oiroaipsum.
767 2500 872 2561 Lauda
883 2499 914 2558 in
926 2499 1005 2574 ipso,
1020 2497 1106 2573 quod

132 2599 189 2643 neo
210 2582 286 2657 eripi
307 2591 409 2658 potest
429 2600 487 2644 noo
507 2584 588 2658 dari,
612 2583 698 2659 qnod
716 2583 876 2660 proprium
893 2581 1025 2666 hominis
1042 2589 1103 2642 estr

133 2667 255 2741 quoeris
278 2666 352 2739 quid
368 2667 429 2727 sit?
453 2667 571 2727 animus
587 2667 706 2730 stratio
721 2667 866 2728 inanimo
881 2667 1027 2742 perlecta.
1056 2681 1104 2724 ra·

131 2748 243 2808 tionole
264 2748 343 2809 enim
363 2750 473 2811 animal
490 2756 537 2811 est
551 2751 653 2812 homo.
676 2759 903 2814 consummatur
919 2751 1023 2825 itaque
1037 2748 1105 2809 eius

103 2829 258 2906 eborum,
276 2832 302 2891 si
317 2832 348 2892 id
361 2834 496 2910 inplevit,
512 2836 561 2895 oui
571 2835 716 2896 nascitur.
745 2834 824 2909 Quid
836 2842 884 2896 ost
894 2841 1003 2906 autem,
1020 2832 1103 2907 quod

131 2915 169 2975 ab
184 2916 235 2977 illo
249 2917 326 2977 ratio
341 2915 418 2978 haee
432 2919 556 2994 exigatr
575 2933 640 2978 rem
652 2919 840 2994 facillimam,
860 2917 1032 2980 seeundum
1048 2931 1103 2976 na-

129 3005 227 3059 turam
249 3015 336 3061 suam
356 3001 467 3063 vivere.
495 3003 552 3063 sed
571 3002 650 3062 liano
669 3003 823 3064 dilnoilem
844 3001 917 3062 lacit
934 3000 1104 3061 communis

130 3082 263 3144 insania:
284 3084 316 3143 in
332 3083 403 3146 vitia
416 3086 491 3147 alter
504 3087 630 3147 altarum
643 3087 803 3148 trudimus.
831 3083 987 3163 quomodo
1002 3090 1106 3153 antem

129 3169 268 3229 revocari
284 3168 465 3231 adsalutem
479 3176 624 3247 possunt,
641 3186 719 3246 quos
731 3187 819 3232 nemo
832 3169 953 3241 retinet,
971 3169 1106 3245 populus

130 3249 268 3327 inpellitt
301 3253 387 3313 Vale.

518 3398 712 3407 ——-—-
