2468 3930
186 231 358 293 EPISTUL.
371 233 466 295 MOR.
488 233 982 314 LlB.xlx.EP.4.5.(113.114.)
1021 237 1085 303 ata

101 384 173 445 lurit
187 391 247 457 aut,
266 385 350 459 quod
364 385 459 445 lusori
476 384 573 445 simile
587 393 649 460 est,
669 386 824 462 irascitur,
844 388 996 450 turbatum
1014 406 1086 450 esse

103 466 244 543 corporis
259 475 373 527 motum
388 483 445 528 nec
459 467 513 542 ire,
529 469 586 529 sed
602 469 695 530 lenit
717 479 828 546 quanto
844 470 904 533 hoc
922 475 1019 547 magis
1035 489 1084 534 ac-

102 551 207 612 cidere
220 552 342 625 ingenio
359 561 464 627 putas,
485 553 570 628 quod
590 561 685 615 toturn
708 555 808 615 animo
829 558 1012 630 permixtum
1028 566 1083 631 est,

103 636 141 696 ab
164 636 215 696 illo
238 634 376 709 fingitur,
402 636 443 696 illi
465 642 566 711 paret,
592 636 664 697 inde
679 639 777 712 legem
796 639 878 714 petit.
924 640 1114 715 Quomodot

100 719 307 779 Maecenas
323 720 432 779 vixerit
445 719 547 781 notius
563 727 624 793 est,
645 738 735 796 quam
755 729 789 782 ut
802 725 920 783 narrari
935 742 1017 785 nunc
1032 726 1085 785 de·

100 803 181 878 beat,
202 804 358 879 quomodo
375 804 588 879 ambulaverit,
606 821 697 880 quarn
713 805 862 867 delicatus
878 809 977 881 luerit,
994 827 1085 885 quarn

102 889 232 963 cupierit
246 887 353 961 videri,
373 904 464 962 quam
477 888 549 947 vitia
563 905 620 948 sua
635 890 729 948 latere
740 889 881 950 noluerit.
905 893 979 965 quid
991 901 1086 968 ergo?

102 988 163 1033 non
189 973 285 1032 oratio
307 973 374 1032 eius
395 987 493 1046 aeque
516 973 618 1033 soluta
637 980 685 1034 est
705 989 795 1048 quam
810 973 878 1048 ipse
896 974 1086 1038 discinctus?

101 1070 161 1116 non
184 1063 245 1115 tam
267 1056 411 1130 insignita
431 1055 512 1115 illius
533 1057 628 1116 verba
649 1063 720 1116 sunt
741 1073 832 1132 quarn
854 1059 969 1132 cultus,
994 1076 1085 1135 quarn

102 1139 278 1213 comitatus,
302 1156 393 1215 quarn
409 1140 534 1215 domus,
558 1156 648 1215 quam
663 1148 764 1200 uxori
790 1142 890 1215 magni
912 1143 958 1201 vir
972 1141 1084 1218 ingenii

101 1224 208 1296 luerat,
222 1224 248 1283 sl
263 1223 337 1283 illud
350 1224 465 1298 egisset
475 1221 525 1282 via
535 1223 674 1296 rectiore,
691 1225 717 1282 si
729 1241 790 1285 non
802 1224 930 1285 vitasset
941 1225 1083 1301 intellegi,

101 1306 127 1365 si
140 1324 201 1366 non
214 1306 303 1365 etiam
316 1307 345 1365 in
359 1306 497 1367 oratione
509 1306 673 1367 difflueret.
690 1306 809 1368 videbis
821 1306 925 1383 itaque
937 1311 1084 1385 eloquen-

103 1391 173 1450 tiam
199 1389 276 1449 ebrii
302 1390 450 1464 hominis,
475 1389 641 1452 involutam
668 1400 698 1452 et
724 1398 873 1452 errantem
895 1399 925 1453 et
943 1392 1084 1454 licentiae

104 1475 234 1553 plenam.
277 1474 500 1535 Mnacsansou
520 1491 690 1535 caurusao.
722 1474 800 1549 Quid
818 1476 958 1551 turpius?
991 1476 1112 1537 Amnes

100 1561 237 1633 silvisque
261 1562 331 1634 ripa
353 1561 533 1619 comantibus
553 1560 620 1620 aide
644 1568 676 1619 ut
695 1563 809 1620 alueum
831 1562 968 1621 lintribus
988 1569 1083 1622 arent.

101 1658 241 1716 versoque
254 1645 332 1703 nacla
347 1645 497 1703 remittant
509 1644 617 1703 borlas.
630 1675 673 1686 -
688 1641 786 1716 Quid?
807 1642 834 1703 si
849 1643 918 1718 quis

182 1727 316 1799 feminae
329 1729 480 1788 cincinnos
493 1731 608 1802 crispat
618 1734 649 1788 et
662 1729 756 1788 labris
769 1728 951 1789 columbatur

184 1813 364 1885 incipitque]
379 1814 544 1887 suspirans,
559 1818 592 1871 ut
604 1815 718 1873 ceruice
733 1815 814 1872 lassa
826 1811 999 1884 fanantur*

184 1897 311 1955 nemoris
326 1897 457 1970 tyranni.

100 1977 338 2038 Inremediabilis
354 1979 466 2051 factio:
486 1983 634 2040 rimantur
653 1981 750 2055 epulis
763 1983 930 2055 laponapue
944 1975 1092 2055 temptant

101 2063 200 2122 amnas
226 2069 255 2122 et
277 2080 329 2136 spe
352 2069 472 2122 mmtcm
496 2067 622 2138 cxipuni
645 2097 687 2108 -
713 2063 836 2122 Genium
856 2064 935 2137 festo
961 2067 1013 2123 uix
1032 2079 1084 2123 sua

102 2151 199 2206 testem
222 2179 265 2190 —
289 2150 417 2206 tenuisue
442 2150 523 2207 cerei
545 2150 600 2219 lita
620 2153 650 2207 et
673 2163 829 2220 crepacem
851 2151 957 2207 molam
980 2147 1084 2220 focum

103 2237 199 2290 mater
213 2236 268 2289 ant
279 2246 358 2289 naar
372 2233 536 2290 investiant.

162 2313 230 2372 Non
249 2313 357 2387 statim,
378 2330 445 2373 curn
461 2312 538 2372 haec
555 2311 677 2387 legeris,
692 2310 752 2372 hoc
767 2312 821 2373 tibi
839 2320 987 2385 occurret,
1002 2311 1083 2373 lmnc
1095 2324 1134 2378 δ’

101 2412 189 2470 esse,
212 2397 263 2471 qui
286 2397 394 2457 solutis
409 2395 519 2456 tunicis
535 2397 565 2456 in
581 2396 658 2456 urbe
672 2410 797 2471 semper
811 2395 993 2457 incesserit?
1014 2412 1083 2455 nam

102 2481 192 2541 etiam
208 2497 276 2540 curn
293 2481 429 2542 absentis
445 2480 586 2540 Caesaris
601 2478 739 2556 partibus
755 2481 946 2554 iungeretur,
964 2478 1084 2553 signum

101 2565 284 2625 adiscincto
301 2564 476 2640 petebatur=
498 2564 681 2635 humasse,
706 2562 801 2637 quiin
817 2562 973 2638 tribunali,
989 2563 1019 2622 in
1033 2579 1083 2622 ro-

100 2649 188 2720 stris,
209 2649 238 2707 in
261 2650 342 2709 omni
356 2650 478 2724 publico
502 2655 591 2710 coetu
606 2649 651 2708 sio
666 2648 856 2723 adparuerit‚
877 2656 911 2709 ut
924 2647 1016 2721 pallio
1032 2662 1084 2706 ve·

100 2732 214 2793 laretur
230 2741 321 2808 capul
335 2732 471 2794 exclusis
486 2734 639 2809 utrimque
654 2732 795 2808 auribus,
813 2748 875 2793 non
890 2733 977 2792 aliter
993 2747 1083 2806 quam

99 2815 129 2876 in
142 2818 233 2875 mimo
247 2816 356 2876 divites
370 2817 487 2892 fugitivi
499 2819 612 2879 solent:
628 2818 708 2877 hunc
720 2833 801 2891 esse,
810 2817 858 2877 cui
868 2825 940 2878 tunc
952 2816 1084 2875 maxime

99 2899 242 2960 civilibus
255 2897 345 2958 bellis
359 2900 566 2976 strepentibus
580 2909 610 2962 et
625 2901 755 2962 sollicita
769 2901 844 2961 urbe
860 2907 889 2960 et
901 2906 1017 2960 armata
1032 2915 1082 2958 co-

98 2982 223 3043 mitatus
239 2979 289 3039 hic
304 2983 437 3043 fueritin
454 2984 594 3060 publico,
609 2987 767 3061 spadones
783 2985 854 3055 duo,
868 2984 966 3058 magis
981 2989 1083 3043 tamen

97 3066 156 3127 viri
173 3082 266 3141 quam
280 3063 365 3139 ipse=
388 3067 469 3128 hunc
483 3084 555 3129 esse
568 3069 619 3144 qui
630 3083 760 3129 uxorem
772 3066 891 3128 miliens
903 3065 998 3140 duxit,
1015 3080 1084 3124 curn

99 3167 192 3212 unam
215 3148 364 3209 habuerit.
408 3151 492 3210 Haec
513 3151 606 3212 verba
626 3160 688 3213 tam
714 3149 846 3224 inprobe
870 3154 998 3221 structa,
1023 3155 1112 3212 taml

99 3236 297 3310 neglegenter
317 3232 451 3306 abiecta,
473 3241 534 3293 tam
554 3241 661 3295 eontm
681 3232 934 3293 consuetudinem
949 3229 1083 3292 omnium

99 3319 202 3394 posita
218 3315 383 3379 ostendunt
398 3333 499 3378 mores
517 3332 642 3393 quoque
658 3333 720 3377 non
735 3315 835 3376 minus
851 3330 951 3376 novos
966 3320 996 3374 et
1012 3330 1082 3389 pra·

100 3419 158 3465 vos
173 3410 203 3462 et
224 3403 395 3477 singulares
413 3403 519 3463 luisse.
562 3400 696 3461 Maxima
707 3403 774 3460 laus
789 3399 832 3463 illi
846 3399 985 3461 tribuitur
998 3413 1082 3458 man—

101 3485 288 3547 suetudinis=
318 3485 458 3564 pepercit
477 3485 596 3562 gladio,
618 3485 768 3561 sanguine
788 3484 933 3546 abstinuit
949 3497 1007 3544 nec
1020 3482 1083 3543 alla
