2468 3930
213 241 276 306 238
475 241 509 300 L.
529 237 676 301 ANNAEI
696 237 871 300 SENECAE

206 394 463 472 bemnspluviam
479 393 631 455 innostra
648 398 807 469 potestate.
841 390 931 452 Plura
951 398 981 452 te
1001 381 1115 451 docere
1130 406 1192 452 non

208 481 323 556 cogito,
348 494 388 539 nc
406 478 663 555 quemadmodum
677 477 823 551 Aegialus
839 491 889 535 me
910 474 968 535 sibi
982 475 1193 538 adversarium

205 564 334 639 paravit,
349 564 395 623 sie
410 578 468 638 ego
485 577 590 636 parem
603 569 633 622 te
649 560 729 619 milri.
760 560 848 620 Vale.

508 696 723 754 amaruan
747 697 781 752 11.
810 697 882 768 (ct.)
997 722 1000 728 ·
1042 659 1045 663 ’

459 792 569 844 Surisca
587 793 699 843 Lucum
718 803 771 842 suo
791 803 930 843 saturnu.

179 907 193 959 1
268 891 480 970 Naufragium,
513 901 676 970 antequam
707 910 817 955 navem
850 888 1086 970 adscenderem,
1118 895 1191 955 leci=

206 981 362 1057 quomodo
387 978 547 1053 acciderit,
576 995 638 1041 non
665 979 780 1053 adicio,
810 993 849 1039 ue
872 986 904 1041 et
924 978 984 1040 lroc
1005 987 1093 1055 putes
1114 978 1192 1041 inter

206 1064 311 1126 Stoica
327 1065 485 1138 paradoxa
500 1064 690 1137 ponendum,
716 1078 846 1138 quorum
861 1065 976 1123 nullum
994 1078 1066 1123 csse
1081 1064 1192 1123 laisum

205 1163 263 1208 nec
280 1156 341 1209 tarn
356 1147 493 1208 mirabile
509 1163 599 1221 quam
619 1147 718 1222 prima
738 1147 816 1206 lucie
835 1146 973 1219 videtur,
996 1163 1066 1207 oum
1086 1147 1192 1207 volue-

204 1233 257 1304 ris,
274 1232 462 1313 adprobabo,
477 1232 569 1291 immo
587 1232 678 1292 etiam
696 1231 724 1290 si
736 1231 888 1291 nolucrisa
911 1230 1029 1291 interim
1045 1231 1118 1293 lroc
1138 1244 1193 1290 me

205 1317 280 1376 iter
302 1315 450 1390 docuit,
477 1316 723 1390 quammulta
745 1313 977 1374 haberemus
1001 1328 1192 1388 superva-

207 1416 276 1461 cua
290 1406 325 1460 ct
340 1416 449 1473 quarn
464 1400 582 1459 lacile
597 1397 744 1459 iudicio
761 1406 967 1473 possemus
982 1397 1193 1472 deponere,

207 1499 318 1560 quae,
341 1483 373 1542 si
395 1483 548 1558 quando
571 1481 794 1543 necessitas
813 1479 1193 1555 abstulit,nonsen·

177 1569 318 1632 alimus
347 1566 484 1649 ablata.
529 1567 602 1627 Cum
629 1563 966 1645 paucissimls'servis,
997 1579 1077 1640 quos
1096 1582 1193 1625 unum

206 1665 318 1726 capere
331 1649 503 1710 vehiculum
520 1651 631 1724 potuit,
650 1649 717 1710 sinc
731 1650 802 1710 ullis
816 1650 925 1731 rebus,
948 1648 1006 1708 nisi
1028 1665 1109 1725 quae
1124 1664 1192 1708 cor-

205 1749 282 1810 pore
296 1741 402 1794 nostro
418 1734 738 1808 continebantur,=ego
754 1742 784 1794 et
796 1734 1050 1795 Maximusmeus
1065 1731 1193 1793 biduum

100 1859 103 1866 -
205 1819 265 1876 iam
286 1816 495 1878 beatissimum
517 1818 645 1893 agimus.
681 1818 790 1877 culcita
810 1819 840 1878 in
860 1826 942 1879 terra
964 1817 1059 1889 iacet,
1081 1832 1141 1892 ego
1161 1815 1191 1875 in

206 1902 325 1962 culcita.
359 1917 397 1961 ex
414 1901 534 1983 duabus
550 1900 670 1977 penulis
686 1901 781 1960 altera
799 1904 975 1976 stragulum,
992 1902 1087 1962 altera
1102 1915 1191 1977 oper-

177 1987 315 2047 3torium
336 1987 415 2046 tacto
435 1993 492 2046 est.
534 1987 573 2045 de
595 1984 726 2060 prandio
741 1984 820 2044 nihil·
829 1985 947 2046 detrahi
961 1985 1073 2060 potuit=
1102 1999 1191 2061 pura-

205 2078 267 2129 tum
284 2069 338 2129 luit
351 2086 413 2130 non
428 2069 627 2144 magisphoro,
648 2084 799 2143 nusquam
814 2070 892 2151 sine¹
903 2069 1021 2144 caricis,
1037 2083 1191 2144 nusquam

207 2155 274 2214 sine
288 2153 503 2228 pugillaribusa
524 2154 603 2228 illae,
624 2155 651 2214 si
665 2168 776 2230 panem
791 2153 902 2226 habeo,
916 2169 973 2229 pro
988 2153 1190 2228 pulmentario

207 2245 286 2311 sunt,
301 2237 404 2297 sinon
419 2239 528 2311 habco,
545 2254 601 2313 pro
618 2254 706 2312 pane.
740 2236 852 2298 cotidie
866 2236 938 2299 mihi
952 2253 1066 2297 annum
1077 2254 1192 2299 novum

205 2322 335 2396 iaciunt,
352 2338 443 2399 quem
458 2335 516 2398 ego
532 2324 664 2384 taustum
679 2329 711 2383 et
723 2323 842 2383 felicem
856 2321 954 2382 reddo
969 2321 1060 2401 bonis
1077 2320 1190 2397 cogita-

205 2406 340 2467 tionibus
360 2414 389 2467 et
408 2405 499 2467 animi
520 2406 742 2480 magnitudine,
763 2406 814 2481 qui
834 2420 999 2481 numquam
1017 2407 1116 2466 maior
1135 2411 1190 2477 est,

207 2507 299 2566 quam
312 2491 365 2551 ubi
377 2491 475 2550 aliena
488 2491 629 2564 seposuit
650 2497 681 2550 et
701 2489 772 2549 lecit
790 2487 848 2549 sibi
864 2505 973 2565 pacem
991 2490 1064 2550 nihil
1085 2491 1190 2551 timen-

177 2575 256 2648 tdo,
273 2573 344 2633 lecit
358 2574 416 2633 sibi
432 2573 552 2632 divitias
567 2574 640 2632 nihil
655 2572 916 2646 concupiscendo.
947 2573 1145 2646 Vehiculum,
1160 2573 1190 2632 in

206 2657 290 2730 quod
304 2658 456 2731 inpositus
476 2672 559 2729 sum,
579 2655 725 2716 rusticum
741 2662 797 2715 est.
839 2657 940 2716 mulae
962 2658 1067 2719 vivere
1086 2655 1190 2719 ambu-

204 2739 297 2798 lando
312 2746 469 2799 testantur.
514 2736 608 2799 mulio
624 2739 834 2819 excalceatus,
860 2756 923 2800 non
945 2749 1072 2819 propter
1092 2748 1190 2802 aesta·
1217 2811 1218 2816 ἵ

204 2829 274 2882 tem.
306 2823 368 2881 Vix
389 2839 408 2883 a
429 2838 477 2881 me
502 2822 640 2896 obtineo,
661 2829 695 2883 ut
713 2821 773 2883 hoc
793 2823 965 2885 vehiculum
988 2826 1079 2886 velim
1092 2825 1190 2886 videri

204 2922 320 2966 meum:
343 2907 431 2967 durat
445 2905 545 2966 adhuc
566 2922 713 2980 perversa
726 2909 801 2968 recti
818 2909 1013 2970 verecundia.
1046 2910 1190 2985 quotiens

204 2991 234 3050 in
256 2991 388 3067 aliquem
410 2989 584 3051 comitatum
604 2992 764 3052 lautiorem
784 2992 961 3067 incidimus,
985 2993 1098 3054 invitus
1119 3007 1188 3052 eru-

204 3074 315 3148 besco,
332 3076 639 3150 quod‘argumentum
654 3083 703 3138 est
716 3075 790 3151 ista,
806 3093 885 3153 quae
900 3068 1014 3154 probo',
1029 3089 1108 3152 quae
1123 3075 1189 3135 lau·

206 3160 261 3234 do,
289 3159 422 3220 nondum
449 3160 562 3221 habere
588 3169 700 3222 certam
725 3162 831 3221 sedern
857 3169 887 3222 et
907 3158 1091 3222 inmobilem.
1136 3157 1189 3234 qui

176 3241 333 3306 osordido
353 3245 495 3307 vehiculo
510 3245 678 3321 crubescit,
700 3245 836 3320 pretioso
856 3241 1046 3322 gloriabitun
1077 3242 1188 3303 Parum

205 3328 306 3388 adhuc
329 3331 456 3404 proieci.
494 3331 630 3391 nondum
647 3332 748 3392 audeo
766 3330 966 3406 frugalitatem
981 3326 1082 3404 palam
1098 3327 1187 3386 terre.

205 3411 376 3474 etiamnunc
391 3430 464 3474 curo
481 3413 642 3491 opiniones
657 3416 822 3475 viatorum=
838 3421 943 3476 conlm
956 3409 1049 3472 totius
1064 3411 1190 3488 generis

205 3491 328 3554 humani
351 3499 512 3574 opiniones
532 3498 675 3559 mittenda
688 3515 751 3560 vox
765 3506 845 3560 crat=
874 3497 1053 3575 „lnsanitis,
1069 3496 1187 3570 errotis,
