2468 3930
144 217 188 283 44
433 217 467 277 L.
485 215 633 276 ANNAEI
654 215 829 276 SENECAE

145 369 322 445 pientia?
343 384 494 444 semper
514 368 612 427 idem
634 369 739 427 velle
758 373 872 442 atque
892 365 992 427 idem
1005 369 1125 430 nolle.

146 455 216 514 licet
236 454 316 511 illam
340 452 604 526 exceptiunculam
626 467 688 511 non
712 450 843 522 adicias,
875 457 909 512 ut
931 459 1048 513 rectum
1076 453 1126 529 sit,

147 537 232 612 quod
252 536 342 595 velis:
371 552 432 595 nnn
453 542 555 612 potest
574 534 654 594 enim
669 535 812 610 cuiquam
826 534 907 592 idem
921 550 1045 611 semper
1061 538 1126 612 pla-

115 631 215 685 dcere
236 619 295 679 nisi
315 627 441 680 rectum.
481 619 628 678 Nesciunt
648 633 721 693 ergo
742 617 898 692 homines,
927 619 1001 694 quid
1020 621 1126 694 velint,

146 703 204 763 nisi
225 704 276 763 illo
297 709 465 775 momento,
495 718 557 777 quo
579 703 700 763 volunt:
728 702 873 763 intutum
890 703 965 762 nulli
979 704 1060 763 velle
1074 711 1128 766 rut

146 788 227 847 nolle
247 786 403 847 decretum
423 793 479 848 est
509 786 644 847 variatur
664 786 776 845 cotidie
795 784 939 847 iudicium
954 793 985 846 et
1004 787 1036 846 in
1052 802 1125 847 con·

146 871 270 930 trurinm
283 871 407 930 vertitur
417 885 454 929 ae
465 870 621 945 plerisque
633 870 731 943 agitur
742 869 803 928 vita
815 884 870 943 per
880 871 990 930 lusum.
1018 870 1127 931 Preme

146 970 220 1028 ergo
242 954 325 1028 quod
347 952 492 1028 coepisti:
522 958 552 1014 el
572 955 704 1013 fortasse
722 953 903 1027 perduceris
917 962 971 1014 aut
987 955 1028 1014 ad
1043 970 1126 1014 sum·

146 1053 228 1097 mum
247 1044 299 1096 aut
320 1053 374 1110 eo,
397 1039 483 1112 quod
503 1053 656 1098 summum
670 1037 805 1097 nondum
822 1051 894 1096 esse
909 1038 995 1098 solus
1010 1038 1123 1098 intelle·

117 1131 212 1197 lgas.
247 1119 346 1195 „Quid
366 1121 433 1196 fiet,
453 1121 570 1197 inquis,
592 1121 664 1181 huic
683 1120 792 1180 turbae
814 1119 994 1180 familiarir‘
1023 1121 1124 1184 Turba

145 1206 203 1265 ista
223 1220 326 1264 cuma
342 1213 370 1264 te
385 1206 472 1280 pasci
487 1205 626 1275 desierit,
649 1203 719 1280 ipsa
733 1219 768 1263 se
784 1209 906 1278 pascet,
929 1211 980 1265 aut
993 1205 1078 1280 quod
1094 1212 1124 1266 tu

144 1288 295 1349 beneficio
316 1296 445 1349 menon
462 1297 552 1363 potes
567 1289 662 1360 scire,
685 1287 874 1363 paupertatis
889 1289 987 1348 sciesr
1007 1289 1061 1348 illa
1074 1303 1125 1348 ve·

27 1420 29 1425 .
144 1389 198 1432 ros
215 1380 379 1446 certosque
393 1373 508 1431 amicos
524 1372 680 1432 retinebit:
703 1371 842 1431 discedet
856 1369 998 1446 quisquis
1010 1387 1073 1433 non
1084 1380 1124 1447 te,

147 1457 204 1515 sed
223 1456 307 1514 aliud
329 1456 525 1528 sequebatur.
557 1471 620 1515 nnn
641 1463 688 1515 est
707 1462 807 1515 autem
826 1455 877 1513 vel
898 1455 939 1516 cb
955 1455 1016 1516 boc
1031 1471 1125 1516 unum

145 1538 277 1598 amanda
298 1546 481 1612 paupertas,
510 1540 609 1614 quod,
637 1539 788 1614 aquibus
809 1539 936 1612 ameris,
963 1540 1126 1600 ostendett

147 1621 170 1680 0
187 1621 311 1696 quando
333 1622 383 1680 ille
402 1623 503 1683 veniet
523 1621 605 1695 dies,
629 1640 691 1697 quo
714 1638 804 1682 nemo
824 1621 856 1682 in
876 1623 1026 1684 honorem
1040 1631 1124 1684 tuum

116 1719 134 1774 8
146 1705 321 1766 mentiatur!
350 1706 418 1765 Huc
431 1722 505 1780 ergo
518 1707 718 1780 cogitationes
730 1714 801 1767 tuae
812 1707 953 1778 tendant,
967 1706 1030 1767 hnc
1042 1722 1125 1781 eura,

145 1790 205 1850 hcc
222 1797 310 1863 opta,
334 1790 435 1849 omnia
455 1791 514 1849 alia
533 1798 606 1850 vota
620 1791 679 1850 deo
693 1790 895 1864 remissurnS,
917 1798 950 1850 ut
962 1798 1125 1851 contentus

145 1872 190 1933 sis
211 1881 304 1933 temet
324 1873 393 1947 ipso
416 1881 447 1933 et
467 1890 506 1934 ex
526 1881 556 1934 te
575 1874 772 1934 nascentibus
793 1874 894 1935 bonis.
924 1889 1006 1948 quae
1023 1882 1126 1950 potest

145 1972 217 2016 esse
237 1956 365 2017 felicitas
386 1958 535 2032 propior?
568 1959 686 2032 Redige
706 1965 736 2018 te
757 1958 797 2017 ad
818 1974 929 2033 parva,
952 1973 992 2016 ex
1013 1959 1124 2034 quibus

145 2041 256 2100 cadere
272 2057 332 2101 non
348 2041 468 2115 possis,
491 2042 582 2117 idque
597 2050 631 2102 ut
643 2042 785 2101 libentius
800 2042 911 2114 iacias,
930 2041 970 2100 ad
983 2040 1045 2103 hoc
1057 2056 1124 2117 per·

144 2123 251 2185 tinebit
263 2125 408 2186 tributum
422 2124 513 2186 huius
528 2125 694 2200 epistulae,
711 2126 796 2201 quod
810 2126 911 2185 statim
921 2126 1088 2185 conteram.

116 2217 133 2272 9
208 2208 349 2269 Invideas
370 2210 455 2268 licet:
481 2210 652 2269 etiamnunc
672 2209 801 2268 libenter
821 2226 876 2284 pro
899 2224 948 2268 me
967 2209 1125 2283 dependet

144 2292 306 2367 Epicurus.
343 2292 698 2368 ‚,Magniiicenti0r‚
724 2292 818 2352 mibi
843 2293 974 2368 crede,
998 2308 1123 2353 sermo

145 2384 233 2438 tuus
264 2378 301 2436 in
333 2378 495 2452 grabato
530 2377 726 2437 videbitur
752 2385 789 2437 et
815 2377 853 2435 in
881 2391 1017 2452 panno.
1051 2392 1123 2436 non

145 2462 242 2521 enim
265 2462 443 2522 dicentur
462 2468 609 2523 tantum
629 2461 712 2533 illa,
735 2460 802 2520 sed
822 2460 1124 2534 probabuntur.“

144 2545 209 2618 Ego
225 2552 307 2604 certe
323 2545 408 2606 aliter
422 2545 530 2618 audio,
554 2560 634 2619 quae
649 2544 721 2604 dicit
734 2545 905 2604 Demetrius
920 2551 1035 2616 noster,
1055 2558 1123 2604 eum

144 2628 228 2686 illum
244 2627 305 2686 vidi
319 2629 449 2701 nudum,
472 2635 585 2702 quanto
601 2629 699 2688 minus
714 2643 807 2704 quam
821 2626 852 2687 in
868 2629 1057 2701 stramentis,
1077 2626 1122 2687 in·

104 2711 320 2775 mcubantem:
349 2728 410 2771 nnn
433 2719 616 2786 praeceptor
635 2712 715 2785 veri,
742 2711 798 2771 sed
819 2712 906 2772 testis
928 2719 985 2772 est.
1024 2711 1123 2786 „de

144 2801 240 2866 ergo?
266 2809 327 2853 non
354 2794 424 2854 licet
448 2795 569 2855 divitias
594 2796 623 2854 in
650 2797 719 2856 sinu
743 2795 861 2871 positas
887 2799 1124 2856 contemneret“

145 2877 249 2952 quidni
268 2877 378 2937 liceat?
398 2887 429 2939 et
444 2876 495 2938 ille
509 2879 639 2952 ingentis
654 2879 745 2939 animi
759 2887 821 2954 est,
844 2880 896 2954 qui
910 2879 980 2939 illas
994 2877 1123 2939 circum·

143 2961 230 3021 fusas
245 2959 319 3032 sibi,
342 2963 468 3022 multum
482 2963 596 3037 diuque
610 2964 749 3036 miratus,
771 2964 855 3038 quod
870 2963 911 3022 ad
925 2978 960 3022 se
973 2961 1122 3034 venerint,

142 3045 220 3105 ridet
241 3061 377 3120 suasque
393 3047 478 3106 audit
494 3047 591 3121 magis
606 3062 678 3107 esse
693 3063 784 3122 quarn
799 3048 898 3107 sentit.
933 3046 1062 3107 Multum
1076 3051 1124 3106 est

141 3145 204 3189 non
226 3131 380 3205 corrumpi
401 3130 572 3191 divitiarum
593 3131 803 3192 contubernio.
834 3146 964 3206 magnus
979 3131 1046 3204 ille,
1070 3127 1124 3206 qui

102 3212 172 3273 liin
194 3214 306 3274 divitiis
330 3230 448 3290 pauper
467 3221 524 3275 est.
564 3214 708 3289 „Nescia
732 3215 851 3290 inquiS,
873 3214 1031 3290 quomodo
1048 3229 1125 3291 pau-

143 3306 288 3372 pertatem
310 3297 368 3358 iste
388 3301 503 3359 laturus
524 3298 576 3373 sit,
599 3297 670 3358 siin
686 3299 766 3358 illam
781 3298 949 3358 inciderit.“
979 3313 1039 3358 nec
1053 3313 1124 3374 ege,

141 3380 263 3456 Epicuri
279 3398 320 3442 an
334 3385 471 3443 aemulus
486 3382 547 3442 iste·
561 3397 680 3458 pauper
695 3389 925 3458 contempturus
940 3382 981 3443 sit
991 3381 1124 3457 divitias,

142 3466 168 3523 si
189 3465 218 3523 in
239 3466 307 3526 illas
329 3466 482 3527 inciderit:
505 3468 607 3543 itaque
627 3467 657 3524 in
677 3474 807 3542 utroque
827 3481 914 3527 mens
929 3465 1124 3528 aestimanda
