2468 3930
269 252 440 316 EPISTUL.
453 253 548 315 MOR.
568 252 641 316 LlB.
653 255 703 315 IX.
724 254 781 313 ΕΡ.
792 264 817 316 5.
841 263 912 330 (76.)
1019 254 1080 320 189
1166 202 1168 208 Ι

104 404 190 464 nulla
203 420 265 463 non
279 403 375 464 virtus
390 403 548 463 laborabit.
576 404 658 463 nulla
673 404 753 463 enim
767 404 897 465 obtineri
910 406 1035 481 poterit,
1053 408 1080 467 si

106 487 271 564 quicquam
290 493 378 547 extra
397 503 433 546 εε
450 487 629 561 respexerit.
663 486 794 562 quodsi
815 497 876 562 est,
902 489 1011 550 rationi
1032 506 1079 551 re·

104 578 231 647 pugnat,
245 585 284 630 ex
301 586 363 646 qua
377 571 503 631 virtutes
515 578 594 644 sunt,
610 577 641 630 et
649 572 777 646 veritati,
794 587 873 647 quac
885 571 953 633 sine
962 570 1080 633 ratione

106 671 169 716 non
193 661 255 714 ast=
286 669 497 729 quaecumque
522 660 623 714 autem
650 654 754 729 opinio
779 656 898 716 veritati
921 664 1080 731 repugnat,

104 739 185 798 ialse
199 743 254 798 est
299 738 406 797 Virum
421 737 534 798 bonurn
550 738 705 799 concedas
726 753 856 799 necesse
877 748 924 798 est
945 747 1122 802 summaeai

105 819 227 897 pietatis
244 837 317 895 erga
332 821 408 881 deos
420 837 500 881 esse.
522 819 626 895 itaque
638 821 783 895 quiequid
795 822 837 880 illi
847 821 967 898 accidit,
979 839 1079 900 aequo

105 903 206 965 animo
221 903 392 966 sustinebit.
412 905 489 964 sciet
502 903 582 963 enim
597 904 628 963 id
642 904 794 963 accidisse
808 905 876 979 lege
891 907 1003 981 divina,
1020 924 1081 983 qua

104 988 250 1049 universa
272 988 450 1062 procedunt.
479 988 563 1062 quod
584 987 611 1047 si
632 994 693 1061 est,
715 1004 808 1046 unum
828 987 871 1046 illi
886 989 999 1048 bonum
1014 991 1078 1064 erit,

105 1072 190 1148 quod
211 1071 382 1131 honestum.
410 1071 441 1130 in
460 1071 521 1131 hoc
542 1071 620 1130 enim
641 1071 775 1145 positum
797 1078 845 1130 εει
861 1078 892 1130 ει
908 1087 1017 1147 parere
1032 1074 1079 1133 dis

103 1171 163 1215 nec
183 1156 411 1215 excandescere
432 1155 471 1214 ad
490 1153 591 1214 subita
604 1169 661 1213 nec
676 1155 838 1229 deplorare
854 1163 967 1215 sortem
983 1171 1078 1229 suam,

103 1238 162 1300 sed
176 1238 326 1314 patienter
340 1239 483 1312 excipere
497 1239 591 1298 iatum
606 1245 636 1296 et
651 1238 751 1296 lacere
762 1236 919 1313 imperata.
943 1236 975 1298 Si
986 1239 1122 1298 ullumll

103 1321 187 1382 aliud
208 1329 257 1381 est
275 1321 388 1382 bonum
410 1337 502 1396 quam
513 1321 689 1393 honestum,
712 1329 858 1396 sequetur
873 1339 931 1382 nos
949 1321 1078 1382 aviditas

102 1405 193 1479 vitae,
209 1403 340 1466 aviditas
353 1421 454 1465 rerum
471 1405 561 1464 vitam
574 1405 793 1478 instruentium,
811 1406 896 1480 quod
913 1412 960 1466 εει
973 1404 1079 1464 intole-

102 1489 208 1562 rabile,
220 1489 507 1563 infinitumvagum.
526 1489 624 1548 solum
636 1503 710 1561 ergo
722 1488 837 1548 bonum
848 1489 1078 1563 esthonestum,

104 1571 155 1633 cui
179 1573 290 1634 modus
317 1580 374 1632 est.
416 1571 554 1632 Diximus
581 1573 709 1631 suturam
733 1570 890 1632 hominum
913 1572 1120 1633 felicioremto

103 1657 197 1717 vitam
215 1672 306 1731 quam
322 1656 465 1728 deorum,
483 1654 510 1715 si
525 1671 562 1715 ea
576 1653 658 1714 bona
672 1663 750 1727 sunt,
767 1672 898 1730 quorum
913 1657 1014 1716 nullus
1030 1656 1078 1715 dis

103 1755 180 1801 usus
195 1746 258 1814 εει,
274 1746 428 1813 tamquam
442 1738 588 1814 pecunia,
603 1738 752 1799 honores:
774 1737 862 1799 adice
877 1757 967 1821 nunc,
985 1739 1077 1816 quod,

104 1823 132 1884 si
152 1823 245 1884 modo
266 1825 385 1885 solutae
400 1822 582 1897 corporibus
597 1823 716 1882 animae
731 1830 868 1897 manent,
889 1824 1006 1885 felicior
1019 1824 1078 1883 illis

104 1913 203 1968 status
217 1912 312 1967 restat
327 1922 418 1981 quam
433 1915 494 1980 est,
514 1906 585 1965 dum
601 1915 762 1967 versantur
779 1907 966 1983 incorpore.
995 1905 1079 1981 atqui

104 1991 132 2050 si
150 1991 209 2050 ista
223 1991 304 2050 bona
318 1996 396 2063 suat,
413 1989 524 2063 quibus
539 2005 595 2064 per
609 2006 741 2066 corpora
754 1990 874 2065 utimur,
889 1991 1011 2051 emissis
1024 1991 1080 2050 erit

104 2073 205 2149 peius,
220 2073 305 2149 quod
321 2080 426 2134 eontm
443 2073 535 2132 tidem
550 2080 610 2145 εει,
632 2074 784 2133 feliciores
800 2090 871 2134 esse
885 2075 989 2134 liberis
1005 2075 1078 2134 etin

102 2155 280 2218 universum
301 2156 380 2218 datis
396 2159 498 2217 clusas
513 2164 543 2219 ει
558 2157 716 2217 obsessas.
760 2158 838 2217 lllud
853 2173 978 2233 quoque
993 2156 1121 2220 dixe-26

104 2253 183 2314 ram,
197 2241 225 2303 si
239 2241 321 2302 bona
336 2247 407 2300 sunt
423 2255 474 2312 εε,
494 2256 574 2316 quae
590 2247 649 2299 tarn
665 2237 779 2300 homiui
795 2242 972 2315 contingunt
986 2256 1077 2315 quam
1108 2274 1112 2283 ·

103 2324 196 2385 mutis
209 2324 404 2398 animalibus,
426 2331 457 2383 et
468 2333 550 2384 muta
564 2323 705 2382 animalia
719 2323 838 2382 beatam
851 2324 943 2383 vitam
959 2329 1077 2383 actura:

103 2406 191 2484 quod
209 2408 277 2470 fleri
295 2409 378 2469 nullo
396 2408 489 2468 modo
511 2413 622 2483 potest.
668 2405 774 2465 Omnia
795 2423 851 2482 pro
873 2404 1002 2466 honesto
1023 2420 1077 2479 pa·

102 2491 207 2551 tiendo
232 2496 316 2551 sunt:
350 2490 434 2566 quod
455 2508 516 2551 non
536 2498 601 2550 erat
621 2488 808 2563 iaciendum,
835 2491 861 2549 si
881 2496 966 2549 εεεει
985 2490 1079 2548 ullum

102 2574 186 2636 aliud
203 2575 316 2636 bonum
331 2590 423 2650 quam
436 2573 608 2636 honestum.
650 2574 751 2633 Haec
768 2573 941 2648 quamvis
956 2572 1078 2632 latius

103 2668 316 2721 exsecutus
339 2673 465 2719 essem
490 2657 614 2733 priori
640 2657 829 2732 epistula,
857 2655 1078 2717 constrinxi

101 2749 140 2803 et
158 2741 334 2802 breviter
355 2741 594 2817 percucurri.
638 2741 808 2816 Numquam
823 2749 923 2802 autem
936 2756 1010 2800 vera
1025 2738 1121 2799 tibia?

102 2825 208 2900 opinio
229 2825 298 2886 talis
313 2823 478 2898 videbitur,
499 2824 557 2885 nisi
574 2825 706 2884 animum
720 2825 846 2885 adleves
861 2831 891 2884 ει
906 2833 936 2884 ιε
949 2825 1019 2899 ipse
1033 2824 1077 2883 in-

100 2915 249 2983 terroges,
265 2909 293 2969 si
306 2923 356 2968 res
372 2909 516 2983 exegerit,
531 2915 565 2967 ut
577 2924 634 2984 pro
649 2909 747 2983 patria
757 2907 896 2968 moriaris
908 2918 939 2968 et
949 2909 1077 2968 salutem

102 2992 238 3055 omnium
253 2990 364 3052 civium
378 2998 431 3052 tua
444 2991 586 3066 redimas,
602 3009 639 3051 an
656 3000 853 3067 porrecturus
868 2991 911 3051 sis
927 2992 1077 3051 cervicem

101 3092 164 3136 non
176 3083 292 3137 mnurm
306 3077 469 3150 patienter,
486 3076 541 3134 sed
559 3077 648 3136 etiam
662 3075 806 3136 libenter:
826 3076 853 3133 si
866 3074 926 3133 hoc
941 3076 1077 3135 facturus

100 3175 146 3234 εε,
166 3160 282 3220 nullum
294 3159 377 3219 aliud
389 3160 503 3220 bonum
518 3166 575 3221 εει.
597 3160 699 3220 omnia
709 3160 789 3219 enim
800 3157 956 3233 relinquis,
973 3163 1005 3215 ut
1018 3155 1077 3214 hoc

101 3243 230 3305 babeas.
273 3242 354 3302 Vide
369 3250 484 3318 quanta
497 3243 546 3304 vis
559 3241 681 3303 honesti
695 3242 749 3303 sit:
772 3258 827 3317 pro
841 3239 999 3315 republica
1013 3255 1076 3298 mo·

100 3324 206 3400 cieris,
226 3326 346 3387 etiamsi
361 3327 460 3388 statim
475 3328 611 3387 iacturas
630 3325 690 3386 hoc
711 3323 785 3398 eris,
807 3340 876 3384 oum
897 3323 1003 3382 scieris
1023 3320 1077 3382 tibi

100 3425 174 3471 cese
194 3410 378 3472 iaciendum.
421 3411 574 3471 interdum
594 3425 634 3470 ex
653 3425 688 3469 re
709 3407 911 3484 pulcherrima
934 3410 1120 3480 magnumass

99 3493 249 3568 madium
261 3494 351 3556 ειιειιι
366 3495 478 3570 exiguo
492 3503 629 3570 tempore
641 3509 678 3553 ac
689 3491 776 3554 brevi
787 3492 914 3568 capitur,
929 3497 960 3551 ει
971 3507 1076 3568 quam-
