2468 3930
218 216 785 279 uetswt.aton.ttu.xv.ts1>.a
808 225 821 294 (
857 221 879 289 .)
975 218 1038 285 297

55 370 234 443 crescendi,
257 370 326 432 cum
347 368 406 432 sibi
419 368 473 432 uni
487 386 595 445 parum
610 386 738 446 magnus
752 371 915 433 videretur.
960 374 1039 448 Quid

55 455 222 516 Caesarem
236 455 268 513 in
284 471 341 515 sua
356 455 418 515 fata
431 455 545 530 pariter
559 470 595 515 ac
607 454 731 530 publica
742 455 876 516 inmisitt
897 457 995 531 gloria
1010 466 1039 518 et

55 539 182 600 ambitio
196 545 227 599 ct
242 539 343 599 nullus
365 555 460 614 supra
481 545 600 599 ceteros
622 539 776 600 eminendi
796 541 916 603 modus.
944 557 1039 601 unum

55 629 129 684 ante
143 639 178 684 se
195 623 274 682 ferre
289 639 351 683 non
367 622 479 697 potuit,
503 639 571 683 cum
589 623 764 699 respublica
786 641 881 700 supra
899 629 934 686 sc
959 626 1038 687 duos

55 709 159 768 ferret.
204 706 297 781 Quid,
319 713 352 767 tu
367 706 401 766 G.
416 706 544 766 Marium
558 708 654 767 semel
670 710 837 782 consulem,
852 725 944 769 unum
960 710 1038 769 enim
1047 709 1081 767 66

57 791 249 852 consulatum
268 790 401 866 accepit,
427 797 546 851 ceteros
566 791 680 865 rapuit,
701 807 769 851 curn
790 792 947 854 Teutonos
962 793 1038 854 clm·
1073 866 1076 871 ¹

56 875 195 950 brosque
215 874 404 948 concideret,
427 890 495 935 cum
509 874 683 949 Iugurtham
705 890 761 950 per
772 873 897 935 Africae
918 877 1041 939 deserta

56 965 248 1035 sequeretur,
264 965 309 1019 tot
324 959 458 1033 pericula
473 965 563 1034 putas
577 959 734 1034 adpetisse
745 959 864 1020 virtutis
875 958 1041 1020 instinctui

55 1042 172 1103 Marius
203 1044 371 1115 exercitus,
402 1042 530 1102 Marium
557 1041 678 1102 ambitio
705 1042 845 1103 ducebat.
888 1043 942 1104 Isti
971 1055 1081 1112 cumen

58 1125 163 1188 omnia
183 1132 396 1200 concuterent,
417 1127 668 1187 concutiebantur
687 1126 839 1186 turbinum
861 1143 962 1202 more,
988 1125 1040 1201 qni

55 1217 146 1285 raptu
157 1211 352 1284 convolvunt,
364 1210 420 1270 sed
433 1208 494 1285 ipsi
506 1217 576 1270 ante
589 1211 752 1270 volvuntur
763 1216 793 1270 ct
804 1208 844 1269 ob
855 1209 916 1271 hoc
925 1210 1040 1271 maiore

56 1295 163 1369 inpetu
177 1293 342 1366 incurrunt,
360 1294 431 1369 quia
444 1295 559 1353 nullum
570 1292 629 1353 illis
641 1293 688 1353 sui
699 1291 835 1368 regimen
848 1302 895 1354 εει
905 1294 1040 1369 ideoque

56 1393 125 1438 cum
144 1378 247 1438 multis
262 1377 383 1438 fuerunt
397 1379 494 1452 malo,
515 1376 691 1452 pestiferam
706 1377 787 1436 illam
802 1376 878 1451 vim,
896 1394 958 1453 qua
975 1379 1039 1453 ple·

55 1460 164 1536 risque
184 1466 367 1535 nocuerunt,
393 1460 453 1536 ipsi
475 1476 600 1536 quoque
620 1462 763 1522 sentiunt.
789 1460 873 1522 ,Non
889 1467 938 1522 est
955 1461 1040 1536 quod

57 1546 167 1606 credas
184 1561 368 1620 quemquam
384 1543 451 1604 fieri
465 1545 565 1604 aliena
578 1545 753 1606 infelicitate
767 1545 897 1604 felicem.
933 1544 1081 1605 Omnino&

56 1627 116 1689 ista
128 1630 285 1704 exempla,
309 1644 389 1704 quae
404 1629 501 1689 oculis
519 1636 610 1703 atque
624 1628 751 1689 auribus
768 1628 883 1690 nostris
897 1628 1038 1704 ingerun-

58 1719 120 1785 tur,
140 1712 309 1772 retexenda
329 1719 401 1772 sunt
421 1720 451 1772 et
473 1714 596 1788 plenum
616 1713 705 1773 malis
720 1712 914 1774 sermonibus
929 1719 1039 1789 pectus

56 1794 312 1856 exhauriendum:
342 1795 517 1856 inducenda
540 1797 572 1856 in
597 1804 781 1873 occupatum
804 1796 906 1858 locum
934 1796 1039 1871 virtus,

58 1895 138 1954 quae
152 1880 312 1941 mendacia
327 1887 357 1940 et
371 1887 478 1940 contra
493 1896 598 1941 verum
612 1882 764 1956 placentia
779 1882 944 1956 exstirpet,
959 1895 1040 1956 quae

56 1979 114 2024 nos
139 1981 158 2024 a
181 1965 309 2039 populo,
338 1965 386 2024 cui
407 1964 495 2024 nimis
518 1965 687 2038 credimus,
710 1971 890 2040 separatae
911 1965 1039 2025 sinceris

57 2045 254 2122 opinionibus
275 2047 391 2108 reddat.
419 2047 479 2108 hoc
500 2055 548 2108 est
568 2049 648 2108 enim
668 2047 833 2123 sapientia,
856 2049 887 2108 in
902 2056 1040 2111 naturam

57 2131 196 2193 converti
217 2140 246 2192 ει
269 2147 306 2191 εο
331 2132 464 2203 restitui,
490 2132 572 2191 unde
599 2131 740 2207 publicus
767 2147 853 2192 error
879 2131 1039 2207 expulerit.

55 2215 169 2290 Magna
182 2231 255 2290 pars
271 2214 408 2276 sanitatis
424 2221 472 2274 est
484 2214 658 2276 hortatores
678 2215 816 2276 insaniae
830 2214 995 2290 reliquisse
1010 2214 1040 2274 in
1048 2217 1083 2275 69

55 2299 115 2359 isto
138 2297 220 2380 coitu
242 2298 371 2360 invicem
392 2300 487 2360 noxio
509 2304 557 2372 [ct]
580 2298 688 2374 procul
705 2299 818 2359 abisse.
847 2298 906 2357 hoc
921 2306 955 2359 nt
969 2314 1041 2358 esse

56 2399 165 2447 verum
180 2383 277 2457 scies,
298 2383 441 2458 adspice,
465 2389 579 2459 quanto
594 2381 682 2443 aliter
694 2381 910 2457 unusquisque
924 2384 1039 2457 populo

58 2466 148 2539 vivat,
167 2467 255 2528 aliter
269 2465 337 2527 sibi.
359 2483 421 2526 non
436 2473 483 2527 est
505 2482 559 2542 per
574 2482 609 2526 se
624 2465 769 2541 magistra
782 2465 976 2526 innocentiae
990 2480 1041 2525 so·

56 2551 153 2611 litudo
179 2567 237 2611 nec
261 2551 462 2626 frugalitatem
485 2550 598 2612 docent
621 2566 707 2623 rura,
734 2549 790 2609 sed
814 2549 867 2611 ubi
891 2548 978 2609 testis
1005 2564 1041 2609 ac

57 2641 216 2710 spectator
230 2635 392 2708 abscessit,
408 2635 479 2694 vitia
493 2633 672 2706 subsidunt,
689 2649 819 2709 quorum
834 2632 997 2693 monstrari
1011 2638 1042 2692 et

57 2719 196 2793 conspici
217 2720 333 2778 fructus
356 2726 412 2778 est.
457 2718 530 2792 Quis
552 2735 635 2794 eam,
659 2734 750 2794 quam
764 2717 838 2778 nulli
857 2716 1040 2790 ostenderet,
1048 2722 1084 2782 to

56 2799 155 2862 induit
175 2809 365 2877 purpuram?
393 2802 463 2877 quis
485 2803 588 2877 posuit
602 2809 752 2863 secretam
766 2802 797 2861 in
815 2818 889 2862 auro
907 2801 1041 2875 dapeme

58 2885 128 2961 quis
148 2887 207 2948 sub
228 2886 357 2947 alicuius
378 2887 503 2947 arboris·
511 2886 644 2946 rusticae
660 2884 817 2962 proiectus
831 2883 939 2945 umbra
953 2886 1041 2945 luxu·

56 2968 121 3030 riae
149 2985 226 3031 suae
251 2986 395 3046 pompam
422 2972 508 3031 solus
534 2968 701 3045 explicuita
733 2986 822 3030 nemo
850 2968 947 3029 oculis
976 2969 1040 3030 suis

57 3053 158 3115 lautus
173 3060 236 3128 est,
251 3070 291 3114 ne
307 3069 475 3129 paucorum
490 3054 613 3128 quidem
628 3062 679 3114 aut
693 3053 893 3123 familiarium,
916 3051 973 3112 sed
987 3051 1040 3111 ad-

56 3145 196 3212 paratum
225 3137 365 3198 vitiorum
392 3153 519 3198 suorum
548 3153 603 3212 pro
630 3137 722 3198 modo
744 3136 850 3196 turbae
874 3133 1041 3209 spectantis

56 3221 214 3303 expandit.
250 3222 295 3281 Ita
312 3228 375 3283 esta
397 3221 619 3282 inritamentum
634 3229 682 3280 est
697 3220 840 3292 omniurn,
855 3219 885 3278 in
903 3233 984 3292 quae
997 3218 1041 3276 in·
1049 3219 1078 3278 71

57 3305 204 3378 sanimus,
220 3305 385 3366 admirator
399 3313 429 3367 et
444 3303 604 3365 conscius:
627 3319 666 3362 ne
681 3302 954 3378 concupiscamus,
976 3299 1040 3361 elfi-

58 3387 133 3462 cies,
150 3391 177 3451 si
192 3405 232 3449 ne
251 3390 450 3450 ostendamus
465 3387 616 3449 effeceris.
637 3385 760 3447 ambitio
775 3394 804 3447 et
819 3385 939 3446 luxuria
954 3391 984 3445 ct
996 3384 1041 3443 in·

56 3473 198 3548 potentia
214 3487 338 3537 scenam
354 3471 545 3535 desiderant:
567 3470 691 3533 sanabis
706 3468 774 3547 ista,
791 3469 818 3532 si
829 3467 1041 3531 absconderis.
