2468 3930
228 221 397 284 EPISTUL.
413 221 506 283 MOR.
529 221 719 283 itmxvlss.
741 222 798 282 ΕΡ.
815 233 839 284 1.
862 231 950 300 (104.)
1019 225 1081 290 341

101 374 311 438 subducimur.
344 375 460 436 Horum
474 373 547 433 nihil
563 373 712 449 cogitabis
727 390 784 434 nec
801 376 937 437 remedia
950 377 1081 438 volneri·

100 461 160 523 bus
181 459 331 534 obpones.
363 460 420 519 sed
439 461 508 533 ipsc
528 458 581 518 tibi
602 474 689 519 seres
709 459 945 520 sollicitudinum
971 477 1082 524 causas

100 545 160 605 alia
175 543 347 620 sperando,
368 544 427 602 alia
441 542 651 616 desperando:
676 543 702 602 si
724 543 825 618 sapis,
849 545 974 607 alterum
997 547 1082 606 alteri

100 629 230 690 misces=
252 642 309 686 nec
325 625 499 701 speraveris
513 626 580 686 siue
595 625 810 701 desperatione
825 643 882 688 nec
894 630 1081 704 desperave

99 711 143 774 ris
159 711 227 771 sinc
242 726 309 786 spe.
343 710 420 784 Quid
435 725 540 785 perse
557 711 759 785 peregrinatio
774 712 927 786 prodesse
943 716 1083 790 cuiquam
1093 719 1125 773 m

101 796 220 873 potuit?
245 811 306 856 non
329 795 502 870 voluptates
526 793 578 853 illa
596 795 791 869 temperavit,
816 811 876 855 non
901 799 1083 872 cupiditates

100 879 281 953 refrenavit,
305 895 366 939 uon
384 879 446 938 iras
467 879 630 953 repressit,
653 894 714 939 non
729 879 893 941 indomitos
910 883 1024 942 amoris
1039 883 1083 941 in·

101 971 193 1040 petus
212 963 316 1038 tregit:
337 963 421 1023 nulla
437 962 571 1036 denique
585 962 687 1022 animo
703 964 781 1023 mala
796 963 909 1022 eduxit.
929 980 990 1024 uon
1006 965 1082 1025 iudi-

102 1048 182 1109 cium
199 1047 292 1121 dedit,
308 1062 369 1108 non
387 1046 534 1107 discussit
552 1061 701 1120 errorem,
718 1048 774 1107 sed
789 1055 822 1107 ut
836 1063 964 1122 puerum
979 1049 1084 1123 ignota

102 1130 263 1192 mirantem
278 1132 318 1190 ad
332 1132 426 1191 breve
440 1138 560 1205 tempus
575 1146 675 1190 rerum
688 1131 791 1206 aliqua
802 1132 935 1191 novitate
947 1132 1082 1192 detinuit.

102 1221 236 1276 ceterum
257 1214 490 1276 inconstantiam
509 1215 633 1289 mentis,
661 1230 741 1288 quae
762 1215 1005 1290 maxime'aegra
1027 1223 1082 1289 est,
1096 1221 1126 1278 14

101 1298 236 1373 lacessit,
252 1299 442 1360 mobiliorem
457 1298 664 1373 levioremque
678 1298 779 1358 reddit
792 1299 862 1375 ipsa
875 1299 1006 1360 iactatio¹
1029 1300 1082 1359 ita-

102 1399 178 1459 que,
201 1398 281 1458 quae
296 1382 444 1458 petierant
461 1381 659 1456 cupidissime
672 1384 757 1455 loca,
780 1382 922 1458 cupidius
938 1382 1085 1444 deserunt

102 1474 133 1528 et
158 1467 260 1529 avium
291 1467 384 1528 modo
409 1467 600 1527 transvolant
627 1465 778 1541 citiusque
806 1482 899 1541 quam
928 1473 1102 1541 venerant,

102 1550 224 1611 abeunt.
267 1549 472 1625 Peregrinatio
494 1550 629 1610 notitiam
645 1549 728 1610 dabit
747 1551 896 1625 gentium,
918 1550 1125 1612 novastibi15

101 1635 248 1697 montium
269 1635 383 1694 formas
400 1634 555 1704 ostendet,
576 1633 731 1694 invisitata
747 1634 847 1709 spatia
862 1650 1038 1709 camporum
1054 1645 1084 1697 et

100 1718 238 1794 inriguas
259 1716 445 1792 perennibus
468 1719 557 1792 aquis
577 1718 688 1792 valles,
714 1719 841 1779 alicuius
868 1718 1000 1780 fluminis
1025 1720 1083 1780 sub

102 1802 318 1863 observatione
340 1809 490 1862 naturame
520 1801 586 1862 sive
606 1809 640 1864 ut
652 1802 737 1862 Nilus
759 1803 876 1864 aestivo
896 1805 1082 1865 incremento

103 1893 205 1960 tumet,
222 1887 287 1947 sive
302 1893 334 1946 ut
344 1885 441 1961 Tigris
457 1886 582 1960 eripitur
596 1903 635 1946 ex
651 1886 748 1947 oculis
763 1895 793 1948 et
809 1896 877 1948 acto
894 1882 949 1963 per
963 1889 1084 1949 occulta

103 1985 197 2031 cursu
216 1971 352 2045 integrae
373 1969 571 2045 magnitudini
592 1971 744 2045 redditur,
771 1971 838 2031 sive
857 1978 891 2032 ut
906 1973 1083 2044 Maeander,

102 2063 263 2128 poetarum
278 2052 412 2114 omnium
429 2054 604 2115 exercitatio
620 2062 650 2116 et
665 2055 771 2130 ludus,
790 2056 952 2130 inplicatur
967 2055 1083 2116 crebris

102 2137 290 2199 anfractibus
305 2145 336 2199 et
351 2153 445 2213 saepe
461 2137 491 2198 in
506 2137 639 2198 vicinum
656 2140 742 2198 alveo
759 2156 816 2199 suo
832 2138 983 2214 admotus,
1000 2147 1082 2198 antc-

103 2238 195 2296 quam
211 2222 268 2281 sibi
286 2221 405 2294 induat,
430 2220 576 2282 flectitur=
599 2229 732 2282 ceterum
752 2238 852 2298 neque
867 2223 1023 2283 meliorem
1041 2224 1053 2280 l
1072 2255 1083 2263 -

102 2306 278 2381 cietueque
293 2307 455 2366 saniorem.
499 2306 605 2366 lnter
625 2306 756 2366 studia
777 2306 1009 2365 versandum
1024 2310 1126 2366 est16

102 2389 451 2450 etinterauctores
467 2388 702 2469 sapientiae,
718 2396 750 2448 ut
766 2388 1082 2463 quaesitadiscamus,

102 2474 240 2534 noudum
262 2474 387 2535 inventa
407 2489 607 2549 quaeramus:
629 2473 674 2532 sic
699 2472 880 2532 eximendus
901 2472 1021 2531 animus
1044 2488 1084 2531 ex

101 2556 273 2617 miserrima
298 2559 443 2620 servitute
473 2558 503 2617 in
532 2557 699 2639 libertatern
729 2557 889 2618 adseritur.
934 2556 1084 2629 Quamdiu

103 2641 228 2716 quidem
243 2643 407 2716 nescieris,
431 2642 503 2718 quid
518 2639 711 2716 fugiendum,
728 2641 801 2716 quid
820 2640 992 2715 petendum,
1010 2640 1084 2714 quid

101 2727 327 2800 necessarium,
351 2726 423 2802 quid
440 2740 681 2801 supervacuum,
706 2725 779 2801 quid
793 2726 918 2798 iustum,
941 2722 1012 2801 quid
1028 2724 1082 2786 ho-

101 2815 222 2868 nestum
238 2811 285 2883 sit,
302 2827 361 2871 non
378 2811 434 2871 erit
447 2810 507 2870 hoc
522 2810 719 2885 peregrinari,
738 2810 795 2870 sed
811 2825 923 2870 errare.
965 2809 1083 2869 Nullam
1092 2817 1125 2872 17
1221 2882 1223 2886 ¹

103 2891 155 2953 tibi
170 2908 261 2968 opem
276 2897 353 2955 feret
367 2895 425 2954 isle
441 2894 614 2955 discursus:
639 2894 842 2969 peregrinaris
857 2894 936 2954 enim
950 2909 1018 2953 cum
1029 2894 1082 2954 ad-

101 2975 233 3037 fectibus
250 2979 308 3039 tuis
324 2985 353 3038 et
366 2979 446 3038 mala
459 2986 489 3039 te
504 2986 555 3038 tua
570 2985 753 3054 sequuntur:
770 2978 885 3038 ulixem
898 2978 1021 3052 quidem
1036 2992 1082 3037 se-

101 3068 281 3135 querentur!
310 3063 431 3138 longius
453 3061 612 3122 abessent:
635 3078 716 3122 nunc
736 3062 798 3120 lers
820 3062 884 3134 illa,
906 3076 967 3119 non
986 3060 1083 3119 ducis.

100 3145 206 3220 itaque
228 3146 343 3222 ubique
363 3154 393 3207 te
414 3153 555 3221 premunt
574 3152 604 3206 et
617 3146 742 3221 paribus
758 3143 960 3204 incommodis
977 3150 1083 3204 urunt=

101 3229 254 3291 medicina
269 3246 374 3306 aegro,
394 3247 455 3290 uon
470 3228 752 3306 regioquaereuda
772 3235 828 3287 est.
856 3227 958 3302 Fregit
972 3226 1083 3300 aliquis
1094 3233 1127 3286 18

101 3327 173 3373 crus
199 3321 251 3374 aut
277 3315 405 3376 extorsit
429 3314 603 3374 articulum=
629 3330 691 3374 non
714 3311 887 3371 vehiculum
912 3325 1084 3384 navemque

103 3398 292 3471 conscendit,
306 3399 363 3462 sed
374 3398 506 3459 advocat
520 3398 681 3471 medicum,
694 3404 728 3458 ut
740 3397 836 3456 tracta
848 3410 920 3470 pars
931 3395 1082 3468 iungatur,

101 3486 135 3540 ut
154 3483 259 3542 luxata
277 3483 431 3543 inlocum
453 3487 637 3557 reparatura
661 3479 735 3556 quid
757 3486 852 3555 ergo?
879 3478 1010 3539 animum
1038 3484 1084 3538 tot
