2468 3930
305 209 475 271 EPISTUL.
487 211 581 273 MOR.
602 211 675 271 LlB.
690 212 712 271 Ι.
734 211 791 272 ΕΡ.
804 221 831 275 8.
847 221 873 275 9.
1035 211 1077 278 15

99 363 183 424 enim
194 362 295 438 ipsum
307 359 523 436 philosophiae
536 361 652 422 servire
662 361 786 422 libertas
801 369 857 423 est.
888 362 992 425 Potest
1002 361 1110 439 fieris

99 453 133 507 ut
148 461 197 506 mo
211 445 397 518 interroges,
417 459 512 519 quare
526 444 564 504 ab
578 444 712 520 Epicuro
727 452 786 506 tam
802 449 896 507 multa
908 447 988 507 bene
1000 447 1081 508 dirta

99 531 232 590 referam
255 528 465 603 potiusquam
482 535 671 590 nostrorum:
694 529 769 604 quid
783 537 961 604 esttamen,
984 547 1081 605 quaro

100 621 134 673 tu
154 614 230 673 istas
243 611 369 686 Epicuri
384 626 480 672 voees
496 619 585 686 putes
600 627 687 685 esse,
709 628 771 673 nou
785 613 947 688 publieast
984 614 1079 688 Quam

101 697 188 757 multi
206 699 317 772 poetae
338 695 456 767 dieunt,
477 710 559 770 quae
573 695 766 770 philosophis
782 703 834 758 aut
846 696 928 758 diota
943 705 1015 758 sunt
1028 705 1081 758 aut

102 781 249 842 dieendat
274 794 334 839 non
350 779 504 853 adtingam
517 777 651 853 tragicos
667 795 724 839 nee
735 786 855 854 togatas
867 788 999 842 nostras.
1026 781 1079 842 lra-

101 864 175 925 bent
189 863 270 924 enim
283 861 342 921 hae
353 877 479 937 quoque
493 862 608 937 aliquid
623 863 794 924 severitatis
808 871 839 925 et
852 872 924 926 sunt
937 865 1015 926 inter
1027 880 1078 925 oo·

101 946 242 1009 moadiae
257 961 295 1005 ao
306 945 483 1020 tragoedias
498 945 627 1005 mediae.
650 954 795 1019 quantum
809 947 1080 1008 disertissimorum

102 1047 250 1093 versuum
264 1029 342 1089 inter
355 1028 463 1089 mimos
477 1029 570 1090 iaoett
579 1043 670 1102 quarn
677 1030 965 1092 muitaPubtitiinon
978 1033 1079 1092 excal-

104 1115 214 1188 ceatis,
233 1113 290 1174 sed
304 1112 492 1173 eothurnatis
508 1112 638 1172 dicenda
649 1120 734 1173 sunt!
757 1112 857 1173 Unum
870 1130 992 1174 versum
1004 1115 1109 1188 eius‚9

105 1199 157 1274 qui
178 1198 219 1258 ad
238 1195 467 1272 philosophiam
488 1195 618 1271 pertinet
638 1203 668 1255 et
687 1195 728 1256 ad
747 1195 827 1257 hane
847 1203 978 1270 partem,
1001 1212 1081 1270 quae

104 1281 200 1344 modo
220 1280 276 1340 suit
293 1281 324 1340 in
344 1279 500 1352 manibus,
529 1278 675 1352 referam,
704 1294 764 1354 qno
789 1286 881 1356 negat
904 1280 1027 1340 fortuita
1050 1280 1081 1338 in

104 1372 211 1427 nostro
229 1363 384 1424 habenda:

190 1450 321 1509 alanum
333 1453 377 1508 ert
389 1463 488 1519 omne,
508 1448 651 1520 quicquid
663 1449 792 1522 opmndo
804 1451 906 1510 evenit.

105 1533 194 1593 Hune
210 1547 335 1592 versum
355 1536 419 1590 ate
433 1529 493 1590 diei
507 1545 569 1590 non
583 1531 675 1604 paulo
691 1533 814 1607 melius,
836 1533 893 1594 sed
907 1531 1081 1594 adstrictius
1090 1542 1123 1596 to

105 1631 243 1677 mammis

190 1699 258 1760 Non
270 1704 315 1760 est
328 1704 424 1772 tuum,
443 1697 571 1771 fortuna
585 1697 665 1771 qood
673 1698 750 1772 fecit
761 1706 850 1760 tuom.

107 1784 184 1844 lllud
200 1783 372 1842 etiamnunc
389 1782 496 1843 melius
511 1779 626 1840 dietum
641 1796 660 1840 a
675 1788 704 1842 te
719 1799 779 1843 non
795 1783 983 1858 praeteribo=

190 1867 263 1928 dori
274 1867 380 1928 mum
393 1866 591 1941 praepatuit,
612 1864 735 1938 auferri
742 1874 846 1943 potest.

107 1951 173 2012 Hoo
188 1965 249 2010 non
263 1950 369 2026 inputo
385 1951 416 2009 in
431 1950 564 2010 solutum
579 1947 618 2008 de
632 1957 685 2011 tuo
701 1949 762 2010 tibi.
797 1951 884 2039 Vale.

448 2083 664 2142 EPISTULA
690 2086 737 2141 lx.

361 2178 472 2232 Seneca
489 2181 601 2233 Lucrino
621 2193 673 2233 suo
693 2194 831 2234 sanuruu.

169 2283 1110 2361 AnmeritoreprehendatinquadamepistulaEpi-t

108 2384 225 2429 eurus
247 2383 330 2441 eoo,
352 2368 416 2442 qui
439 2367 574 2428 dieunt
593 2368 810 2442 sapientem
832 2369 976 2442 seipso
994 2384 1084 2430 esse

107 2457 331 2513 contentum
352 2458 388 2512 et
403 2451 786 2526 propterhoeamioo
802 2467 875 2510 non
891 2451 1083 2526 indigere,

108 2535 270 2597 desideras
291 2535 382 2595 scire.
421 2535 488 2597 Hoc
503 2533 633 2596 obicitur
648 2533 778 2595 Stilboni
791 2535 829 2595 ab
843 2533 977 2610 Epicuro
990 2542 1022 2596 et
1037 2535 1084 2608 iis,

108 2620 219 2695 quibus
234 2635 385 2680 summum
397 2617 511 2680 bonum
525 2617 623 2680 visum
638 2626 687 2679 est
707 2618 854 2681 animus
874 2619 1083 2695 inpatiens.

106 2703 139 2764 In
154 2701 380 2778 ambiguitatem
395 2702 588 2764 incidendum
604 2711 664 2777 est,
679 2702 707 2763 si
718 2704 888 2778 exprimere
903 2703 1111 2779 apathiona

107 2803 169 2848 uno
194 2786 292 2850 verbo
319 2786 378 2847 rito
403 2786 590 2848 voluerimus
616 2795 646 2847 et
672 2787 942 2862 inpatientiam
971 2787 1083 2847 dicere.

107 2871 220 2946 poterit
246 2869 328 2930 enirn
354 2868 538 2932 eontrarium
559 2870 602 2944 ei,
632 2870 714 2945 quod
737 2871 912 2946 significare
933 2871 1083 2943 volumus,

107 2953 256 3029 intertegt=
286 2970 344 3014 nos
364 2969 434 3016 eum
456 2955 596 3015 volumus
616 2954 733 3028 dicere,
763 2953 816 3030 qui
836 2962 964 3030 respuat
985 2954 1084 3016 omnis

107 3039 179 3099 mali
199 3052 337 3099 sensum.
367 3038 534 3114 accipietur
553 3039 595 3111 is,
617 3037 669 3113 qui
685 3039 799 3099 nullum
814 3040 893 3100 terre
908 3039 1009 3114 possit
1021 3051 1083 3096 ma-

106 3123 178 3184 lum.
208 3121 281 3182 vide
302 3137 391 3197 ergo,
415 3138 488 3183 num
508 3122 604 3182 satius
625 3120 665 3182 sit
688 3129 740 3182 aut
763 3120 1085 3184 involuerabilem

107 3205 271 3266 animum
300 3205 417 3279 dicere,
445 3213 497 3267 aut
525 3206 685 3266 animum
710 3211 820 3266 extra
848 3220 990 3265 omnem
1017 3218 1085 3278 pa-

108 3287 285 3351 tientiam
313 3289 494 3364 positum.
536 3291 603 3349 Hoa
627 3290 782 3350 internos
804 3286 924 3349 atilios
945 3287 1114 3347 interest=3

108 3380 216 3435 noster
235 3373 363 3449 sapiens
384 3371 477 3434 vineit
496 3373 619 3449 quidem
644 3372 869 3433 incommodum
895 3386 999 3444 omne,
1029 3368 1086 3439 sed

109 3455 208 3521 sentit.
232 3457 353 3521 illorum
368 3472 406 3517 ne
421 3457 513 3519 sentit
527 3457 659 3533 quidem.
692 3457 769 3517 Illud
782 3453 871 3517 nobis
886 3462 916 3517 et
929 3455 988 3514 illis
1004 3469 1084 3516 oom-
