2468 3930
202 226 265 291 ssa
502 227 534 286 n.
549 226 703 287 annam
718 224 893 287 sannam
998 175 1006 190 ⁶

202 378 322 440 honesti
338 378 512 450 dissuasor,
534 376 681 451 excipiat:
705 377 796 452 pauci
810 377 904 450 illam,
922 393 1013 452 quam
1029 394 1186 456 concepe-

172 469 270 526 arant
282 468 423 535 mentem,
441 461 563 520 domum
579 461 715 535 perierre
730 468 904 535 potuerunt.
948 460 1051 521 Facile
1066 471 1116 524 est
1129 480 1184 527 au-

203 547 330 606 ditorem
356 544 508 604 concitare
533 544 572 602 ad
596 545 792 618 cupiditatem
816 545 900 603 recti.
934 543 1077 607 omnibus
1103 548 1185 610 enim

202 636 309 688 natura
325 629 521 688 fundamenta
543 627 628 687 dedit
647 643 814 702 semenque
834 627 987 688 virtutum.
1013 645 1124 691 omnes
1145 632 1183 693 ad

202 709 304 773 omniu
318 712 376 771 ista
392 714 453 772 nati
469 726 589 770 sumus:
617 726 685 770 cum
706 711 842 772 inritator
862 712 1010 784 accessit,
1037 721 1112 774 tunc
1133 715 1184 777 illu

203 795 294 856 animi
308 795 390 856 bona
404 793 499 854 veluti
514 795 614 870 sopita
628 795 807 855 excitantur.
836 795 902 854 Non
920 796 1019 870 vides,
1034 799 1182 873 quemad-

203 878 327 939 modum
338 879 455 938 theatra
466 884 645 952 consonent,
653 880 794 954 quotiens
806 877 910 953 aliqua
920 879 999 939 dicta
1012 889 1092 954 sunt,
1103 897 1182 957 quae

202 961 325 1038 publice
339 962 557 1038 adgnoscimus
572 968 602 1021 et
617 977 773 1023 consensu
786 978 861 1023 vcra
874 977 946 1023 esse
961 971 1132 1025 testemur?

174 1058 191 1112 9
327 1046 439 1107 Desunt
453 1048 571 1121 inopine
584 1049 685 1120 multu,
700 1049 845 1107 avaritiae
856 1049 964 1107 omnm.

327 1131 366 1191 Ιιι
381 1133 494 1191 nullom
508 1146 618 1190 cuorus
632 1132 722 1191 bonta
736 1137 786 1205 cst,
801 1134 832 1192 itt
846 1149 878 1191 sc
889 1134 1044 1206 pessimus.

202 1214 242 1273 ad
256 1214 314 1275 hos
330 1231 440 1274 versus
455 1215 504 1273 ille
518 1213 750 1274 sordidissimus
765 1213 882 1290 plaudit
896 1222 927 1275 et
939 1214 1020 1275 vitiis
1037 1216 1105 1278 suis
1116 1217 1182 1277 lieri

203 1298 375 1358 convicium
387 1297 513 1372 gaudet:
530 1303 644 1371 quanto
656 1293 823 1372 mugisboc
834 1296 952 1358 iudicas
964 1300 1099 1375 evenire,
1115 1316 1182 1361 cum

203 1397 221 1440 a
242 1381 426 1457 philosopho
446 1380 505 1440 ista
526 1380 680 1454 dicuntur,
707 1395 775 1441 cum
800 1382 1044 1443 salutaribus
1071 1400 1181 1459 prae·

204 1465 330 1540 ceptis
360 1480 500 1523 versus
529 1464 770 1538 inseruntur,
803 1465 1016 1526 eiiicacius
1047 1469 1179 1529 eadem

163 1549 270 1616 10illa
286 1545 493 1608 demissuri
506 1546 543 1606 in
560 1547 721 1608 animum
738 1549 1013 1624 inperitorum?
1034 1542 1181 1626 „namur

204 1631 326 1692 dicebat
341 1631 518 1704 Cleanthes,
541 1633 796 1706 quemadmodum
812 1632 937 1707 spiritus
952 1641 1060 1695 noster
1074 1634 1179 1696 clario

203 1731 266 1775 rem
289 1730 399 1775 sonum
419 1714 535 1788 reddit,
558 1730 626 1774 eum
641 1715 723 1776 illum
742 1716 815 1776 tuba
830 1732 886 1791 per
899 1718 983 1793 longi
998 1718 1115 1779 canalis
1129 1735 1179 1779 au·

203 1798 320 1873 gustias
345 1805 473 1859 tractum
498 1798 668 1873 patentiore
688 1799 855 1860 novissime
879 1799 962 1862 exilu
986 1800 1110 1878 effudit,
1136 1802 1180 1863 sic

204 1899 315 1944 sensus
340 1888 463 1943 nostros
491 1883 635 1942 clariores
660 1881 802 1942 carminis
827 1890 893 1944 arta
917 1884 1086 1946 necessitas
1115 1885 1179 1945 eifl-

204 1967 274 2027 cit.“
293 1966 407 2026 Eadem
420 1967 628 2041 neglegentius
643 1965 807 2027 audiuntur
820 1967 983 2044 minusque
997 1968 1179 2043 percutiunt,

204 2050 347 2125 quamdiu
368 2053 468 2112 soluta
490 2051 626 2111 oratione
641 2051 796 2111 dicuntur:
818 2052 874 2111 ubi.
885 2066 1045 2112 accessere
1061 2053 1180 2112 numeri

203 2143 234 2196 et
253 2135 408 2211 egregium
430 2150 557 2196 sensum
572 2134 763 2196 adstrinxere
780 2136 853 2196 certi
872 2136 983 2211 pedes,
1005 2135 1115 2196 eadem
1131 2136 1180 2195 illa

163 2231 194 2284 11
204 2221 351 2280 sententia
365 2222 449 2279 velut
463 2220 576 2279 lacerto
592 2234 726 2279 excussa
740 2225 909 2294 torquetur.
944 2221 990 2280 De
1004 2225 1179 2295 contemptu

203 2305 353 2380 pecuniae
377 2304 471 2364 multu
491 2303 632 2364 dicuntur
652 2311 682 2363 et
701 2303 887 2378 longissimis
911 2303 1101 2364 orationibus
1122 2303 1180 2365 hoc

203 2387 402 2465 praecipitur,
424 2393 457 2447 ιιι
470 2385 610 2447 homines
626 2386 655 2446 iu
671 2385 787 2460 animo,
807 2403 869 2447 non
884 2387 914 2446 iu
930 2386 1113 2463 patrimonio
1128 2403 1180 2463 pu

202 2480 266 2533 tent
286 2488 358 2532 esse
379 2470 510 2530 divitias.
539 2486 609 2531 eum
630 2486 702 2531 esse
722 2471 920 2546 locupletem,
942 2471 995 2546 qui
1009 2471 1180 2547 paupertati

203 2571 279 2617 suae
293 2563 384 2630 aptus
398 2561 447 2614 est
459 2560 489 2613 et
504 2570 601 2629 parvo
616 2570 652 2614 sc
667 2553 788 2615 divitem
804 2553 890 2615 recita
911 2555 1010 2630 magis
1026 2561 1127 2616 tamen
1138 2555 1179 2616 ie·

202 2639 318 2700 riantur
332 2636 433 2710 animi,
448 2652 517 2697 cum
532 2639 666 2699 carmina
681 2639 830 2700 eiusmodi
847 2638 928 2699 dicta
942 2646 1028 2699 suntr

285 2722 319 2782 Is
332 2723 451 2782 minimo
465 2729 531 2796 caet
542 2725 673 2783 matula
688 2726 741 2797 qui
752 2725 902 2783 minimum
915 2727 1005 2799 cupit.

288 2805 374 2877 Orod
385 2808 454 2879 vult,
468 2807 563 2880 babet,
572 2809 630 2881 ‘qui
641 2809 722 2879 velle,
737 2807 818 2882 quod
830 2810 903 2868 sous
916 2816 967 2881 est,
979 2811 1084 2883 potest.

161 2901 195 2954 12
204 2888 277 2949 Cum
292 2888 369 2949 haec
389 2896 481 2964 atque
497 2890 646 2950 eiusmodi
662 2891 813 2964 audimus,
829 2891 869 2950 ad
885 2891 1115 2952 confessionem
1132 2904 1181 2949 vc·

202 2972 298 3034 ritatis
314 2974 503 3035 adducimur.
528 2974 571 3034 illi
591 2974 686 3047 enim,
710 2976 821 3049 quibus
835 2973 908 3034 nihil
925 2975 999 3034 satis
1014 2980 1071 3047 est,
1088 2971 1180 3034 admi-

201 3066 314 3132 rantur,
327 3059 507 3131 adclamant,
519 3058 622 3119 odium
634 3057 784 3134 pecuniae
795 3056 947 3118 indicuntz
968 3058 1052 3118 hunc
1063 3057 1181 3118 illorum

203 3141 356 3203 adlectum
377 3158 446 3203 cum
466 3141 595 3217 videris,
618 3158 707 3218 urge,
731 3143 790 3203 hoc
810 3157 929 3218 preme,
950 3141 1010 3202 hoc
1026 3156 1181 3202 onerare·

203 3225 281 3286 lictis
307 3226 552 3302 ambiguitatibus
575 3234 605 3288 et
629 3226 817 3305 syllogismis
838 3233 868 3287 et
890 3225 1134 3288 cavillationibus
1153 3229 1182 3285 et

203 3311 312 3370 ceteris
330 3309 478 3371 acuminis
500 3310 579 3371 inriti
599 3312 735 3373 ludicris.
763 3309 813 3372 dic
834 3311 864 3371 in
886 3309 1059 3386 avaritiam,
1081 3310 1132 3372 dic
1151 3308 1182 3371 iu

202 3392 366 3454 luxuriam:
389 3411 458 3456 cum
473 3396 644 3470 proiecisse
656 3404 686 3457 te
699 3395 813 3456 videris
825 3404 855 3457 et
866 3395 984 3457 animos
995 3393 1182 3457 audientium

202 3474 362 3553 adieceris,
378 3479 459 3540 inste
473 3479 699 3542 vehementium
719 3480 882 3541 verisimile
893 3496 955 3541 non
967 3486 1023 3558 est,
1036 3486 1183 3559 quantum
