2460 3916
284 216 454 278 EPlSTUL.
469 216 563 279 molt.
585 218 658 278 LIB.
671 218 708 276 ΙΙ.
729 219 786 277 ΕΡ.
798 228 823 280 1.
845 223 917 293 (13.)
1006 171 1008 177 Ι
1037 216 1079 283 27

102 368 186 431 enim
200 368 267 429 sine
279 369 414 441 ratione,
428 369 459 428 hi
476 370 543 431 sine
557 377 658 431 mente
671 377 752 431 sunt
770 370 963 445 Inquiramus
977 370 1081 444 itaque
1088 378 1122 431 1⁰

101 453 134 515 in
159 467 224 513 rem
248 453 417 527 diligenter.
448 454 612 514 verisimile
637 461 685 514 est
705 455 819 528 aliquid
840 455 972 514 futurum
992 455 1078 514 mali=

102 553 166 597 non
181 537 283 597 statim
298 551 403 596 verum
418 544 474 596 est.
504 554 596 613 quam
609 539 703 598 multa
716 552 777 596 non
792 545 973 612 exspectata
987 552 1080 597 vene·

101 627 188 682 runt!
217 636 308 695 quam
327 621 421 681 multa
440 628 620 696 exspectata
645 637 811 696 numquam
837 627 1080 695 conpameruntt
1164 670 1172 687 ‚

101 703 231 765 Etiamsi
244 705 377 764 futurum
387 710 448 779 est,
465 705 539 780 quid
550 706 634 765 iuvat
648 705 745 764 dolori
761 721 818 764 suo
835 711 1018 765 occurreret
1032 719 1081 763 sa·

102 789 145 849 tis
170 787 230 848 cito
252 787 387 861 dolebiS,
408 802 478 848 cum
499 788 630 849 venerim
662 788 780 848 interim
801 787 855 847 tibi
869 788 996 848 meliora
1010 803 1080 863 pro·

102 871 198 932 mitte.
240 870 318 944 Quid
346 870 441 931 iacies
470 872 567 932 luerit
594 879 729 947 tempus=
754 871 849 931 multa
873 872 1081 944 intervenient,
1091 891 1119 942 11

103 955 216 1032 quibus
238 954 372 1014 vicinum
393 957 585 1034 [perieulum]
603 961 633 1016 et
652 970 751 1030 prope
772 954 926 1014 admotum
942 962 994 1015 aut
1009 955 1081 1015 sub·

103 1041 194 1100 sistat
212 1045 266 1098 ant
285 1037 407 1099 desinat
426 1046 477 1098 aut
497 1040 527 1098 in
548 1040 680 1100 alienum
701 1045 794 1112 caput
807 1034 957 1098 transeam
978 1039 1078 1118 incen-

103 1123 189 1182 dium
202 1122 242 1181 ad
257 1121 359 1196 lugam
375 1123 480 1196 patuit.
509 1122 661 1198 quosdam
680 1121 810 1181 molliter
823 1122 912 1181 ruina
927 1121 1080 1195 deposuit.

103 1204 272 1280 aliquando
294 1204 415 1280 gladius
430 1206 469 1265 ab
486 1206 555 1282 ipsa
573 1205 694 1264 cervice
708 1209 871 1263 revocatus
885 1210 942 1263 est.
971 1203 1081 1288 aliquis

104 1288 242 1350 camiiici
263 1304 321 1349 suo
344 1298 503 1364 superstes
525 1289 590 1350 luit.
627 1288 727 1348 Habet
746 1288 837 1346 etiam
857 1288 936 1346 mala
962 1286 1082 1347 fortuna

103 1372 266 1434 levitatem.
301 1373 433 1434 sortasse
454 1373 523 1443 erit,
545 1373 678 1434 fortasse
702 1388 763 1434 uon
785 1370 856 1430 erin
884 1368 1003 1430 interim
1021 1385 1082 1429 non

103 1463 162 1516 est
184 1454 310 1516 meliora
325 1465 476 1532 propone.
505 1457 739 1532 Nonnumquam
755 1455 847 1515 nullis
863 1453 1082 1529 adparentibus
1092 1472 1124 1523 lt

104 1540 219 1615 signis,
236 1556 317 1615 quae
331 1542 402 1600 mali
418 1538 532 1615 aliquid
550 1541 758 1614 pronuntient,
779 1539 898 1599 animus
914 1538 972 1598 sibi
987 1538 1082 1597 falsas

103 1623 254 1698 imagines
269 1624 371 1699 fingitz
395 1630 448 1683 aut
467 1623 594 1684 verbum
613 1622 738 1699 aliquod
760 1622 871 1682 dubiae
886 1621 1074 1696 significatio>

104 1705 154 1767 nis
172 1707 332 1782 detorquet
344 1706 375 1766 in
391 1708 479 1782 peius
496 1714 547 1767 aut
560 1707 704 1767 maiorem
726 1706 783 1765 sibi
801 1704 952 1766 offensam
968 1720 1082 1780 propo·

104 1791 149 1851 nit
163 1789 292 1851 alicuius
308 1807 398 1866 quam
413 1798 476 1863 est,
499 1798 529 1851 ct
549 1792 662 1866 cogitat
675 1807 736 1851 non
753 1805 843 1864 quam
860 1789 954 1850 iratus
970 1789 1020 1848 ille
1034 1788 1082 1860 sit,

106 1875 165 1935 sed
187 1882 333 1949 quantum
354 1875 443 1935 liceat
464 1873 550 1934 irato.
584 1875 667 1934 nulla
686 1880 787 1934 autem
808 1888 903 1933 causa
924 1872 1004 1932 vitae
1025 1879 1081 1943 est,

105 1957 208 2019 nullus
229 1958 420 2018 miseriarum
440 1957 567 2033 modus,
590 1958 617 2018 si
640 1959 780 2018 timeatur
800 1964 947 2031 quantum
964 1961 1082 2030 potesu

104 2041 156 2101 hic
173 2042 335 2116 prudentia
350 2042 463 2118 prosit,
477 2041 527 2101 hic
538 2042 651 2102 robore
666 2041 756 2101 animi
771 2040 942 2101 evidentem
959 2053 1083 2114 quoque

105 2133 218 2185 metum
240 2141 372 2200 respue:
397 2126 424 2186 si
445 2125 560 2199 minuS,
582 2125 655 2185 vitio
677 2123 782 2184 vitium
796 2125 928 2199 repelle:
949 2138 1007 2197 spe
1020 2138 1077 2182 me·

105 2216 171 2269 tum
190 2215 337 2284 tempera.
368 2209 442 2269 nihil
463 2213 655 2269 tamcertum
670 2215 771 2268 estex
786 2205 849 2279 his,
873 2222 953 2283 quae
977 2204 1083 2267 timen

106 2301 170 2367 tur,
191 2300 300 2353 utnon
316 2291 428 2353 certius
444 2293 485 2352 sit
498 2298 529 2351 et
543 2290 706 2352 formidata
727 2290 890 2350 subsidere
911 2295 942 2348 et
961 2297 1084 2364 sperata

106 2372 263 2451 decipere.
280 2375 362 2451 Ergo
377 2392 466 2452 spem
482 2390 518 2436 ac
533 2383 646 2434 metum
660 2372 817 2445 examina,
834 2381 865 2432 et
881 2371 1024 2447 quotiens
1039 2371 1084 2431 in·
1094 2378 1126 2431 13

108 2467 191 2520 certa
205 2467 294 2520 erunt
307 2460 423 2534 omnia,
439 2459 493 2520 tibi
510 2459 594 2517 laver
619 2456 711 2517 crede
724 2456 808 2531 quod
819 2455 926 2514 mavis.
942 2455 968 2514 si
980 2457 1084 2529 plures

108 2539 205 2603 babes
221 2544 388 2604 sententias
401 2549 518 2616 metus,
542 2540 737 2602 nibilominus
753 2539 783 2599 iu
800 2539 880 2599 hanc
897 2544 1014 2614 partem
1029 2554 1084 2613 po-

79 2637 95 2649 ““
109 2626 169 2687 tius
189 2626 302 2687 inclina
321 2634 352 2688 et
376 2627 605 2701 perturbarem
626 2625 742 2698 desine,
767 2639 803 2683 ac
824 2620 955 2684 subinde
973 2621 1034 2683 hoc
1054 2623 1084 2681 in

109 2710 209 2770 animo
232 2712 337 2785 volve,
358 2711 504 2772 maiorem
526 2718 642 2785 partem
660 2706 847 2783 mortalium,
874 2722 942 2768 cum
964 2705 1006 2767 illi
1027 2720 1085 2766 nec

108 2793 148 2854 sit
165 2793 329 2869 quicquam
344 2794 414 2853 mali
428 2810 487 2855 nec
501 2810 558 2869 pro
573 2800 657 2854 certo
670 2794 802 2854 futurum
821 2791 874 2865 sit,
891 2797 1032 2852 aestuare
1049 2804 1085 2849 ac

108 2875 291 2938 discurrere.
320 2893 410 2939 nemo
426 2878 506 2939 enim
527 2875 643 2937 resistit
662 2877 735 2948 sibi,
760 2892 829 2938 cum
849 2875 951 2950 coepit
970 2871 1084 2950 inpelli,

107 2975 167 3020 nec
180 2961 318 3020 timorem
333 2977 423 3022 suum
438 2961 549 3036 redigit
562 2961 602 3020 ad
617 2977 733 3021 verum.
753 2975 842 3019 nemo
858 2959 945 3019 dicit=
966 2973 1085 3030 „vanus

108 3051 285 3105 auctorest.
305 3045 383 3105 haec
403 3052 456 3105 aut
474 3045 563 3104 finxit
582 3051 633 3105 aut
652 3043 811 3104 credidit.⁴‘
838 3043 946 3102 damus
963 3058 1021 3102 nos
1042 3041 1089 3098 rei

108 3127 264 3188 terendos.
293 3127 529 3204 expavescimus
545 3128 637 3188 dubia
652 3145 708 3203 pro
724 3127 825 3188 certis.
848 3143 909 3186 non
926 3136 1086 3185 servamus

107 3211 232 3272 modum
248 3227 360 3272 rerum.
382 3213 481 3272 statim
495 3212 525 3271 in
540 3212 678 3272 timorem
695 3211 779 3270 venit
796 3209 969 3282 scrupulus.
992 3205 1128 3264 Pudet14

107 3309 157 3353 me
178 3291 221 3354 ibi
241 3293 287 3354 sio
307 3303 408 3356 tecum
429 3295 513 3370 loqui
535 3301 566 3354 et
579 3302 640 3356 tam
655 3293 777 3354 lenibus
792 3299 822 3352 te
837 3289 982 3350 remediis
1000 3288 1085 3349 locil·

107 3377 182 3436 lare.
203 3377 388 3439 aliusdicat=
411 3378 738 3440 fortassenonveniet.
760 3375 871 3435 tudio:
896 3372 968 3448 quid
983 3386 1086 3447 porro,

107 3459 135 3524 si
153 3461 274 3521 veniet?
300 3461 472 3523 videbimus
488 3469 553 3523 uter
568 3463 677 3520 vincat.
706 3460 836 3519 sortasse
856 3473 913 3534 pro
928 3470 977 3515 me
994 3454 1086 3516 venit.
