2468 3930
261 253 725 316 EPISTUL.MOR.LIB.XH1.
748 253 839 316 ΕΜ
863 259 936 331 (87.)
1032 255 1094 318 2¹15

110 414 197 481 parte
223 407 429 466 aestimatum:
458 407 573 468 bonum
597 408 637 468 ad
658 423 751 467 unum
771 408 939 483 sapientem
955 409 1096 485 pertinet.

108 489 286 551 inviolatum
302 506 373 550 esse
389 497 519 565 oportet.
551 491 671 551 Bonum
686 491 818 551 animum
833 491 926 552 habe:
948 509 1029 554 unus
1045 493 1138 567 tibias

107 574 220 645 nodus,
238 574 294 634 sed
309 575 519 634 Herculaneus
534 579 642 634 restat=

170 657 243 732 „Ex
257 657 525 719 malisbonum
539 656 682 718 nonlit.
714 660 908 722 exmullis
929 676 1096 736 pauper-

107 741 1098 816 tatibusdivitiaeliunt=erg0divitiaebonumnon

107 829 226 887 sunt.“

168 910 256 970 Hanc
268 908 536 983 interrogationem
551 909 647 970 nostri
664 926 725 969 non
739 917 927 984 agnoscunt:
941 912 1099 988 Peripate-

106 992 156 1054 tici
172 1001 203 1055 et
216 993 335 1068 fingunt
347 992 430 1052 illam
445 999 476 1054 et
494 994 626 1054 solvunt.
661 994 703 1053 ait
722 1002 821 1054 autern
835 993 1022 1056 Posidonius
1036 997 1097 1058 hoc

107 1077 280 1153 sophisma,
299 1092 353 1152 per
369 1092 475 1138 omncs
488 1077 717 1138 dialecticorum
732 1076 856 1138 scholas
875 1078 1032 1154 iactatum,
1050 1081 1096 1140 sic

106 1162 144 1222 ab
159 1161 322 1236 Antipatro
337 1160 448 1220 refelli:
472 1161 661 1237 „Paupertas
681 1178 742 1221 non
764 1177 820 1235 per
843 1160 1026 1236 positionem
1051 1163 1137 1231 dius

106 1245 196 1316 citrrr,
213 1245 271 1305 sed
287 1261 343 1320 per
355 1245 573 1306 detractionem
589 1248 661 1321 (vel,
678 1252 712 1305 ut
727 1243 844 1320 antiqui
861 1246 1017 1322 dixerunt,
1039 1263 1096 1322 per

106 1328 304 1389 orbationem.
349 1329 457 1390 Graeci
477 1321 561 1390 κατὰ
584 1325 739 1409 στέρησιν
760 1329 888 1401 dicunt.)
924 1346 985 1390 non
1010 1331 1095 1406 quod

104 1412 216 1474 habeat
230 1411 348 1486 dicitur,
364 1413 420 1473 sed
434 1414 519 1488 quod
534 1430 596 1474 non
608 1412 729 1473 habeat.
763 1413 867 1488 itaque
878 1430 919 1474 ex
932 1415 1034 1476 multis
1048 1414 1094 1475 in-

105 1495 215 1558 anibus
241 1497 315 1556 nihil
339 1495 450 1572 inpleri
476 1504 594 1573 potest:
624 1497 746 1559 divitias
767 1498 879 1558 multae
897 1512 948 1559 res
972 1499 1094 1573 iaciunt,

105 1597 165 1640 non
181 1581 294 1642 multae
309 1580 442 1657 inopiae.
473 1583 584 1657 Aliter,
604 1581 717 1657 inquit,
735 1598 826 1656 quam
841 1582 946 1657 debes,
962 1599 1093 1660 pauper-

105 1671 197 1725 tatem
211 1666 372 1741 intellegis.
405 1674 572 1742 paupertas
584 1666 662 1726 enim
679 1672 727 1726 est
741 1683 802 1727 non
815 1682 895 1742 quae
909 1683 1009 1742 pauca
1021 1683 1093 1742 pos·

105 1749 199 1824 sidet,
220 1750 277 1810 sed
299 1764 380 1826 quae
400 1752 494 1810 mulla
513 1767 575 1810 non
595 1749 752 1825 possidet:
773 1749 816 1811 ita
831 1766 893 1811 uon
907 1753 946 1812 ab
967 1768 1005 1812 eo
1020 1752 1093 1813 dici-

104 1841 160 1907 tur,
176 1835 262 1909 quod
276 1833 375 1907 habel,
391 1834 448 1894 sed
466 1834 504 1894 ab
519 1850 567 1907 eo,
580 1836 664 1910 quod
675 1836 703 1894 ei
717 1835 833 1895 deest.“
854 1834 997 1911 Facilius,
1010 1836 1136 1910 quod40

104 1919 192 1988 volo,
215 1916 433 1992 exprimerem,
454 1918 480 1977 si
500 1918 640 1979 Latinum
659 1917 787 1980 verbum
809 1926 908 1993 esset,
930 1937 991 1994 quo
1008 1912 1094 1982 ἄνυ-

103 1999 223 2080 παρξία
247 2000 503 2079 significalreltur.
549 2002 629 2063 hanc
655 2003 829 2078 paupertati
852 2000 1014 2079 Antipater
1039 2005 1092 2066 ad·

104 2085 219 2160 signat=
239 2101 297 2160 ego
317 2103 378 2147 non
393 2084 505 2159 video,
528 2087 603 2162 quid
618 2087 700 2147 aliud
716 2088 755 2147 sit
769 2095 984 2162 paupertas
1001 2105 1092 2164 quarn

105 2168 216 2244 parvi
230 2185 276 2244 po
287 2171 452 2231 ssessio.
485 2171 530 2231 De
543 2171 603 2231 isto
619 2169 801 2244 videbimus,
819 2171 845 2230 si
861 2172 985 2245 quando
1002 2172 1092 2232 valde

104 2252 233 2327 vacabit,
249 2255 383 2330 quaesit
400 2255 580 2328 divitiarum,
604 2269 683 2329 quac
699 2253 889 2330 paupertatis
905 2255 1090 2317 substantia:

103 2337 161 2396 sed
175 2344 247 2398 tunc
266 2339 344 2417 [boc]
367 2355 491 2414 quoquc
514 2337 796 2412 considerabimus,
818 2338 967 2413 numquid
994 2340 1091 2400 satius

102 2421 141 2481 sit
156 2428 365 2496 paupertatem
386 2425 591 2498 permulcere,
615 2421 727 2482 divitiis
749 2421 873 2481 demere
894 2422 1092 2498 supercilium

102 2521 195 2580 quam
210 2506 328 2580 litigare
343 2507 382 2567 de
403 2505 523 2581 verbis,
549 2504 639 2582 quasi
663 2506 723 2566 iarn
748 2506 787 2565 de
811 2506 905 2568 rebus
925 2506 1092 2567 iudicatum

103 2589 149 2650 sit.
181 2588 326 2650 Putemus
343 2605 400 2650 nos
416 2592 456 2651 ad
471 2591 650 2653 concionem
668 2599 805 2652 vocatos.
840 2591 892 2650 lex
912 2592 952 2651 de
965 2591 1131 2652 abulen-41

102 2673 149 2732 dis
171 2671 284 2735 divitiis
306 2675 415 2735 fertur:
441 2674 489 2735 his
511 2674 799 2750 interrogationibus
820 2674 943 2738 suasuri
959 2683 1011 2737 aut
1027 2674 1090 2736 dis-

101 2756 224 2817 suasuri
240 2766 368 2819 sumus?
405 2758 453 2819 his
470 2759 622 2834 effecturi,
637 2767 671 2820 ut
690 2761 824 2835 populus
840 2761 998 2822 Romanus
1015 2776 1089 2837 pau-

100 2847 265 2915 pertatem,
288 2843 520 2905 -lundamentum
539 2851 569 2903 et
590 2860 715 2904 causam
735 2843 855 2919 imperii
869 2846 931 2918 sui,
955 2843 1091 2921 requirat

100 2940 137 2984 ac
157 2925 276 2998 laudet,
306 2925 426 2988 divitias
447 2934 548 2988 autem
569 2944 643 2989 suas
664 2928 788 2989 timeat?
808 2937 842 2991 ut
855 2931 968 3006 cogitet
981 2929 1038 2990 has
1054 2944 1090 2988 se

100 3009 183 3084 apud
204 3010 304 3071 victos
324 3011 495 3086 reperisse,
521 3011 591 3072 hinc
605 3013 750 3073 ambitum
764 3021 795 3074 ct
808 3013 984 3089 largitiones
999 3020 1029 3073 et
1042 3020 1088 3073 tu-

100 3094 212 3154 multus
233 3093 264 3152 in
279 3094 385 3154 urbem
406 3094 632 3156 sanctissimam
653 3095 1023 3172 temperantissimamquc
1043 3096 1088 3155 in·

100 3177 240 3252 rupisse,
266 3175 356 3239 nimis
377 3180 537 3242 luxuriose
552 3178 699 3240 ostentari
713 3180 846 3254 gentium
862 3178 978 3256 spolia,
1005 3179 1090 3254 quod

99 3277 179 3322 unus
195 3264 331 3337 populus
346 3262 492 3339 eripuerit
508 3264 665 3337 omnibus,
686 3264 804 3324 facilius
819 3264 857 3324 ab
872 3263 1013 3325 omnibus
1034 3262 1089 3347 uni

99 3345 176 3421 eripi
195 3362 301 3421 posse.
331 3346 417 3408 Haec
431 3347 529 3409 satius
545 3356 593 3409 est
606 3347 740 3408 suadere
760 3353 791 3408 et
810 3362 988 3424 expugnare
1002 3346 1087 3407 adle-

99 3436 176 3503 ctus,
192 3445 255 3493 non
271 3426 531 3493 circumscribere.
553 3432 581 3493 si
593 3446 771 3508 possumus,
787 3433 895 3495 lortius
909 3434 1087 3506 loquamurr

98 3511 251 3590 siminus,
266 3513 412 3591 apertius.
442 3515 530 3577 Vale.
