2468 3930
237 219 407 282 EPISTUL.
422 219 517 281 Mon.
538 220 611 280 LlB.
624 220 674 280 XI.
693 221 752 281 ΕΡ.
771 230 811 296 t(
847 229 869 296 .)
973 223 1037 287 205

60 373 239 437 nonsfidete
261 380 292 435 et
310 373 458 434 lusorium
478 372 532 432 nat
546 388 729 447 concursus,
761 380 875 450 quantu
894 374 934 436 sit
957 377 1037 437 circa

61 467 146 520 artes
160 458 260 518 bonas
275 457 420 519 solitudo.
450 473 540 530 quam
554 456 687 517 inbecilli
701 458 801 519 animo
818 460 893 533 sint,
907 477 1037 534 quorum

60 545 197 604 lacertos
207 541 415 615 humerosque
429 541 580 600 miramur.
602 541 679 601 lllud
694 542 826 603 maxime
836 545 962 604 revolvo
974 550 1065 604 mre-3

61 643 149 688 cuma
165 625 193 685 si
208 641 322 700 corpus
342 625 469 699 perduci
483 623 700 686 exercitatione
713 627 753 686 ad
767 626 846 687 hanc
864 627 1039 701 patientiam

61 717 181 787 potest,
210 725 271 785 qua
286 716 316 769 et
329 724 451 784 pugnos
473 708 585 784 pariter
599 715 630 768 et
644 711 744 769 calces
760 727 821 772 non
836 711 927 772 unlus
942 712 1039 773 homi·

61 795 111 855 nis
127 794 218 867 ferat,
236 809 298 868 quo
312 795 410 853 solem
425 792 669 853 ardentissimum
683 794 713 852 in
729 793 955 857 ferventissimo
972 798 1039 872 pul-

62 893 139 938 rere
160 877 315 937 sustinens
332 876 445 951 aliquis
460 884 490 937 et
505 876 652 952 sanguine
668 893 725 938 suo
740 878 869 940 madens
884 880 964 939 diem
984 881 1039 941 du·

64 968 129 1022 eata
152 967 268 1036 quanto
283 958 402 1021 facilius
418 960 539 1022 animus
553 960 746 1022 corroborari
762 962 874 1037 possit,
895 970 929 1022 ut
944 965 1038 1024 lortu-

63 1060 124 1104 nae
138 1044 217 1106 ictus
231 1044 362 1105 invictus
378 1044 526 1118 excipiat,
548 1052 582 1104 ut
597 1045 767 1118 proiectus,
794 1053 828 1106 ut
839 1047 1038 1107 conculcatus

63 1135 231 1203 exsurgam
255 1143 369 1202 corpus
384 1129 465 1189 enirn
475 1129 575 1189 multis
591 1136 661 1202 eget
674 1128 782 1202 rebus,
796 1136 830 1189 ut
844 1130 958 1190 valeat:
976 1131 1040 1189 ani-

63 1229 135 1273 rnus
155 1228 196 1275 ex
217 1227 252 1272 se
273 1210 398 1286 crescit,
428 1210 553 1287 seipse
575 1212 640 1282 alit,
663 1228 698 1272 se
720 1221 852 1273 exercet.
883 1213 926 1272 illi
946 1214 1039 1274 multo

64 1294 149 1370 cibo,
163 1297 256 1356 multa
271 1295 396 1370 potione
410 1312 491 1371 opus
505 1303 566 1367 est,
579 1297 672 1355 multo
690 1297 775 1367 oleo,
798 1297 891 1372 longe
906 1296 1040 1372 denique

64 1395 176 1455 operar
199 1379 254 1441 tibi
269 1380 423 1455 continget
436 1379 533 1440 virtus
548 1381 615 1438 sine
630 1380 794 1454 adparatu,
818 1379 885 1440 sine
899 1381 1040 1456 inpensa.

64 1463 215 1539 quicquid
234 1463 337 1523 lacere
356 1471 385 1524 te
407 1470 512 1538 potest
530 1464 661 1537 bonurn,
682 1471 782 1525 tecum
802 1472 858 1525 est.
888 1464 967 1537 Quid
987 1463 1071 1527 tibio

64 1564 146 1623 opus
164 1554 225 1621 est,
255 1555 289 1609 ut
309 1546 353 1607 sis
374 1548 497 1609 bonust
529 1548 618 1607 velle.
651 1547 724 1622 quid
740 1555 842 1608 autern
858 1550 966 1609 melius
985 1565 1040 1624 po·

64 1639 111 1693 tes
128 1632 207 1692 velle
224 1647 315 1706 quarn
330 1631 450 1705 eripere
466 1638 495 1690 te
507 1631 577 1690 huic
590 1630 736 1704 servituti,
751 1648 831 1706 quae
846 1648 955 1693 omnes
971 1649 1041 1708 pre·

64 1716 134 1789 mit,
163 1731 256 1790 quam
271 1715 423 1790 mancipia
439 1730 564 1790 quoque
584 1716 775 1776 condicionis
792 1723 947 1778 extremae
965 1717 1041 1778 etin

63 1798 113 1859 his
126 1799 272 1861 sordibus
286 1805 357 1860 nata
368 1800 450 1858 omni
462 1800 555 1860 modo
566 1815 679 1859 exuere
691 1807 861 1861 conantur?
888 1802 1042 1876 peculium

64 1899 172 1953 suunt,
198 1883 282 1958 quod
300 1890 544 1957 conparaverunt
563 1890 669 1943 ventre
685 1884 841 1957 fraudato,
862 1901 918 1959 pro
941 1885 1042 1961 capite

64 1973 240 2030 numerant=
258 1974 291 2027 tu
308 1981 370 2026 non
390 1966 594 2042 concupisces
614 1969 851 2042 quanticumque
866 1968 906 2028 ad
920 1969 1040 2030 liberta-

64 2058 126 2111 tem
147 2050 323 2126 pervenire,
353 2050 404 2125 qui
426 2058 456 2111 te
476 2050 506 2111 in
520 2051 573 2112 illa
587 2060 678 2126 putas
691 2059 814 2112 natum?
848 2052 925 2125 Quid
940 2053 979 2113 ad
994 2057 1069 2112 ιιι-5

66 2150 135 2195 cam
154 2141 238 2194 tuam
258 2133 411 2209 respicis?
438 2135 498 2195 emi
519 2151 580 2196 non
604 2142 715 2211 potest.
752 2135 855 2210 itaque
875 2137 905 2194 in
921 2136 1041 2197 tabulas

64 2233 177 2278 vanum
192 2216 341 2279 conicitur
353 2233 463 2282 nornen
478 2218 640 2289 libertatis,
658 2235 748 2293 quarn
760 2234 818 2277 nec
831 2219 882 2293 qui
894 2227 1040 2289 emerunt,

66 2300 195 2375 habent,
218 2317 276 2361 nec
293 2301 345 2376 qui
360 2302 577 2363 vendiderunt:
605 2301 657 2362 tibi
680 2302 735 2362 des
752 2309 872 2376 oportet
888 2301 970 2361 istud
986 2303 1040 2361 bo-

66 2402 154 2458 nurn,
176 2391 239 2445 nte
254 2391 352 2461 petas.
385 2385 576 2445 Liberate
595 2385 756 2459 primum
776 2392 875 2445 metu
891 2386 1040 2445 mortis:

66 2468 119 2528 illa
131 2467 223 2528 nobis
240 2469 344 2544 iugum
359 2469 485 2544 inponit.
510 2469 652 2529 deinde
667 2476 766 2528 metu
779 2465 1041 2543 paupertatis.

67 2550 100 2615 Si
115 2552 274 2626 visseim,
298 2569 388 2626 quarn
403 2553 476 2617 nihil
492 2554 521 2612 in
537 2554 588 2613 illa
601 2552 670 2612 mali
686 2551 738 2625 sit,
765 2569 901 2627 conpara
915 2551 994 2613 inter
1009 2557 1070 2612 sed

67 2651 239 2711 pauperum
260 2643 291 2697 et
306 2635 433 2697 divitum
454 2638 571 2699 voltus:
598 2637 723 2711 saepius
740 2653 858 2712 pauper
875 2643 906 2697 et
920 2636 1043 2697 fidelius

66 2719 157 2787 ridet
190 2720 274 2780 nullo
295 2719 468 2782 sollicitudo
488 2721 519 2779 in
540 2722 601 2782 alto
625 2727 681 2780 est.
712 2721 801 2782 etiarn
815 2721 842 2781 si
857 2737 918 2796 qua
939 2720 1044 2782 incidit

67 2819 157 2876 eura,
182 2804 266 2865 velut
280 2804 377 2866 nubes
399 2805 476 2866 levis
491 2805 613 2865 transit=
634 2804 757 2878 horum,
786 2805 839 2880 qui
861 2804 966 2865 felices
988 2822 1042 2866 vo·

68 2893 191 2960 cantur,
202 2885 340 2948 hilaritas
353 2888 425 2949 ficta
439 2896 487 2949 est
501 2896 553 2949 aut
566 2888 669 2964 gravis
685 2897 715 2950 et
729 2888 897 2965 subpurata
912 2888 1041 2963 tristitia,

67 2985 105 3031 eo
122 2969 250 3047 quidam
263 2971 400 3045 gravior,
430 2973 502 3048 quia
522 2972 673 3034 interdum
689 2973 835 3034 nonlicet
851 2973 951 3047 palam
970 2988 1042 3032 esse

66 3054 215 3126 miseros,
248 3054 306 3115 sed
325 3055 403 3117 inter
424 3071 585 3116 aerumnas
608 3072 662 3117 cor
682 3056 783 3131 ipsum
801 3056 968 3116 exedentes
988 3069 1040 3113 ne-

67 3151 159 3205 cesse
172 3143 223 3201 est
234 3153 326 3212 agere
339 3140 467 3203 felicem.
494 3139 625 3215 Saepius
641 3139 700 3200 hoc
715 3140 856 3213 exemplo
869 3137 941 3200 mihi
955 3143 1069 3201 uteo-l

68 3221 140 3289 dunt
163 3226 227 3297 est,
257 3237 315 3283 nec
334 3223 414 3283 enim
434 3225 497 3286 ullo
511 3224 669 3287 efficacius
684 3223 861 3298 exprimitur
875 3220 925 3282 hic
938 3221 1044 3281 huma-

69 3320 127 3367 ndo
139 3304 223 3367 vitoe
238 3305 364 3380 mimus,
393 3307 445 3383 qui
464 3308 553 3371 nobis
569 3314 688 3383 partes,
719 3322 797 3381 quas
812 3306 891 3364 male
905 3319 1043 3378 agamus,

68 3386 228 3466 odstgnau
249 3387 315 3464 ille,
339 3389 436 3465 quiin
451 3408 544 3455 scena
559 3395 638 3452 latus
653 3389 767 3450 incedit
787 3389 908 3449 ethaeo
923 3387 1041 3462 resupi

68 3486 126 3541 nm
140 3472 231 3545 dieite
