2468 3930
261 255 430 316 xrisma.
445 254 540 316 moa.
567 255 640 315 ms.
659 256 710 316 vr.
731 255 789 315 nr.
805 264 830 318 e.
852 256 924 334 (aa.)
1019 254 1079 320 tat

103 405 251 469 orationis
267 407 356 466 etiam
371 407 411 465 ad
426 413 563 467 nostrum
584 405 737 468 fastidium
751 402 874 468 nitidae.
910 402 982 483 quid
999 410 1079 468 enim

101 492 171 564 liet,
192 490 232 550 mi
253 489 371 550 Lucilii
391 491 546 564 quomodo
570 490 687 551 dicetur
706 482 844 566 οὐσία,
865 506 916 551 res
932 508 1077 552 necessa-

101 575 163 648 ria,
185 582 292 634 natura
310 574 468 634 continens
490 574 716 635 tundamentum
733 575 888 636 omniumr
919 576 1008 650 Rogo
1024 578 1078 636 ita-

103 673 165 733 que
180 657 335 733 permittas
350 655 424 716 mibi
437 657 497 717 hoc
515 658 608 718 verbo
620 658 673 718 uti.
695 658 891 719 nihilominus
906 659 987 719 dabo
1003 675 1077 735 ope-

102 757 184 813 ram,
207 748 240 801 ut
259 740 307 800 ius
329 757 347 799 a
369 748 399 800 te
419 741 522 800 datum
544 742 723 814 parcissime
744 757 922 802 exerceam=
944 743 1078 804 fortasse

104 831 264 885 contentus
276 840 329 885 ero
341 823 411 882 mihi
425 824 525 883 licere.
549 823 626 896 Quid
641 825 776 899 proderit
790 825 917 885 facilitas
933 834 993 901 tua,
1010 834 1106 892 cumi

103 923 177 968 ecce
199 908 231 968 id
253 907 335 968 nullo
359 908 452 968 modo
473 907 579 967 Latine
602 907 774 982 exprimere
796 908 928 983 possim,
952 919 1078 986 propter

104 992 189 1067 quod
207 992 329 1065 linguae
350 999 475 1050 nostrae
495 992 666 1051 convicium
689 992 768 1051 lecit
802 991 899 1064 magis
918 992 1076 1054 damnabis

103 1076 260 1149 angustias
275 1076 447 1149 Romanas,
462 1074 489 1135 si
502 1075 608 1135 scieris
620 1089 711 1134 unam
726 1074 877 1152 syllabam
893 1070 972 1146 esse,
987 1093 1077 1151 quam

103 1165 220 1218 mutare
246 1175 307 1219 non
335 1162 472 1233 possum.
510 1173 589 1232 quae
614 1159 655 1217 sit
678 1158 755 1218 haee
783 1157 928 1232 quaerisr
957 1151 1001 1218 τὸ
1022 1150 1078 1220 ὅν.

103 1243 177 1303 Duri
195 1242 257 1302 tibi
278 1242 385 1301 videor
412 1241 540 1317 ingenii=
567 1242 596 1300 in
619 1242 720 1302 medio
742 1243 888 1316 positam,
917 1243 1078 1316 possesio

103 1324 276 1399 transferri,
298 1332 331 1385 ut
351 1325 450 1386 dicam
474 1326 574 1401 quod
598 1333 668 1386 est.
703 1326 759 1385 sed
780 1327 904 1386 multum
926 1324 1078 1386 interesse

105 1410 210 1469 video:
231 1424 326 1483 cogor
348 1410 474 1469 verbum
494 1424 552 1483 pro
569 1409 720 1470 vocabulo
742 1424 869 1484 ponere.
897 1410 953 1469 sed
970 1409 1010 1470 ita
1024 1425 1076 1469 ne-

105 1508 195 1553 cesse
211 1501 259 1553 est
272 1509 383 1566 ponam
399 1493 503 1568 quod
519 1501 589 1554 εει.
626 1491 689 1553 Sex
709 1494 809 1554 modis
828 1493 889 1553 hoe
911 1509 930 1552 a
949 1493 1105 1553 Platoneti

105 1576 165 1636 dici
186 1578 302 1636 amicus
328 1584 447 1649 noster,
469 1576 562 1635 lromo
588 1575 827 1650 eruditissimus,
853 1577 1002 1638 hodierno
1027 1577 1077 1637 die

104 1658 234 1720 dicebat.
258 1676 364 1720 omnes
385 1658 439 1719 tibi
459 1675 628 1734 exponam,
652 1660 678 1720 si
699 1669 769 1720 ante
788 1661 965 1723 indicavero
988 1677 1077 1720 esse

103 1743 254 1817 aliquid
275 1759 413 1818 genuS,
438 1759 526 1804 esse
548 1751 583 1802 ει
605 1744 785 1818 speeiem.
818 1740 1076 1818 nunoautemge·

103 1843 176 1887 nus
196 1827 271 1887 illud
293 1828 451 1901 primum
473 1826 662 1902 quaerimus,
685 1843 724 1887 ex
740 1845 801 1902 quo
817 1835 938 1888 ceterae
953 1829 1077 1903 speeies

103 1913 277 1985 suspensae
293 1917 378 1982 sunt,
401 1927 420 1969 a
437 1928 499 1985 quo
521 1912 655 1970 nascitur
669 1912 766 1972 omnis
782 1913 910 1986 divisio,
933 1928 994 1987 quo
1010 1910 1076 1971 uni-

102 2009 195 2054 versa
216 1994 430 2068 conprehensa
451 2002 530 2054 sunt.
564 1994 733 2055 invenietur
751 2004 866 2069 autem,
889 1996 916 2055 si
938 1995 1076 2069 coeperi-

101 2094 171 2138 mus
192 2078 312 2151 singula
328 2084 408 2137 retro
429 2077 546 2153 legere:
567 2078 611 2137 sic
632 2079 711 2138 enim
734 2081 936 2152 perducemur
956 2080 994 2138 ed
1015 2076 1076 2153 pri·

103 2177 194 2222 mum.
228 2161 345 2222 Homo
368 2162 490 2236 speeies
516 2168 578 2230 est,
601 2169 634 2222 ut
657 2162 841 2223 Aristoteles
865 2161 915 2222 ait.
948 2167 1104 2237 equus9
1156 2210 1158 2214 .

101 2244 225 2320 species
240 2250 296 2305 εει.
332 2245 436 2304 canis
457 2245 580 2320 species
596 2250 651 2305 est.
685 2260 757 2318 ergo
774 2261 934 2306 commune
950 2245 1077 2319 aliquod

103 2327 312 2405 quaerendum
335 2336 382 2388 est
403 2328 451 2388 his
472 2329 612 2389 omnibus
635 2328 803 2398 vinculum,
828 2328 910 2403 quod
933 2328 984 2386 illa
1004 2338 1076 2388 con-

101 2414 251 2488 plectatur
265 2419 295 2472 ει
306 2411 363 2472 sub
379 2428 414 2472 se
429 2412 548 2472 habeat.
571 2412 631 2471 hoe
647 2409 721 2484 quid
737 2418 804 2471 esti
823 2411 975 2470 animal.
1002 2425 1076 2484 ergo

101 2511 200 2570 genus
225 2511 296 2556 esse
322 2496 424 2570 coepit
447 2496 556 2556 horum
582 2498 730 2568 omnium,
755 2511 835 2571 quae
859 2495 951 2553 modo
978 2493 1075 2565 retuli,

100 2578 248 2652 hominis,
266 2581 352 2654 equi,
371 2579 471 2651 canis,
488 2580 608 2638 animal.
645 2578 709 2639 Sed
724 2587 795 2640 sunt
811 2578 977 2653 quaedam,
994 2591 1120 2652 quaero

100 2664 233 2723 animam
252 2663 365 2723 habent
384 2679 441 2724 nee
462 2671 534 2724 sunt
553 2663 702 2723 animalia.
739 2664 839 2738 placet
859 2662 939 2722 enirn
955 2661 1029 2720 satis
1045 2667 1076 2720 et

100 2747 235 2808 arbustis
252 2747 381 2807 'animam
399 2748 512 2807 inesse.
543 2748 646 2822 itaque
661 2754 691 2806 et
705 2746 810 2807 vivere
828 2747 879 2808 illa
893 2753 924 2806 ει
937 2745 1014 2806 mori
1031 2745 1075 2804 di-

101 2831 208 2890 cimus.
246 2846 319 2905 ergo
343 2830 553 2892 animantia
577 2830 767 2904 superiorem
792 2832 938 2892 tenebunt
965 2831 1075 2897 locum,

102 2914 175 2988 quia
189 2922 220 2975 et
235 2913 375 2974 animalia
391 2915 422 2973 in
436 2914 494 2973 heo
510 2914 608 2975 forma
624 2921 694 2974 sunt
706 2922 736 2974 et
750 2923 826 2975 sata.
848 2914 910 2975 Sed
926 2914 1077 2986 quaedam

101 2998 201 3061 anima
216 3005 338 3071 eareat,
359 3005 393 3058 ut
415 3014 501 3058 saxa.
538 2998 640 3072 itaque
660 2997 717 3057 erit
737 2999 852 3073 aliquid
872 2997 1076 3056 animantibus

101 3081 273 3157 antiquiuS,
295 3096 438 3156 corpus
461 3082 585 3142 scilicet.
617 3081 678 3141 hoc
699 3081 744 3141 sic
759 3081 907 3152 dividam,
928 3087 962 3140 ut
977 3079 1075 3138 dicam

101 3181 234 3241 corpora
253 3164 356 3225 omnia
370 3173 423 3226 aut
436 3165 567 3225 animata
583 3180 655 3225 esse
669 3171 720 3225 aut
733 3165 874 3224 inanima.
895 3164 1076 3222 Etiamnunc
1085 3165 1119 3220 ll

101 3257 148 3310 est
161 3247 281 3326 aliquid
301 3248 443 3323 superius
465 3266 555 3324 quam
575 3263 698 3322 eorpus.
735 3247 863 3307 dicimus
886 3247 965 3305 enim
984 3259 1076 3318 quae·

102 3335 171 3394 dam
186 3331 517 3407 corporaliaesse‚
536 3331 687 3409 quaedam
701 3328 984 3404 incorporalia.
1003 3327 1077 3402 quid
1113 3370 1116 3374 .

101 3433 172 3495 ergo
200 3419 277 3489 erit,
298 3431 338 3476 ex
365 3433 428 3491 quo
453 3415 530 3475 haec
556 3415 767 3474 deducantur?
785 3413 872 3486 illud,
896 3410 946 3471 eui
966 3425 1076 3471 nomen

100 3503 192 3566 modo
205 3515 319 3580 parum
333 3499 490 3576 proprium
505 3496 713 3574 inposuimus,
731 3497 832 3571 quod
849 3502 917 3556 est.
936 3495 982 3556 sic
997 3494 1077 3555 enim
