2468 3930
195 229 365 292 EPISTUL.
381 230 474 292 thob
490 232 563 292 LIB.
578 233 684 292 XVlll.
700 233 757 292 ΕΡ.
772 244 799 296 5.
814 240 902 310 (108.)
973 233 1036 298 dte

57 385 201 465 proficiat
214 385 282 446 talis
298 385 394 446 oratio
409 385 544 446 remedio
558 384 672 446 intente
685 392 716 446 et
728 393 792 447 tota
807 385 838 446 in
856 387 968 449 bonnm
985 405 1037 450 au·

57 470 203 533 utentium
217 483 317 530 verse.
340 468 483 529 facillime
497 468 576 530 enlm
591 477 695 530 tenern
705 471 905 532 conciliantur
918 472 1039 548 ingenia

57 552 98 617 ad
110 554 234 615 honesti
247 553 384 629 rectique
399 566 532 614 emerem
548 561 578 614 et
592 554 692 613 adhuc
707 554 858 616 docilibus
870 553 1039 632 leviterque

58 636 213 714 corruptis
233 637 318 697 inicit
336 652 459 698 manum
478 638 607 711 veritas,
634 637 661 697 si
686 638 868 700 advocatum
894 641 1039 702 idoneum

56 729 170 784 nancte
184 727 241 782 est.
283 717 361 796 nge
379 728 460 781 certe
478 737 560 782 cnm
575 722 741 781 Attalum
764 723 935 785 audirem
950 726 981 785 in
996 725 1081 786 vi·13

57 807 107 882 tia,
123 807 154 866 in
169 818 307 880 errores,
324 805 354 864 in
368 807 448 864 mala
462 805 543 865 vitae
558 813 767 881 perorantem,
784 822 880 883 saepe
894 809 1038 871 misertus

59 906 127 953 sunt
141 891 265 966 generis
281 889 404 950 humani
420 896 450 949 et
463 888 546 949 illum
562 889 763 950 sublimem
778 890 1039 968 altioremque

57 976 222 1036 hnmano
243 973 405 1048 lastigie
426 972 588 1032 credidi.
616 973 686 1049 ipse
699 989 802 1049 regern
818 988 853 1034 se
870 990 942 1036 esse
957 977 1038 1037 dioe-

56 1058 123 1120 bats
153 1057 210 1118 sed
228 1059 297 1133 plus
322 1070 414 1133 qnam
436 1071 566 1132 regnare
584 1057 658 1116 mihi
676 1057 850 1132 videbatur,
871 1059 921 1119 cai
935 1058 1040 1121 liceret

59 1154 219 1202 censuram
234 1155 325 1216 agere
339 1141 539 1216 regnantium.
561 1140 634 1201 Cum
651 1155 724 1202 vero
739 1143 954 1202 commendare
965 1152 1083 1218 pau-14

58 1231 206 1303 pertatem
227 1234 372 1301 coeperat
392 1232 421 1286 et
442 1225 621 1299 ostendere,
647 1241 753 1300 quarn,
782 1226 929 1302 quicquid
949 1243 1039 1287 usum

57 1310 238 1381 excederet,
266 1311 390 1385 pondus
410 1316 493 1370 esset
514 1324 741 1385 supervacuum
762 1316 794 1370 et
807 1326 902 1385 grave
922 1311 1038 1386 serenti,

58 1404 156 1470 saepe
169 1395 255 1453 exire
272 1407 289 1453 e
305 1394 411 1454 schola
425 1393 553 1468 pauperi
573 1392 668 1453 libuit.
697 1407 767 1453 curn
788 1401 933 1470 coeperat
951 1396 1038 1455 volu-

57 1485 159 1556 ptates
174 1484 295 1538 nostras
310 1477 480 1552 traducere,
495 1478 622 1538 laudere
636 1484 754 1538 castum
765 1493 889 1554 corpus,
904 1477 1039 1540 sobriam

57 1573 205 1636 mensam,
221 1575 328 1636 puram
343 1566 473 1621 mentem
486 1576 548 1622 non
560 1566 674 1622 tantum
686 1560 724 1620 ab
736 1560 859 1622 inlicitis
876 1564 1038 1637 voluptati-

60 1642 127 1721 bus,
143 1646 200 1706 sed
216 1647 305 1706 etiam
322 1646 532 1721 supervacuis,
548 1645 661 1706 libebat
675 1645 925 1707 circumscribere
938 1648 1039 1722 gulam

58 1741 96 1790 ec
118 1735 264 1790 ventrem.
313 1727 387 1790 inde
412 1727 483 1789 mihi
514 1729 665 1805 quaedam
694 1744 906 1806 permansere,
934 1731 1081 1791 Lucilild

58 1826 170 1890 magno
184 1813 264 1874 enim
278 1814 308 1873 in
326 1814 427 1874 omnia
441 1814 563 1889 inceptu
577 1829 731 1874 veneram.
755 1813 866 1874 deinde
880 1816 919 1875 ad
935 1815 1038 1876 civita-

57 1897 97 1958 tis
118 1897 210 1959 vitam
229 1899 374 1959 reductus
397 1910 436 1957 ex
455 1898 535 1958 bene
555 1897 673 1974 coeptis
696 1911 794 1973 pauca
809 1900 946 1960 servavit
967 1899 1039 1960 inde

58 1982 171 2043 ostreis
183 1982 358 2057 boletisque
372 1982 401 2040 in
418 1995 537 2042 omnem
558 1980 652 2042 vitam
672 1982 877 2044 renuntiatum
898 1990 954 2043 est.
982 1999 1039 2043 neo

58 2063 139 2126 enirn
154 2065 222 2140 albi,
239 2068 296 2127 sed
311 2066 531 2126 oblectamenta
546 2067 671 2126 suntad
686 2066 838 2128 edendum
852 2075 976 2128 saturos
987 2084 1038 2128 co-

57 2147 174 2224 gentia,
197 2150 282 2226 quod
299 2147 504 2224 gratissimum
525 2157 573 2210 est
593 2149 739 2209 edacibus
755 2154 786 2208 et
803 2165 838 2208 se
853 2151 932 2210 ultra
947 2164 1038 2226 quam

58 2233 184 2310 capiunt
204 2234 415 2306 sarcientibus,
442 2232 531 2293 facile
555 2233 759 2304 descensura,
786 2233 874 2293 laclle
892 2235 1036 2294 reditura.

57 2316 131 2378 inde
156 2318 187 2377 in
213 2331 334 2378 omnem
359 2318 450 2378 vitam
474 2325 631 2393 unguento
661 2315 865 2390 abstinemus,
895 2318 1037 2390 qnoniam
1047 2323 1080 2377 16

59 2402 193 2478 optimus
218 2402 296 2462 odor
321 2400 352 2462 ln
377 2415 506 2476 corpore
530 2407 578 2461 est
598 2401 709 2460 nullus.
739 2399 811 2460 inde
831 2399 902 2461 vino
929 2415 1038 2461 carens

58 2485 247 2547 stomachus.
275 2484 347 2546 inde
367 2484 397 2544 in
414 2500 534 2545 ornnem
548 2485 640 2545 vitam
655 2483 798 2544 balneum
819 2483 964 2559 sugimus,
986 2485 1039 2544 de-

58 2580 196 2646 coquere
217 2582 332 2646 corpus
353 2573 444 2645 etque
465 2569 622 2629 exinanire
643 2568 808 2629 sudoribus
828 2567 934 2629 inutile
949 2568 1039 2630 simul

58 2650 284 2729 delicatumque
296 2652 496 2713 credidimus:
509 2660 611 2714 cetera
623 2652 759 2728 proiecta
771 2652 934 2727 redierunt,
942 2652 983 2715 ita
995 2661 1039 2715 ta·

57 2750 136 2809 men,
152 2744 187 2798 nt
202 2750 330 2812 quornm
346 2735 557 2797 abstinentiam
572 2737 726 2812 interrupi,
741 2738 865 2799 modurn
877 2755 996 2799 servem
1009 2744 1040 2798 et

59 2819 184 2897 quidem
197 2818 398 2881 abstinentiae
410 2822 633 2897 proximiorem,
649 2820 755 2882 nescio
774 2838 811 2883 an
826 2821 1037 2898 difficiliorem,

59 2903 206 2980 quonlam
229 2903 351 2980 quidem
372 2905 570 2966 absciduntur
589 2907 708 2967 lucilius
729 2907 830 2968 enimn
851 2924 942 2982 qnam
965 2917 1038 2969 tem-

59 2995 215 3064 perantur.
246 2988 1080 3066 Quoniamcoepitibiexponere‚quantott

58 3070 210 3134 iuniore
239 3073 376 3148 inpetu
404 3074 449 3133 ad
478 3072 769 3150 philosophiam
797 3075 953 3135 iuvenis
977 3089 1038 3135 nc·
1131 3138 1134 3142 ,

60 3155 249 3218 cesserim
269 3170 378 3231 quarn
395 3171 513 3216 senex
528 3172 699 3232 pergam,
718 3173 792 3216 nen
807 3157 1039 3233 pudebitia·

58 3239 149 3314 teri,
172 3254 280 3316 quem
295 3239 385 3299 rnihi
403 3238 831 3318 umoremPythngorae
852 3240 1041 3301 iniecerit

59 3320 208 3386 Sotion.
224 3323 354 3398 dicebat,
368 3340 463 3399 quare
474 3325 523 3383 ille
535 3321 715 3383 animalibus
728 3321 934 3399 abstinuisset,
943 3339 1039 3398 quare

60 3414 171 3484 postes
185 3405 319 3470 Sextius.
342 3407 498 3468 dissimilis
512 3408 633 3483 utrique
650 3421 743 3466 causa
759 3414 831 3482 eret,
847 3409 903 3468 sed
917 3407 1039 3483 utrique

58 3491 240 3568 nequidem
261 3492 319 3553 Hic
329 3491 442 3553 homini
456 3491 531 3555 satis
547 3493 756 3553 alimentorum
772 3492 847 3552 citra
860 3491 1040 3568 sanguinem
1049 3499 1082 3555 18

101 3595 206 3636 amen
224 3597 294 3635 nnn.
315 3580 359 3637 lIl.
839 3583 878 3640 nd
