2468 3930
173 218 236 282 422
485 221 515 276 L.
528 219 666 276 nunaut
681 219 845 278 SENECAE

237 373 449 447 ‚,philosophia,
474 373 576 443 inquit,
599 371 667 427 nihil
686 374 762 429 aliud
783 379 825 430 est
846 389 928 445 quarn
944 379 1021 429 reeta
1037 373 1154 431 vivendi

174 461 244 515 ratio
261 460 308 515 vel
329 457 448 512 honeste
463 456 579 513 vivendi
594 456 710 513 scientia
729 459 777 514 vel
798 473 845 512 ars
862 463 955 513 rectae
971 457 1047 513 vitae
1065 473 1153 530 agen-

175 544 239 599 dae.
269 542 332 597 Non
347 541 517 608 errabimus,
538 540 562 594 si
586 539 738 595 dixerimus
755 540 963 614 philosophiam
982 558 1047 597 esse
1061 543 1154 614 legem

174 629 247 681 bene
262 624 437 694 honesteque
452 622 586 692 vivendi,
609 629 636 678 et
652 625 699 695 qui
716 625 818 681 dixerit
833 625 908 681 illam
923 626 1052 697 regulam
1068 625 1154 694 vitae,

175 725 256 764 suum
275 709 313 763 illi
330 702 459 782 [nemen]
474 706 626 764 reddidit.“

135 801 186 855 18‘
238 789 338 863 Ihid.§
355 795 482 849 ll—ll.
513 789 624 847 Seneca
638 792 667 846 in
677 791 936 848 Exhortatieuibusz

239 876 403 946 „Pleriquc,
428 874 529 945 inquit,
553 874 785 947 philosophorum
807 877 878 932 tales
900 881 980 949 sunt,
1007 876 1103 932 diserti
1126 878 1154 932 in

175 958 333 1016 convicium
348 975 439 1014 suum.
459 959 566 1030 quossi
581 959 680 1015 audias
695 959 722 1014 in
735 960 896 1029 avaritiam,
913 960 942 1014 in
953 957 1112 1030 libidinem,
1125 961 1154 1015 in

174 1043 356 1100 ambitionem
374 1049 555 1114 perorantes,
575 1041 708 1098 indicium
729 1045 875 1115 prolessos
897 1048 996 1115 putess
1018 1043 1092 1099 adeo
1107 1060 1153 1100 re·

175 1127 302 1183 dundant
320 1126 357 1183 ad
371 1127 448 1198 ipsos
463 1125 611 1182 maledicta
627 1125 656 1181 in
671 1128 814 1199 publicum
828 1128 923 1183 missa.
943 1144 1013 1199 quos
1032 1143 1089 1182 non
1103 1129 1153 1183 ali-

174 1217 216 1266 ter
235 1211 335 1267 intueri
348 1211 430 1266 decet
440 1226 524 1282 quam
535 1209 678 1280 medicos,
693 1226 811 1282 quorum
823 1211 892 1268 tituli
903 1211 1029 1267 remedia
1040 1210 1154 1280 habent,

173 1295 297 1367 pyxides
312 1310 431 1352 venena.
450 1294 588 1365 quosdam
601 1311 672 1350 vero
686 1311 739 1351 nee
748 1295 841 1367 pudor
851 1295 983 1352 vitiorum
996 1301 1086 1367 tenet,
1102 1295 1155 1352 sed

174 1380 330 1451 patrocinia
345 1377 508 1450 turpitudini
523 1393 592 1433 suae
608 1377 730 1452 fingunt,
753 1385 783 1433 ut
798 1379 881 1435 etiam
898 1379 1017 1436 honeste
1032 1396 1153 1452 peccare

177 1464 355 1520 videantur.“
572 1511 574 1514 Α
797 1505 800 1512 ,
1035 1474 1038 1479 2

132 1540 166 1597 19
238 1546 333 1617 „Facit
345 1548 475 1619 sapiens,
495 1547 582 1618 inquit
594 1547 670 1603 idem
686 1545 808 1616 Seneca,
828 1547 912 1602 ctiam
926 1561 998 1617 quac
1014 1563 1072 1602 non
1087 1563 1153 1620 pro·

83 1632 85 1635 ’
176 1631 265 1699 babit,
287 1636 317 1685 ut
333 1631 415 1686 etiam
433 1631 470 1687 ad
488 1632 595 1687 maiora
616 1631 762 1686 transitum
782 1631 922 1700 inveniat,
944 1647 997 1687 nec
1017 1632 1156 1703 relinquet

175 1716 266 1785 bonos
287 1730 380 1771 morea
400 1715 453 1771 scd
473 1715 593 1788 tempori
612 1716 731 1786 aptabit,
754 1720 781 1770 et
802 1715 902 1786 quibus
924 1716 971 1770 alii
992 1721 1105 1772 utuntur
1126 1717 1154 1772 in

176 1798 294 1870 gloriam
309 1805 356 1853 aut
370 1801 557 1870 voluptatem,
573 1803 664 1855 utetur
679 1798 809 1871 agendae
824 1800 866 1854 rei
884 1797 1003 1855 eausa.“

133 1889 169 1943 20
240 1881 348 1938 Deinde
363 1885 447 1956 paulo
462 1888 541 1956 post=

240 1965 372 2037 ,‚0mnia,
388 1984 460 2038 quae
475 1967 611 2022 luxuriosi
624 1966 728 2022 iaciunt
739 1981 869 2038 quaeque
884 1966 1017 2040 imperiti,
1033 1967 1117 2024 faciet
1128 1974 1153 2026 et

176 2052 306 2124 sapiens,
322 2051 446 2107 sednon
462 2050 562 2106 eodem
576 2050 661 2107 modo
679 2051 837 2122 eodemque
851 2051 1026 2124 preposito.“

237 2134 323 2207 Atqui
340 2134 408 2190 nihil
423 2136 552 2204 interest,
567 2152 622 2206 quo
634 2136 728 2191 animo
743 2136 845 2204 iacias,
861 2136 938 2207 qued
953 2136 1055 2193 fecisse
1072 2137 1139 2194 vitio

177 2236 239 2274 sum
255 2224 313 2289 est,
329 2219 394 2289 quia
409 2219 481 2275 taeta
496 2224 662 2289 cernuntur,
681 2218 789 2274 animus
805 2235 862 2274 non
878 2219 1000 2276 videtur.

131 2305 164 2360 21
237 2300 478 2375 Ibid.c.16,14.
509 2301 635 2360 Senecas

238 2386 382 2456 „nondum
396 2394 473 2459 sunt,
488 2389 591 2459 inquit,
607 2388 681 2444 mille
696 2387 778 2458 anni,
793 2402 896 2459 exque
911 2387 989 2443 initia
999 2387 1153 2461 sapientiae

176 2477 251 2527 mota
266 2473 358 2526 sunt.“

129 2557 164 2610 11
235 2553 307 2610 lbtd.
325 2570 349 2611 e.
364 2557 416 2623 23,
432 2558 474 2612 14.
505 2555 605 2611 Fuisse
620 2552 731 2612 Seneca
747 2555 819 2611 inter
829 2551 938 2612 Stoicos
951 2554 1003 2624 ait,
1020 2555 1067 2625 qui
1083 2553 1150 2609 deli·

176 2640 302 2706 beraret,
318 2644 446 2693 utrumne
462 2639 515 2693 soli
532 2654 645 2710 quoque
660 2655 728 2694 suos
744 2641 865 2711 populos
881 2639 975 2695 dareta
990 2639 1085 2711 inepte
1099 2637 1153 2693 sci·

177 2723 255 2789 lieet,
271 2720 318 2790 qui
333 2721 508 2778 dubitaverit

129 2809 163 2864 23
236 2801 309 2859 ibid.
327 2819 351 2859 c.
360 2808 412 2872 25,
428 2808 461 2860 15
473 2818 532 2876 sqq.
560 2802 657 2861 Nullas
668 2821 801 2877 umquam
812 2808 944 2864 mulieres
958 2805 1153 2879 philosophari

176 2887 332 2944 docuerunt
348 2893 461 2959 praeter
477 2903 563 2944 unam
588 2891 721 2945 exomni
743 2892 879 2947 memoria
900 2890 1079 2958 Themistou,
1103 2906 1153 2944 ne-

176 2987 230 3043 que
246 2987 346 3028 servos
361 2977 475 3045 praeter
485 2988 572 3028 unum
581 2972 781 3044 Phaedonem,
796 2990 880 3046 quem
894 2975 968 3031 male
983 2974 1154 3031 servientem

175 3057 332 3113 redemisse
343 3073 377 3113 ac
389 3057 521 3113 docuisse
533 3055 665 3115 Cebetem
676 3058 796 3114 tradunt.
818 3059 990 3115 Enumerant
1001 3058 1084 3114 etiam
1090 3057 1153 3113 Pla-

174 3148 269 3198 toncm
284 3157 317 3198 ae
328 3141 499 3215 Diogenem,
514 3141 561 3213 qui
572 3147 665 3198 umen
676 3143 753 3199 servi
764 3149 821 3198 n‘on
833 3144 959 3212 luerunt,
973 3140 1026 3199 scd
1036 3141 1081 3197 his
1093 3156 1153 3197 ser-

175 3227 248 3283 vitus
267 3233 410 3283 evenerat.
432 3231 496 3282 sunt
507 3227 581 3282 enim
598 3227 679 3299 capti.
708 3226 852 3283 Platonem
868 3226 982 3298 quidem
996 3225 1153 3282 redemisse

175 3310 324 3366 Anniceris
340 3311 456 3381 quidam
470 3310 588 3367 traditur
600 3308 646 3367 HS
662 3310 733 3366 VIII.
750 3311 843 3382 itaque
859 3311 1010 3367 insectatus
1028 3316 1074 3366 est⁴
1086 3325 1153 3366 eon-

174 3394 255 3453 tieiis
266 3393 341 3450 hune
358 3395 450 3467 ipsum
460 3394 667 3466 redemptorem
679 3391 805 3465 Seneca,
819 3394 896 3465 quod
908 3410 998 3468 parvo
1008 3395 1154 3451 Platonem

171 3478 381 3548 aestimaverit,
404 3477 541 3548 furiosus,
562 3483 592 3534 ut
611 3477 679 3534 mihi
693 3479 807 3549 quidem
824 3479 950 3550 videtur,
974 3479 1023 3551 qui
1046 3477 1153 3535 homini
