2468 3930
203 221 265 288 348
473 223 506 283 L.
528 222 674 282 ANNAEI
695 221 870 282 SENECAE

203 387 237 439 ut
254 377 479 438 uitLucretius=
503 376 604 436 omnia
624 382 724 435 autem
745 375 819 448 ista,
840 389 920 449 quae
941 374 1020 450 dixi,
1041 391 1104 435 non
1120 393 1186 440 mu-

170 465 187 519 9
201 470 300 523 tarent
314 477 442 536 corpus,
465 460 523 520 nisi
539 466 709 533 tangerent:
732 474 804 533 ergo
822 474 955 534 corpora
969 466 1048 520 sunt.
1071 459 1186 521 Etiam·

203 561 284 604 nunc
301 544 348 604 cui
364 551 447 604 tanta
461 545 508 603 vis
523 550 584 616 est,
606 550 639 602 ut
657 542 784 617 inpellat
804 549 835 602 et
855 547 946 617 cogat
965 549 996 602 et
1011 544 1144 605 retineat
1158 551 1187 606 et

203 628 320 698 iubeat,
343 644 457 703 corpus
477 634 534 687 est.
563 625 638 701 quid
658 633 753 701 ergo?
780 641 840 686 nou
863 625 1096 687 timorretinetl
1122 645 1185 690 non

203 711 333 771 audacia
357 711 495 786 inpellit
525 727 587 771 non
611 708 755 770 fortitudo
777 707 896 770 inmittit
912 716 942 769 et
956 710 1093 785 inpetum
1115 713 1187 773 datt

203 811 265 854 non
289 794 458 855 moderatio
479 795 663 854 refrenatae
678 799 824 852 revocat?
850 810 912 854 non
928 795 1073 868 gaudium
1088 797 1185 857 extol·

163 879 255 942 lolitt
276 895 337 938 non
352 879 471 940 tristitia
485 877 630 938 adducit?
656 877 796 951 Denique
811 877 957 953 quicquid
972 879 1118 953 iacimus,
1134 889 1186 942 aut

204 962 334 1023 malitiae
349 969 400 1023 aut
414 962 532 1022 virtutis
548 961 681 1036 gerimus
695 959 839 1035 imperio:
873 961 958 1037 quod
972 962 1103 1037 imperat
1118 979 1185 1025 cor·

203 1046 287 1121 pori,
307 1062 420 1121 corpus
442 1054 503 1119 est,
526 1045 610 1121 quod
630 1044 690 1103 vim
707 1043 830 1119 corpori
843 1045 956 1119 adfert,
972 1060 1097 1121 corpus.
1126 1045 1171 1108 Bo

204 1146 276 1190 num
292 1131 432 1205 corporis
448 1129 618 1205 corporalis
632 1144 682 1188 res
698 1134 755 1188 est.
784 1127 899 1189 bonum
920 1128 1053 1189 hominis
1074 1137 1106 1190 ει
1118 1147 1186 1193 cor·

164 1225 194 1277 ιι
204 1215 289 1289 poris
304 1214 418 1274 bonum
433 1221 493 1274 est:
523 1215 627 1288 itaque
642 1212 812 1287 corporalis
827 1229 878 1272 res
893 1219 950 1273 εει.
973 1212 1141 1289 Quoniam,
1153 1221 1187 1276 ut

204 1297 342 1371 voluisti,
365 1314 480 1358 morem
502 1297 585 1371 gessi
599 1296 667 1368 tibi,
689 1311 771 1356 nunc
786 1295 856 1371 ipse
872 1296 972 1356 dicam
987 1297 1076 1372 milri,
1099 1299 1186 1375 quod

204 1382 353 1442 dicturum
369 1397 439 1442 esse
454 1381 604 1440 tondeo:
627 1380 804 1440 latrunculis
819 1380 960 1441 ludimus.
989 1381 1020 1441 in
1036 1397 1187 1457 superva-

204 1464 269 1526 cuis
285 1465 436 1526 subtilitas
451 1462 571 1525 teritur=
590 1478 652 1523 non
663 1464 887 1524 faciuntbonos
902 1465 975 1539 ista,
992 1466 1050 1526 sed
1065 1465 1186 1528 doctos.

165 1549 337 1623 ltapertior
357 1564 408 1609 res
428 1556 477 1608 εει
496 1563 622 1623 sapere,
643 1548 735 1608 immo
750 1547 927 1623 simplicior.
959 1546 1068 1623 paucis
1083 1558 1132 1612 est
1146 1551 1185 1614 ad

202 1639 333 1691 mentem
354 1630 467 1691 bonam
486 1630 530 1691 uti
550 1632 660 1691 literis:
683 1632 741 1692 sed
755 1648 813 1692 nos
827 1640 861 1692 ut
875 1636 977 1691 cetera
989 1632 1020 1692 in
1036 1647 1185 1708 superva-

203 1731 294 1775 cuum
310 1713 523 1789 diffundimus,
544 1715 586 1776 ita
605 1715 832 1791 philosophiam
851 1716 960 1791 ipsam.
986 1718 1186 1792 quemadmo-

203 1797 274 1857 dum
296 1799 429 1859 omnium
445 1815 560 1871 rerum,
582 1800 628 1859 sic
645 1800 799 1860 literarum
815 1815 939 1874 quoque
951 1797 1187 1876 intemperantia

202 1881 394 1942 laboramus:
416 1900 477 1944 non
496 1885 589 1956 vitae,
607 1883 663 1942 sed
679 1883 804 1944 scholae
819 1883 977 1944 discimus.
999 1884 1087 1946 Vale.

494 2018 710 2077 EPISTULA
729 2020 777 2076 lV.
799 2022 887 2091 (107.)

459 2113 570 2165 Ssnscs
586 2114 696 2163 Lucrmo
715 2124 766 2164 suo
786 2125 927 2169 securum.

173 2228 185 2280 1
264 2217 322 2278 Ubi
336 2218 387 2277 illa
403 2218 563 2294 prudentia
578 2223 649 2278 tuat
673 2217 725 2277 ubi
739 2218 770 2276 in
786 2216 986 2294 dispiciendis
1000 2216 1097 2279 rebus
1113 2219 1183 2281 sub·

203 2301 316 2362 tilitas?
343 2301 397 2363 ubi
422 2301 618 2377 magnitudo?
643 2308 716 2361 tarn
739 2302 887 2376 pusilla
905 2316 971 2361 res
994 2308 1031 2361 te
1055 2304 1184 2378 augitl

203 2383 314 2445 Servi
347 2386 633 2461 occupationes
663 2392 748 2446 tuas
781 2385 1038 2446 occasionem
1066 2386 1182 2461 fugae

202 2476 451 2544 putaverunt:
485 2469 512 2529 si
535 2467 623 2528 amici
648 2468 826 2544 deciperent
844 2467 921 2509 *Η
944 2467 1079 2530 habeant
1104 2470 1182 2530 enim

202 2568 277 2613 sune
291 2567 418 2625 nomen,
440 2553 522 2627 quod
544 2550 605 2612 illis
624 2553 894 2629 nosterEpicums
908 2551 1061 2627 inposuit,
1085 2562 1118 2615 et
1131 2569 1181 2615 vo·

202 2642 323 2705 centur,
352 2652 414 2710 quo
436 2636 555 2711 turpius
576 2652 638 2696 non
660 2636 721 2696 sint
736 2635 752 2673 *
768 2635 910 2697 omuibus
930 2635 1026 2697 rebus
1045 2636 1108 2698 tuis
1129 2638 1181 2698 de

202 2727 273 2779 sunt
286 2718 344 2791 illi,
366 2719 417 2794 qui
438 2728 469 2780 et
491 2735 618 2795 operam
632 2727 714 2780 tuam
729 2721 926 2781 conterebant
938 2726 969 2780 et
984 2720 1027 2797 [α]
1043 2726 1076 2781 te
1090 2721 1183 2799 alitis}

171 2803 361 2866 tmolestum
380 2819 452 2864 esse
472 2803 659 2864 credebant?
687 2803 765 2863 Nihil
785 2804 894 2866 horum
915 2804 1087 2879 insolitum,
1110 2804 1182 2865 nibil

200 2885 445 2960 inexspectatum
463 2896 521 2948 est
553 2886 668 2948 offendi
686 2887 780 2948 rebus
801 2889 869 2948 istis
883 2896 945 2948 tam
958 2886 1123 2949 ridiculum
1136 2895 1183 2948 εει

201 2985 292 3043 quam
308 2971 408 3046 queri,
429 2973 514 3047 quod
534 2971 691 3046 spargaris
709 2970 739 3029 in
760 2971 884 3047 publico
899 2978 951 3031 aut
962 2969 1136 3046 inquineris
1151 2973 1182 3032 in

199 3054 272 3113 luto.
300 3053 416 3115 Eadem
431 3055 511 3115 uitae
529 3056 670 3115 condicio
688 3061 751 3129 est,
766 3071 847 3131 quae
860 3054 978 3128 balnei,
994 3055 1121 3128 turbae,
1135 3052 1181 3117 iti·

199 3139 298 3198 neris:
320 3141 472 3212 quaedam
494 3139 526 3199 in
541 3146 571 3199 te
585 3137 752 3211 mittentur,
774 3139 927 3213 quaedam
938 3138 1085 3203 incident
1115 3139 1182 3201 Non

199 3231 248 3282 est
262 3221 393 3283 delicata
406 3239 458 3283 res
472 3223 587 3282 vivere.
609 3225 732 3298 longam
746 3223 829 3283 riam
845 3223 1006 3297 ingressus
1021 3238 1074 3285 εει
1093 3230 1126 3284 ει
1138 3223 1181 3283 lc·

198 3304 281 3365 baris
303 3314 425 3382 oportet
443 3315 475 3367 et
488 3307 599 3367 arietes
617 3314 649 3367 et
661 3307 756 3367 cadas
771 3313 802 3366 et
817 3306 947 3368 lasseris
959 3314 992 3367 et
1006 3306 1181 3369 exclamesz

197 3405 245 3461 „o
259 3398 355 3449 mors!
366 3396 383 3423 “
398 3390 430 3451 id
445 3397 494 3450 εει
506 3390 672 3451 mentiaris.
694 3389 755 3452 ulio
771 3390 840 3450 loco
855 3389 997 3451 comitem
1010 3390 1180 3466 relinques,

197 3472 258 3532 clio
273 3472 402 3539 efferes.
416 3474 477 3533 alio
492 3473 622 3534 timebis.
645 3489 703 3550 per
714 3473 868 3535 eiusmodi
882 3473 1020 3535 offensas
1034 3475 1179 3536 emetien-
1209 3482 1215 3489 ·
