2468 3930
160 229 645 294 EP18TUL.MOR.L13.XV111.
666 235 794 299 aare.
817 243 976 313 (roaroo.)
1019 237 1079 302 ³47

101 385 154 446 bat
173 383 204 444 in
224 389 399 443 contextum
420 385 523 458 operis
544 385 613 444 mei.
641 384 703 446 seis
725 387 805 447 enim
826 404 875 447 me
898 390 1080 450 moralem

102 467 397 548 philosophiam
416 470 495 527 veile
516 468 669 544 conplecti
689 478 719 531 et
734 487 841 532 omnes
856 472 897 532 ad
911 488 979 532 earn
992 474 1079 548 perti·

102 554 203 616 nentis
225 550 423 628 quaestiones
439 552 603 626 explicare.
628 554 733 628 itaque
753 555 890 616 dubitavi
909 564 1006 618 utrum
1025 558 1081 617 dif-

101 639 213 699 ferrem
232 643 336 710 toan,
358 636 458 697 donee
480 652 555 697 suus
576 637 624 697 isti
646 636 691 696 rei
711 640 828 698 veniret
842 639 945 714 loeus,
966 641 1014 700 ius
1029 641 1082 700 tibi

101 729 189 783 extra
209 720 347 782 ordinem
369 720 516 780 dicerene
544 720 707 780 humanius
728 723 827 782 visum
850 732 972 785 esttam
991 726 1083 800 longe

100 805 275 866 venientem
296 818 357 863 non
379 803 524 864 detinere.
557 806 664 878 ltaque
684 812 715 864 ot
734 806 794 866 hoo
810 821 851 864 ex
872 807 922 867 itia
938 809 1019 868 serie
1032 824 1081 868 re·
1101 814 1116 862 3

100 906 169 951 rum
187 888 415 950 cohaerendum
429 902 593 963 excerpam
610 895 655 960 et,
678 888 705 948 si
729 905 790 964 qua
809 898 898 950 erunt
918 891 1079 963 eiusmodi,

102 990 164 1041 non
180 971 339 1049 quaerenti
357 971 410 1030 tibi
432 971 512 1031 uitro
533 972 656 1031 mittam.
686 989 765 1047 quae
785 973 846 1033 sint
862 973 939 1034 haee
953 975 1081 1035 interro·

101 1063 180 1134 gast
203 1070 284 1132 quae
300 1055 788 1130 seiremagisiuvatquam
803 1058 979 1131 prodest,
1002 1058 1082 1118 siout

101 1142 177 1215 boe,
193 1141 310 1214 dequo
330 1137 469 1214 quaeris:
491 1139 687 1200 bonuman
703 1155 848 1216 eorpus
865 1142 937 1203 siti
960 1141 1113 1209 Bonum4

101 1223 190 1286 tacite
213 1223 343 1299 prodest
358 1223 446 1283 enim.
472 1223 555 1297 quod
571 1224 652 1297 iacit,
667 1240 781 1299 eorpus
798 1232 855 1285 est.
881 1226 1001 1286 Bonum
1019 1225 1081 1299 agi·

100 1316 145 1370 tat
166 1308 299 1369 animum
324 1314 355 1366 et
381 1307 608 1381 quodammodo
636 1309 745 1368 format
769 1315 799 1369 et
828 1309 976 1384 eontinet,
1003 1323 1082 1384 quae

101 1392 229 1470 propria
244 1399 315 1452 sunt
329 1391 479 1466 eorporis.
502 1407 581 1466 quae
596 1392 737 1467 eorporis
750 1393 832 1453 bona
847 1400 933 1466 sunt,
950 1407 1082 1467 corpora

102 1485 190 1539 sunt:
217 1491 291 1551 ergo
313 1482 344 1535 et
360 1491 440 1551 quae
462 1476 553 1535 animi
575 1483 655 1536 sunt.
682 1492 753 1536 nam
773 1483 803 1536 et
817 1476 877 1538 hoo
893 1493 1006 1552 eorpus
1024 1484 1082 1536 est.

100 1561 220 1622 Bonum
234 1557 367 1621 bominis
382 1573 512 1619 neeesse
527 1567 575 1619 est
589 1575 703 1635 corpus
719 1559 772 1632 sit,
791 1575 859 1621 oum
876 1561 945 1636 ipse
960 1560 1000 1621 sit
1014 1576 1081 1620 eor·
1097 1571 1113 1623 5

101 1645 229 1721 paratis.
257 1642 401 1716 mentior,
421 1642 481 1703 nisi
502 1650 532 1703 et
546 1660 626 1717 quae
641 1645 725 1705 alunt
741 1644 822 1705 ilium
836 1651 868 1705 et
881 1660 961 1720 quae
975 1645 1082 1705 valitu-

101 1730 203 1789 dinem
225 1728 291 1788 eius
313 1728 361 1786 vei
383 1727 558 1789 custodiunt
578 1729 626 1788 vel
643 1729 820 1804 restituunt,
843 1744 977 1804 corporo
996 1735 1081 1790 sunt:

101 1829 176 1888 ergo
192 1820 222 1873 et
235 1811 349 1872 bonum
361 1811 428 1871 eius
444 1827 557 1886 eorpus
569 1819 626 1875 est.
651 1812 717 1874 Non
733 1819 807 1888 puto
823 1819 853 1873 te
868 1813 1081 1884 dubitaturum,

101 1913 140 1957 an
156 1897 296 1957 adiectus
311 1910 443 1970 corpora
458 1895 526 1970 sint,
536 1929 580 1940 -
590 1902 623 1956 ut
639 1897 721 1958 atiud
737 1913 876 1973 quoque,
891 1899 930 1957 de
945 1914 1007 1974 quo
1020 1912 1082 1958 non

102 1978 226 2056 quaeris
243 1978 396 2040 iniuloiam
411 2013 454 2024 —
468 1987 621 2055 tamquam
636 1980 695 2053 ira,
711 1997 811 2055 amor,
827 1982 962 2042 tristitia:
985 1981 1011 2041 si
1026 1981 1080 2040 du·

100 2065 196 2138 bites,
218 2062 289 2123 vide
305 2078 342 2121 an
360 2065 474 2124 voltum
491 2064 581 2124 nobis
597 2071 725 2138 mutent,
751 2081 789 2123 an
805 2065 935 2125 frontem
949 2064 1081 2125 adstrin-

100 2155 188 2224 gant,
208 2164 247 2207 an
269 2145 377 2206 faeiem
397 2145 583 2219 diffundant,
606 2164 643 2207 an
657 2148 800 2207 ruborem
815 2156 957 2220 evocent,
980 2165 1019 2208 an
1037 2149 1050 2206 f
1071 2179 1081 2187 -

99 2238 174 2308 gent
193 2231 383 2306 sanguinem.
412 2231 486 2305 quid
507 2237 602 2305 ergo?
629 2238 690 2290 tam
713 2230 890 2291 manifestas
910 2239 999 2292 notas
1014 2246 1080 2290 eor-

100 2313 171 2393 pori
191 2315 292 2375 eredis
312 2314 434 2390 inprimi
454 2313 513 2374 nisi
528 2331 547 2374 a
562 2321 713 2388 corporet
741 2313 774 2374 Si
795 2314 934 2375 adiectus
950 2327 1113 2389 corporeo

101 2406 189 2472 sunt,
205 2405 236 2459 et
249 2399 346 2458 morbi
361 2399 528 2458 animorum
545 2405 576 2458 et
589 2398 730 2472 avaritia,
746 2398 926 2472 erudelitas,
941 2398 1083 2457 indurata

101 2483 174 2544 vitia
188 2490 218 2544 et
234 2482 264 2541 in
282 2489 392 2544 statum
409 2481 663 2542 inemendabilem
681 2482 828 2542 adducta=
859 2497 932 2556 ergo
952 2490 982 2543 et
999 2481 1082 2540 mali·

99 2568 143 2627 tia
157 2573 187 2626 et
202 2565 324 2642 speeies
340 2566 407 2626 eius
423 2583 545 2642 ornnes,
567 2564 752 2640 malignitas,
774 2564 902 2639 invidia,
921 2565 1081 2641 superbia:

100 2665 176 2726 ergo
198 2657 228 2711 et
249 2651 349 2722 bona,
369 2651 497 2725 primum
520 2651 591 2726 quia
611 2649 762 2710 contraria
776 2649 844 2710 istis
860 2658 945 2724 sunt,
971 2649 1112 2717 deinde7

100 2733 175 2811 quia
189 2735 296 2794 eadem
310 2734 363 2794 tibi
376 2733 489 2795 indicia
504 2736 717 2810 praestabunt:
740 2749 777 2793 an
789 2750 850 2794 non
864 2734 969 2809 vides,
987 2749 1083 2809 quan·

99 2826 164 2880 tum
185 2819 282 2879 oeulis
304 2819 357 2878 det
378 2819 511 2893 vigorem
532 2818 699 2879 fortitudo?
727 2825 870 2893 quantam
886 2819 1083 2879 intentionem

102 2901 287 2977 prudentia?
321 2909 464 2976 quantam
486 2901 667 2963 modestiam
688 2909 718 2961 et
740 2902 871 2976 quietern
892 2902 1084 2963 reverentia?

100 2991 245 3062 quantam
257 2985 451 3046 serenitatem
462 2986 594 3046 laetitia?
615 2993 760 3062 quantum
772 2985 1084 3060 rigoremseveriasr

100 3076 246 3146 quantam
266 3068 478 3132 remissionem
498 3071 626 3131 lenitas?
655 3086 787 3145 corpora
808 3085 881 3144 ergo
896 3077 981 3141 sunt,
1004 3082 1083 3142 quae

99 3153 238 3214 dolorem
256 3153 453 3229 habitumque
475 3170 639 3229 corporum
660 3160 790 3225 mutant,
814 3167 895 3226 quae
915 3151 1019 3211 inillis
1037 3165 1084 3208 re·

98 3253 194 3312 gnum
209 3254 301 3299 suum
315 3246 469 3298 exercent.
492 3254 599 3299 omnes
614 3244 729 3308 autem,
746 3252 823 3312 quas
838 3235 942 3308 retuli,
956 3234 1084 3294 virtutes

99 3321 182 3382 bona
203 3330 275 3382 sunt
294 3329 324 3382 et
339 3321 487 3397 quioquid
502 3338 541 3382 ex
555 3321 614 3381 iltis
631 3329 687 3381 est.
716 3318 871 3394 Numquid
888 3327 937 3378 est
950 3317 1084 3391 dubium,
1097 3321 1116 3378 8

100 3421 139 3466 an
153 3403 204 3480 id,
221 3421 282 3480 quo
299 3405 373 3482 quid
386 3406 470 3480 tangi
484 3412 600 3481 potest,
619 3420 732 3478 eorpus
748 3404 808 3464 sit?

179 3494 305 3566 tannem
314 3492 392 3551 enim
406 3496 435 3551 et
450 3492 534 3564 tanai
545 3490 605 3549 nisi
616 3504 724 3564 corpus
740 3490 826 3549 nulla
833 3492 929 3564 potest
940 3503 998 3560 res,
