2468 3930
235 213 299 282 232
514 217 547 275 L.
569 216 716 276 ΑΝΝΑΕΙ
737 215 913 278 SENECAE
954 248 958 254 ·

235 371 351 437 natoris
367 367 508 430 condicio
529 377 560 430 et
580 369 739 445 sapientis.
773 369 845 431 huic
866 369 945 441 enim
965 370 1160 448 propositum
1175 380 1220 436 est

235 456 266 517 in
282 454 344 516 vito
363 453 483 529 agenda
503 469 564 513 non
585 454 707 528 utique,
723 451 818 528 'quod
840 460 981 530 temptat,
1004 455 1145 532 efficere,
1163 457 1220 520 'sed

237 539 337 623 omnia
359 544 443 598 recte
465 538 577 597 lacere.
611 538 808 611 gubernatori
828 538 1020 615 propositum
1044 548 1093 602 est
1117 543 1221 619 utique

236 639 346 706 nevem
361 623 391 682 in
407 627 528 697 portum
544 621 725 696 perducere.
753 630 835 683 artes
850 620 1006 685 ministrae
1022 631 1111 686 sunt·
1121 630 1219 702 ··prae·

236 715 318 768 stare
334 705 459 778 debent,
477 705 562 780 quod
576 706 769 781 promittunt=
786 705 943 782 ,sapientia
957 707 1083 770 domina
1095 711 1220 783 rectrix-

192 799 298 868 33que
317 797 374 851 est.
410 797 492 850 artes
514 789 653 850 serviunt
677 790 773 864 vitae,
801 791 953 866 sapientia
973 792 1109 868 imperat.
1153 794 1220 870 Ego

236 877 322 938 aliter
335 873 587 949 respondendum
603 873 721 934 iudioo=
742 888 805 934 nec⁴
821 881 917 936 artem
937 874 1151 952 gubernatoris
1166 879 1219 938 de-

234 960 378 1021 teriorem
392 959 454 1018 ulla
467 964 648 1032 tempestate
662 957 730 1017 fieri
744 974 802 1018 nec
816 960 916 1034 ipsam
930 960 1220 1022 administrationem

236 1044 319 1104 artis.
349 1041 540 1128 Gubernator
553 1041 607 1102 tibi
620 1058 683 1102 non
698 1041 871 1103 felicitatem
886 1045 1036 1121 promisit
1051 1044 1108 1106 sed
1117 1045 1220 1106 utilem

236 1143 363 1203 operam
383 1133 414 1186 et
433 1127 521 1185 navis
542 1126 697 1199 regendae
712 1127 881 1187 scientiam.
910 1128 987 1189 haec
1002 1144 1039 1191 eo
1055 1130 1151 1204 magis
1167 1130 1220 1189 ad-

235 1218 337 1288 paret,
361 1224 423 1285 quo
438 1210 479 1269 illi
496 1211 593 1284 magis
615 1209 717 1286 aliqua
735 1211 859 1272 fortuita
873 1213 922 1273 vis
937 1212 1062 1275 obstitit.
1090 1213 1150 1287 Qui
1161 1213 1221 1274 hoc

236 1295 333 1370 potuit
348 1295 465 1366 dicere,
480 1294 630 1370 Neptune,
645 1311 806 1370 numquam
820 1293 901 1357 tanc
913 1312 1019 1358 necem
1035 1300 1096 1358 etsi
1108 1303 1222 1358 rectam

236 1375 388 1454 [otdebe'sli
409 1377 465 1436 arti
486 1377 647 1439 satisfecit=
670 1385 837 1453 tempestas
859 1394 919 1439 non
941 1396 1020 1456 opus
1035 1381 1219 1454 gubernato-

191 1464 277 1533 34ris
293 1461 424 1537 inpedit,
439 1461 496 1520 sed
511 1477 701 1523 successum.
730 1462 829 1538 „Quid
843 1469 939 1537 argot
957 1463 1071 1539 inquit,
1087 1480 1149 1523 non
1164 1480 1220 1524 no-

236 1555 284 1610 cet
298 1545 494 1622 gubernatori
514 1561 551 1605 ea
567 1561 634 1620 res,
658 1561 738 1622 quae
757 1547 840 1607 illurn
862 1551 966 1607 tenere
982 1557 1102 1623 portum
1118 1554 1222 1608 vetati

236 1646 316 1707 quae
336 1635 464 1695 conatus
486 1630 553 1690 eius
575 1628 683 1690 inritos
704 1631 820 1691 efficiet
854 1646 934 1707 quae
954 1638 1006 1693 aut
1025 1632 1118 1692 refert
1137 1633 1222 1692 illum

235 1722 288 1776 aut
301 1714 415 1775 detinet
428 1720 459 1774 et
475 1719 650 1779 exarmatt“
678 1714 747 1775 Non
761 1721 922 1791 tamquamv
931 1713 1143 1790 gubernatori,
1165 1715 1220 1776 sed

235 1807 390 1874 tamquam
411 1798 565 1872 naviganti
586 1796 685 1859 noc'et.
713 1797 874 1874 alioquin*
893 1799 1106 1874 gubernatoris
1127 1808 1222 1861 artem

237 1883 316 1944 adeo
333 1899 393 1944 non
409 1881 544 1958 inpedit,
563 1889 597 1942 ut
611 1882 769 1943 ostendam
791 1883 954 1958 tranquillo
971 1884 1065 1958 enim,
1081 1890 1114 1945 ut
1128 1884 1219 1957 aiunt,

238 1966 366 2043 quilibet
379 1966 565 2042 gubernator
579 1973 634 2026 est.
664 1966 787 2040 navigio
808 1966 869 2027 ista
883 1965 1010 2040 obsunt,
1032 1984 1094 2027 non
1110 1965 1222 2027 rectori

194 2051 319 2124 35eius,
343 2067 404 2124 qua
425 2059 527 2110 rector
547 2058 603 2111 est.
637 2051 720 2110 Duas
743 2049 1008 2125 personashabet
1020 2051 1220 2127 gubernatore

237 2136 361 2197 alteram
377 2149 569 2194 communem
584 2151 653 2193 curn
669 2132 826 2209 omnibuS,
849 2135 901 2209 qui
921 2134 1050 2195 eandem
1072 2149 1223 2195 conscen-

237 2219 348 2278 derunt
362 2234 487 2292 navem,
505 2235 565 2294 qua
583 2218 652 2293 ipse
668 2233 794 2294 quoque
808 2225 915 2279 vector
930 2227 992 2291 est,
1008 2218 1134 2279 alteram
1150 2233 1220 2292 pro-

236 2302 349 2379 priam,
372 2319 435 2378 que
454 2303 640 2378 gubernator
660 2309 717 2364 est.
747 2308 915 2378 tempestas
934 2308 1091 2377 tamquam
1105 2300 1223 2362 vectori

193 2393 343 2461 agnocet,
364 2405 425 2448 non
449 2393 602 2462 tamquam
622 2385 828 2461 gubernatori.
865 2385 984 2446 Deinde
1008 2385 1222 2462 gubernatoris

237 2488 288 2534 ars
305 2470 436 2532 alienum
449 2470 563 2532 bonum
581 2477 642 2531 est:
658 2468 698 2528 ad
710 2485 775 2544 eos,
791 2485 871 2545 quos
883 2469 974 2542 vehit,
991 2471 1131 2545 pertinet,
1147 2485 1223 2545 quo—

237 2554 330 2617 modo
345 2554 457 2616 medici
472 2555 512 2616 ad
527 2570 599 2628 eos,
615 2569 693 2630 quos
707 2559 807 2614 curat:
830 2553 981 2628 sapientia
996 2552 1223 2614 commonebo·

237 2655 310 2698 num
325 2647 371 2700 est
387 2647 553 2712 eteorum,
569 2653 638 2698 cum
654 2637 766 2713 quibus
782 2636 869 2712 vivit,
889 2644 918 2697 et
933 2638 1094 2713 proprium
1110 2636 1220 2712 ipsius.

237 2723 342 2795 itaque
356 2722 554 2796 gubernatori
570 2723 703 2782 fortasse
717 2727 842 2791 noceat,
861 2736 929 2781 cum
942 2719 1007 2781 eius
1023 2714 1223 2781 ministerium

195 2815 229 2873 37
238 2805 306 2866 aliis
322 2806 508 2881 promissum
522 2812 701 2880 tempestate
715 2804 883 2880 inpeditum
906 2805 1038 2879 sapienti
1048 2811 1114 2864 'non
1130 2819 1223 2864 noce·

241 2897 289 2951 tur
302 2906 322 2950 a
337 2897 524 2965 paupertate,
541 2907 602 2950 non
616 2907 636 2949 a
650 2890 766 2962 dolore,
781 2905 843 2948 non
858 2887 896 2948 ab
913 2888 980 2949 aliis
990 2886 1224 2963 tempestatibus

241 2975 336 3034 vitae·
361 2973 517 3035 nonenim
540 2973 740 3049 prohibentur
754 2988 849 3048 opera
864 2971 931 3034 eius
948 2973 1064 3046 omnia,
1086 2970 1143 3031 sed
1158 2976 1223 3029 tan-

240 3064 303 3120 tum
320 3060 359 3118 ad
375 3059 452 3119 alios
467 3059 662 3133 pertinentia:
691 3058 760 3131 ipse
775 3072 899 3131 semper
918 3057 947 3115 in
964 3063 1033 3117 actu
1047 3063 1109 3126 est,
1134 3054 1164 3113 in
1179 3054 1224 3112 el-

241 3146 324 3204 lectu
342 3151 415 3204 tunc
437 3143 602 3214 maximus,
625 3157 692 3202 cum
715 3143 756 3201 illi
777 3142 898 3202 fortuna
919 3156 955 3201 se
969 3138 1123 3216 obposuit.
1151 3143 1226 3198 tunc

241 3227 341 3302 ipsius
357 3227 526 3302 sapientiae
539 3225 693 3300 negotium
707 3227 778 3300 agit,
795 3242 885 3301 quern
901 3225 1033 3285 diximus
1048 3229 1078 3283 et
1092 3221 1226 3291 alienum

194 3311 352 3374 ³8b0num
379 3327 452 3372 esse
479 3318 509 3372 et
535 3314 634 3371 suum.
676 3308 839 3371 Praeterea
858 3325 898 3369 ne
919 3309 986 3369 aliis
1008 3304 1132 3384 quidem
1152 3311 1226 3365 tunc

239 3395 392 3470 prodesse
408 3394 601 3470 prohibetur,
618 3409 686 3454 eum
701 3394 783 3453 illum
799 3394 921 3468 aliquae
935 3390 1138 3452 necessitates
1154 3404 1224 3465 pre

238 3485 333 3538 munt.
363 3487 489 3555 propter
505 3484 714 3554 paupertatem
729 3477 908 3554 prohibetur
923 3476 1053 3551 docere,
1078 3471 1223 3550 quemad·
