2468 3930
280 254 452 320 EPISTUL.
468 258 560 321 MOR.
582 254 656 320 LIB.
671 260 708 320 X.
729 261 786 320 ΕΡ.
797 271 824 323 2.
840 265 912 337 (78.)
1016 262 1079 327 197

106 427 215 473 vorum
233 411 455 486 interquiescit,
478 426 546 471 cum
562 412 627 483 illa,
657 427 736 487 quae
750 414 925 488 torquebat,
952 412 1077 476 hebetu-

106 497 163 556 vit=
183 495 316 556 omnium
338 493 466 555 istorum
495 495 591 568 prima
614 496 792 557 verminatio
816 503 923 572 vexat,
954 496 1077 573 inpetus

105 594 192 640 mora
204 579 408 652 exstinguitur
430 585 460 638 et
480 577 549 638 linis
570 578 694 639 dolendi
709 586 757 640 est
772 580 976 655 obtorpuisse.
997 581 1077 641 Den-

105 665 193 737 tiuru,
212 664 385 735 oculorum,
401 660 519 722 aurium
534 661 623 721 dolor
636 662 676 722 ob
690 662 751 722 hoc
765 664 866 739 ipsum
881 665 1078 726 acutIssimus

105 753 168 818 est,
198 747 283 822 quod
301 746 379 806 inter
399 752 529 819 angusta
549 747 689 820 corporis
711 748 860 820 nascitur,
885 764 947 808 non
967 748 1078 823 minus,

105 829 310 901 mehercules,
327 844 418 904 quarn
436 829 544 904 capitis
559 829 672 903 ipsius=
691 831 746 888 sed
762 832 789 891 si
803 831 953 895 incitatior
967 838 1028 906 est,
1046 832 1078 893 iu

106 912 318 975 alienationem
340 927 548 988 soporemque
569 913 763 972 convertitur.
797 914 865 974 Hoc
879 915 982 991 itaque
997 918 1121 976 sola-10

104 996 179 1056 tium
200 997 279 1057 vasti
307 995 422 1056 doloris
443 1003 504 1068 est,
535 996 619 1070 quod
637 1011 766 1055 necesse
787 1003 835 1056 est
854 997 981 1059 desinas
995 999 1078 1058 illum

106 1080 233 1153 sentire,
253 1079 280 1139 si
294 1079 384 1138 nimis
400 1078 545 1139 senseris.
574 1078 648 1139 illud
667 1085 767 1139 autem
782 1086 843 1152 est,
866 1082 950 1155 quod
965 1080 1077 1156 inperi-

104 1170 154 1224 tos
176 1163 207 1222 iu
226 1163 390 1223 vexatione
410 1161 551 1237 corporis
571 1163 649 1220 male
670 1161 777 1222 habet:
795 1179 856 1222 nou
871 1165 1079 1226 adsueverunt

104 1247 206 1306 animo
221 1261 293 1306 εεεε
305 1247 447 1306 εοειεειι.
469 1245 594 1306 multum
611 1246 671 1305 illis
682 1260 752 1305 cum
767 1262 897 1320 corpore
912 1247 976 1308 luit.
1004 1247 1078 1308 Ideo

104 1332 152 1391 uir
170 1344 298 1405 magnus
320 1346 356 1389 ac
386 1330 521 1404 prudens
546 1330 677 1389 animum
703 1329 819 1390 diducit
844 1346 865 1389 ε
891 1346 1023 1404 corpore
1049 1338 1080 1392 et

104 1415 231 1474 multum
244 1429 314 1472 cum
335 1413 461 1473 meliore
476 1428 513 1472 ac
534 1411 636 1473 divina
653 1421 737 1487 parte
750 1421 907 1474 versatum
928 1430 998 1474 curn
1020 1413 1078 1474 hec

106 1498 234 1573 querula
246 1503 276 1556 et
288 1493 395 1570 fragili,
409 1504 555 1571 quantum
568 1512 699 1556 necesse
710 1505 767 1557 εει.
782 1495 866 1570 „Sed
876 1500 999 1558 moles
1009 1504 1120 1561 tumn

104 1589 179 1653 est,
207 1579 319 1655 inquit,
342 1594 477 1639 carere
498 1580 982 1655 adsuetisvoluptatibus,
1009 1582 1079 1642 abs-

104 1662 201 1724 tinere
227 1663 312 1736 cibo,
347 1663 443 1736 sitire,
474 1663 622 1723 esurire.“
664 1664 748 1724 Ηεεε
775 1664 872 1739 prima
898 1665 1081 1727 abstinentia

105 1749 302 1824 gravissunt.
332 1744 444 1807 deinde
459 1747 609 1823 cupiditas
624 1748 828 1822 relanguescit
843 1749 920 1824 ipsis
934 1766 991 1826 per
1010 1755 1079 1824 [aa]

106 1847 185 1908 quae
206 1832 361 1908 cupimus
389 1829 521 1906 fatigatis
541 1848 578 1891 ac
597 1831 825 1893 deficientibus:
845 1832 917 1892 inde
936 1849 1079 1895 morosus

104 1923 154 1977 est
166 1915 354 1976 stomachus.
383 1917 454 1975 inde
469 1916 581 1990 quibus
595 1916 651 1976 luit
665 1916 805 1992 aviditas,
821 1914 928 1978 odium
940 1925 996 1978 est.
1026 1918 1078 1978 de-

104 1997 218 2060 sideria
237 2000 306 2074 ipsa
325 2000 502 2060 moriuntur.
537 2016 599 2060 nou
620 2008 668 2059 est
688 2007 787 2061 autem
809 2001 953 2061 acerbum
974 2016 1079 2061 carere

104 2096 158 2153 eo,
184 2083 268 2157 quod
282 2097 396 2158 cupere
417 2083 556 2143 desieris.
592 2082 705 2157 Adice,
727 2085 810 2158 quod
829 2085 930 2144 nullus
951 2083 1121 2145 nonin-12

102 2165 273 2227 termittitur
295 2167 383 2227 dolor
402 2175 455 2227 aut
473 2174 556 2227 carte
578 2167 745 2227 remittitur.
780 2167 884 2238 adice,
906 2168 1081 2242 quodlicet

103 2257 134 2311 et
153 2264 264 2310 cavere
274 2258 434 2313 venturum
449 2258 480 2311 et
493 2251 645 2313 obsistere
659 2250 816 2310 inminenti
830 2251 984 2311 remediis.
1013 2252 1079 2311 nul·

102 2334 152 2394 lus
167 2334 247 2392 enim
262 2349 323 2394 non
337 2334 425 2409 signa
440 2334 616 2409 praemittit,
633 2335 737 2407 utique
752 2334 857 2407 quiex
873 2333 962 2394 solito
976 2349 1079 2394 rever·

101 2418 184 2478 titur.
212 2416 391 2480 Tolerabilis
406 2426 455 2479 est
471 2419 568 2477 morbi
584 2417 742 2492 patientia,
759 2417 785 2475 si
801 2417 1023 2492 contempseris
1038 2417 1079 2491 id,

104 2501 190 2576 quod
210 2508 378 2563 exuemum
399 2503 539 2563 minatur.
572 2500 641 2562 Noli
661 2502 741 2560 mala
763 2507 814 2561 tua
831 2502 933 2560 lacere
947 2499 999 2559 tibi
1014 2501 1121 2576 ipseld

102 2584 246 2660 graviora
265 2592 339 2660 ette
355 2587 486 2661 querelis
502 2600 640 2647 onerare.
674 2584 751 2644 levis
766 2591 814 2646 εει
828 2585 931 2656 dolor,
960 2584 987 2644 si
1001 2583 1074 2643 nihil

101 2667 146 2728 illi
160 2665 264 2743 opinio
286 2670 447 2730 adiecerit:
474 2678 595 2743 conus,
623 2668 651 2729 si
671 2669 825 2730 exhortari
841 2675 871 2728 te
885 2668 1028 2743 coeperis
1043 2683 1080 2728 ac

102 2751 221 2812 dicere:
246 2753 341 2827 „nihil
362 2759 429 2814 est“
450 2762 503 2814 aut
522 2761 604 2814 certe
633 2753 797 2828 „exiguum
818 2759 874 2812 est.
917 2753 1079 2813 duremus:

101 2835 333 2897 lamdesinet“=
350 2839 448 2897 levem
470 2838 569 2912 illum,
591 2837 663 2897 dum
679 2845 785 2912 putas,
808 2837 913 2897 iacies.
949 2835 1081 2897 Omnia

101 2920 1080 2997 exopinionesuspensasuntznonambitiotautumad

100 3001 184 3064 illam
200 3003 329 3080 respicit
346 3011 379 3065 et
397 3006 516 3066 luxuria
536 3013 566 3066 et
580 3005 721 3066 avaritias
746 3006 785 3066 ad
801 3005 976 3080 opinionem
993 3004 1078 3064 dole-

100 3103 181 3149 mus.
218 3095 278 3149 tam
298 3088 458 3150 miserest
479 3090 611 3165 quisque
633 3105 724 3163 quarn
746 3089 882 3149 credidit.
911 3082 1121 3149 oceanea-14

101 3171 159 3233 des
184 3173 417 3248 praeteritorum
445 3174 584 3235 dolorum
606 3173 845 3246 conquestiones
870 3177 945 3245 puto
972 3175 1003 3229 et
1027 3168 1079 3228 illa

99 3255 204 3316 verba
227 3257 322 3330 „nubi
337 3273 482 3332 umquam
497 3259 552 3318 luit
566 3257 664 3331 peius.
689 3271 768 3330 quos
785 3253 947 3325 cruciatus,
965 3258 1078 3327 quanta

100 3341 181 3400 mala
201 3340 328 3416 pertulit
354 3356 444 3400 nemo
468 3356 517 3400 me
542 3344 746 3400 surrecturum
769 3337 896 3413 putavit.
937 3335 1078 3411 quotiens

100 3423 282 3499 deploratus
297 3440 364 3485 sum
381 3425 505 3498 amois,
527 3423 670 3500 quotiens
690 3437 710 3481 a
728 3421 856 3483 medicis
876 3420 1017 3481 relictus!
1047 3418 1078 3477 in

98 3506 242 3570 eculeum
255 3508 381 3584 inpositi
395 3524 458 3570 uon
470 3507 516 3570 sic
527 3506 765 3569 distrahuntur.“
785 3502 905 3567 etiamsi
920 3509 992 3565 suut
1004 3518 1080 3565 vera
