2468 3930
183 228 247 292 430
495 232 524 286 t.
540 229 678 288 ΑΝΝΑΕΙ
692 228 855 287 SENECAE

184 388 285 443 lectulo
300 384 501 442 recedendum.
537 381 595 437 Aut
608 382 633 438 si
646 384 722 439 bona
735 383 818 439 luerit
832 389 860 440 et
873 381 969 440 suavis
983 398 1072 451 uxor,
1089 399 1162 454 quae

185 479 278 526 tamen
294 484 358 524 rara
372 469 433 523 avis
447 472 503 535 cst,
524 482 586 521 cum
609 468 780 538 parturiente
801 467 955 540 gemimus,
970 483 1034 522 cum
1051 468 1161 539 pericli·

141 565 173 620 57
187 560 261 610 tante
275 559 447 623 torquemur.
479 548 599 622 Sapiens
614 557 707 606 autem
723 567 866 622 nunquam
880 551 957 606 solus
976 567 1041 606 esse
1056 556 1162 624 potest:

184 637 270 693 habet
280 652 377 691 secum
389 652 502 704 omnes,
517 633 564 706 qui
578 641 656 701 sunt,
672 635 719 705 qui
731 650 854 706 unquam
865 636 976 690 luerunt
986 634 1053 690 boni
1065 641 1094 691 et
1104 636 1163 692 ani-

185 737 260 775 mum
275 720 408 788 liberum,
431 734 598 790 quocunque
615 719 689 789 vult,
709 720 855 775 transfert:
881 718 957 790 quod
972 735 1093 790 corpore
1108 735 1164 775 uon

184 809 291 876 potest,
309 803 477 874 cogitatione
497 803 702 873 complectitur,
725 810 752 858 et
765 803 790 858 si
805 801 949 857 hominum
963 803 1060 875 inopia
1073 804 1164 872 luerit,

184 887 305 958 loquitur
320 902 383 942 cum
398 886 468 942 deo:
489 902 632 957 nunquam
647 885 831 942 minus'solus
849 887 900 941 erit
916 893 999 957 quam
1016 902 1103 956 quum
1118 904 1163 943 so·

138 985 173 1040 58
184 973 227 1026 lus
243 971 333 1026 luerit
361 971 448 1025 Porro
465 971 615 1026 liberorum
631 986 718 1026 causa
732 986 850 1025 uxorem
865 970 985 1039 ducere,
1007 976 1037 1025 ut
1051 973 1100 1029 vel
1113 987 1162 1026 no·

185 1071 250 1110 men
268 1059 393 1110 nostrum
407 1070 464 1109 non
478 1055 596 1110 intereat
616 1055 670 1109 vel'
681 1053 843 1110 habeamus
856 1053 1006 1110 senectutis
1021 1055 1164 1126 praesidia

186 1145 214 1195 ct
228 1139 310 1195 certis
326 1142 434 1192 utamur
445 1136 613 1207 heredibus,
637 1137 846 1193 stolidissimum
867 1144 918 1198 est.
947 1137 1015 1209 quid
1032 1138 1107 1194 enim
1127 1138 1164 1194 ad

185 1239 237 1278 nos
252 1221 373 1294 pertinet
392 1221 558 1277 recedentes
574 1237 590 1276 e
604 1221 726 1290 mundo,
748 1221 771 1276 si
784 1221 897 1276 nomine
911 1227 1007 1278 nostro
1025 1222 1097 1278 alius
1113 1239 1163 1278 no-

185 1307 319 1375 minetur,
335 1320 419 1374 quum
436 1311 462 1360 et
477 1305 551 1360 filius
566 1321 622 1360 non
634 1305 724 1362 statim
734 1306 821 1376 patris
835 1307 1004 1362 vocabulum
1019 1307 1123 1362 referat
1137 1312 1165 1361 et

186 1389 402 1444 innumerabiles
421 1389 488 1458 sint,
498 1458 501 1463 ἢ
511 1388 558 1460 qui
573 1389 675 1445 eodem
689 1389 862 1461 appellentur
876 1389 1011 1445 nominet
1027 1396 1076 1445 aut
1092 1405 1163 1461 quae

186 1473 336 1529 senectutis
359 1473 461 1529 auxilia
481 1478 545 1529 sunt
566 1473 687 1529 enutrire
708 1473 798 1541 domi,
824 1473 871 1543 qui
895 1479 941 1528 aut
959 1473 1038 1545 prior
1052 1479 1079 1529 te
1094 1475 1164 1530 lortc

185 1557 318 1612 moriatur
333 1562 381 1612 aut
393 1557 616 1629 perversissimis
636 1557 672 1613 sit
692 1557 832 1626 moribus,
855 1562 902 1612 aut
927 1562 1002 1613 certe
1020 1573 1106 1629 quum
1126 1557 1164 1614 sd

140 1644 322 1701 59maturam
335 1646 455 1696 aetatem
469 1641 592 1707 venerit,
614 1641 694 1696 tarde
715 1641 741 1696 ei
755 1640 879 1698 videaris
900 1641 993 1696 mori‘l
1035 1641 1164 1698 Heredes

187 1729 279 1780 autem
293 1724 424 1780 meliores
441 1730 469 1780 et
482 1726 615 1780 certiores
630 1725 712 1780 amici
727 1730 791 1780 sunt
807 1730 834 1780 et
845 1724 1009 1798 propinqui,
1036 1741 1108 1797 quos
1122 1726 1162 1780 iu⁴

187 1807 259 1863 dicio
276 1807 401 1879 deligas,
423 1823 507 1879 quam
527 1809 613 1880 quos,
633 1809 705 1866 velis
721 1809 807 1879 nolis,
829 1808 935 1866 habere
952 1809 1080 1881 cogaris,
1100 1809 1163 1866 licet

186 1893 287 1947 certior
301 1890 443 1948 hereditas
458 1892 507 1961 sit,
530 1893 597 1948 dum
618 1892 745 1962 advivis,
765 1894 838 1948 bene
859 1893 934 1949 abuti
949 1893 1165 1949 substantiatus

186 1991 270 2046 quam
285 1980 332 2031 tuo
347 1976 444 2032 labore
460 1977 585 2048 quaesita
599 1977 628 2031 in
643 1976 764 2032 incertos
777 1992 846 2032 usus
860 1977 1028 2047 relinquere.

248 2060 324 2115 Haec
347 2064 374 2114 et
395 2060 589 2116 huiuscemodi
604 2059 815 2132 Theophrastus
836 2060 981 2117 disserens
1002 2075 1086 2131 quem
1107 2076 1165 2115 non

185 2142 329 2199 suffundat
353 2141 593 2214 Christianorum,
625 2160 743 2215 quorum
775 2144 951 2201 conversatio
975 2150 1017 2199 est
1041 2145 1070 2200 iu
1098 2160 1163 2200 coe·

185 2228 234 2282 lis!

140 2320 176 2376 σο
248 2311 320 2368 Ibid.
332 2328 357 2372 c.
371 2319 414 2371 15.
429 2311 616 2385 p.170.med.
640 2310 729 2378 Quam
743 2328 837 2368 rarum
851 2313 886 2368 sit
905 2327 1024 2368 uxorem
1039 2311 1100 2367 sine
1119 2311 1163 2369 his

185 2396 259 2452 vitiis
278 2397 412 2466 inveniri,
437 2397 515 2452 novit
538 2397 598 2461 ille,
628 2397 675 2465 qui
697 2395 774 2451 duxit
794 2413 922 2452 uxorem.
948 2394 1024 2451 unde
1045 2394 1164 2468 pulchre

183 2480 286 2536 Varius
296 2479 444 2549 Geminus,
460 2481 584 2535 sublimis
600 2485 710 2534 oratore
727 2480 794 2551 „qui
806 2496 862 2536 non
873 2481 976 2552 litigat,
987 2479 1086 2550 inquit,
1098 2496 1163 2536 oae-

182 2565 244 2619 Pebs
260 2566 331 2618 est.“

134 2645 167 2700 61
244 2644 356 2718 Ibidp.
369 2650 431 2704 190.
455 2645 552 2702 Cicero
571 2652 685 2718 rogatus
707 2649 742 2703 ab
764 2647 865 2719 hirtio,
886 2652 916 2702 ut
929 2652 995 2719 post
1014 2647 1164 2721 repudium

184 2728 330 2785 Terentiae
352 2745 479 2784 sororem
501 2731 561 2786 eius
582 2728 713 2800 duceret,
740 2733 853 2788 omnino
878 2732 972 2788 lacere
994 2731 1163 2805 supersedit,

183 2810 281 2868 dicens
303 2829 360 2868 non
384 2829 471 2885 posse
494 2831 526 2869 se
547 2813 629 2867 uxori
651 2820 678 2869 et
696 2813 893 2887 philosophiae
918 2815 1023 2887 pariter
1047 2831 1164 2887 operam

183 2896 262 2952 dare.
278 2897 325 2952 illa
339 2897 448 2952 interim
462 2898 569 2952 coniux
581 2898 697 2970 egregia
713 2904 740 2954 et
757 2914 829 2971 quae
845 2899 880 2955 de
893 2899 1013 2956 lontibus
1029 2898 1163 2955 Tullianis

181 2979 315 3038 hauserat
331 2980 515 3054 sapientiam,
531 2981 625 3052 nupsit
641 2979 777 3053 Salustio,
799 2983 911 3039 inimico
934 2983 1009 3053 eius,
1032 2990 1059 3039 et
1081 2983 1162 3040 tertio

182 3065 331 3123 Messallae
347 3065 467 3124 Corvino
491 3073 519 3122 et
539 3065 619 3137 quasi
638 3082 691 3138 per
711 3068 848 3138 quosdam
864 3067 970 3140 gradun
986 3067 1163 3140 eloquentiae

134 3149 169 3207 dl
182 3151 315 3208 devoluta
332 3158 385 3208 est.
413 3149 548 3208 Socrates
563 3149 744 3224 Xanthippen
759 3158 786 3207 et
798 3151 888 3224 Myrto
902 3156 1015 3224 neptem
1030 3151 1163 3208 Aristidis

182 3235 252 3292 duas
266 3235 387 3292 habebat
404 3252 524 3304 uxores,
547 3250 619 3306 quae
635 3250 720 3306 quum
735 3239 834 3293 crebro
850 3236 921 3293 inter
935 3253 967 3292 se
981 3235 1163 3307 iurgarentur

182 3326 209 3373 et
219 3320 265 3377 ille
281 3337 330 3377 eas
345 3320 463 3377 irridere
476 3325 552 3376 esset
560 3319 672 3390 solitus,
688 3320 764 3390 quod
777 3326 893 3393 propter
903 3337 949 3390 se,
964 3319 1163 3377 foedissimum

180 3399 323 3460 hominem
338 3405 414 3460 simis
427 3405 556 3472 naribus,
571 3405 685 3462 recalva
699 3405 803 3474 fronte,
817 3403 915 3478 pilosis
931 3402 1059 3460 humeris
1074 3408 1102 3460 et
1116 3419 1161 3461 re·

181 3488 283 3558 pandis
299 3488 425 3545 cruribus
439 3489 643 3561 disceptarent,
657 3488 811 3545 novissime
825 3492 970 3545 verterunt
983 3487 1012 3543 in
1029 3503 1095 3544 eum
1110 3487 1162 3544 im·
