2468 3930
137 242 198 308 192
424 245 458 305 L.
477 244 624 304 ΑΝΝΑΕΙ
643 242 818 304 SENECAE

135 395 268 457 maxime
281 393 369 453 navis
385 401 518 467 urgetur.
545 393 648 467 itaque
663 393 805 468 quotiens
821 397 930 451 ventus
944 391 1112 456 increbruit

136 480 294 553 maiorque
309 485 356 536 est
371 493 461 550 quam
476 476 614 551 expedit,
636 483 768 536 antenna
788 474 986 537 submittiturz
1008 474 1111 540 minus

135 562 227 621 habet
241 559 349 620 virium
363 558 454 619 flatus
470 576 509 618 ex
523 556 651 630 humili.)
679 575 747 620 cum
761 557 914 619 intravere
929 559 1066 635 Capreas
1081 568 1110 621 et

135 641 385 720 promontorium,
401 658 441 702 ex
456 659 516 716 quo

261 729 324 786 ello
334 729 498 801 procelloso
509 728 681 801 speculatur
694 728 802 787 verlice
816 726 928 800 Pullus,

136 819 257 871 ceterae
277 809 346 870 velo
361 809 507 869 'iubentur
529 823 601 869 esse
618 814 795 870 contentae:
818 808 956 884 siparum
975 807 1110 869 Alexan·

105 894 291 955 sdrinamm
304 891 423 967 insigne
435 891 602 964 [indicium]
617 898 675 951 est.
703 892 738 951 ln
748 893 809 952 boc
820 890 955 951 omnium
966 890 1111 953 discursu

135 977 364 1052 properantium
384 976 424 1037 ad
443 976 514 1037 litus
530 990 670 1049 magnam
684 991 724 1035 ex
737 974 857 1050 pigritia
871 989 941 1033 mea
955 976 1041 1035 sensi
1056 992 1109 1035 vo·

135 1061 289 1135 luptatem,
305 1060 390 1136 quod
406 1059 552 1133 epistulas
566 1074 702 1120 meorum
720 1065 904 1132 accepturus
920 1074 983 1119 nou
998 1074 1109 1134 prope-

134 1145 201 1204 ravi
215 1144 303 1219 scire,
322 1144 389 1219 quis
404 1143 465 1202 illio
482 1149 564 1203 esset
577 1157 678 1200 rerum
693 1157 829 1204 mearum
843 1147 951 1215 status,
967 1141 1042 1217 quid
1057 1142 1110 1203 ad-

136 1229 264 1288 ferrent:
285 1228 356 1287 olim
368 1228 426 1285 iam
442 1241 499 1286 nec
510 1225 588 1300 perit
599 1225 763 1300 quicquam
775 1223 848 1283 mihi
858 1240 916 1285 nec
928 1224 1109 1300 adquiritur.

134 1312 216 1384 Hoc,
236 1310 354 1371 etiamsi
369 1325 466 1370 senex
480 1326 542 1369 non
557 1324 668 1382 essem,
683 1310 782 1369 iuerat
795 1307 1004 1369 sentiendum:
1027 1324 1110 1369 nuuc

135 1410 209 1454 vero
230 1393 452 1466 multomagis,
473 1393 544 1467 quia
559 1393 870 1468 quantulumcumque
883 1391 1041 1465 haberem,
1063 1399 1109 1450 ta-

134 1494 204 1537 men
221 1477 291 1550 plus
306 1476 365 1536 iam
378 1476 450 1535 mihi
464 1480 644 1549 superesset
656 1475 758 1536 viatici
770 1491 862 1552 quam
873 1473 951 1547 viae,
964 1489 1108 1551 praeser-

135 1560 187 1619 tim
210 1575 278 1619 cum
300 1575 367 1619 eam
387 1559 467 1618 viam
488 1559 583 1619 simus
603 1558 750 1634 ingressi,
772 1574 864 1634 quam
880 1571 1028 1635 peragere
1043 1573 1108 1617 non

106 1648 182 1701 lest
196 1658 335 1702 necesse.
377 1642 438 1702 Iter
451 1642 651 1718 inperfectum
666 1642 737 1714 erit,
753 1640 780 1702 si
794 1642 824 1701 in
839 1641 940 1703 media
953 1646 1040 1717 parte
1056 1649 1109 1704 aut

136 1727 209 1786 citra
225 1727 349 1800 petitum
364 1726 464 1786 locum
479 1728 613 1787 steteris:
641 1725 703 1786 vita
721 1741 783 1786 non
803 1730 850 1784 est
868 1723 1055 1800 inperfecta,
1082 1725 1107 1785 si

134 1808 264 1870 honesta
276 1815 331 1868 est.
354 1809 537 1884 ubicumque
552 1809 684 1883 desines,
700 1807 819 1868 sibene
834 1808 960 1883 desinis,
976 1815 1040 1871 tota
1050 1816 1106 1869 est.

136 1908 231 1966 saepe
246 1899 345 1952 autem
359 1898 389 1952 et
403 1891 518 1953 fortiter
529 1892 731 1953 desinendum
743 1898 791 1952 est
801 1901 831 1953 et
841 1908 903 1952 non
915 1906 955 1951 ex
966 1892 1107 1952 maximis

106 1976 247 2037 scausis.
262 1992 332 2036 nam
346 1993 404 2037 nac
419 1975 568 2037 maximae
583 1983 663 2051 sunt,
678 1990 758 2052 quae
772 1991 830 2037 nos
844 1981 956 2035 tenent.
992 1975 1106 2036 tullius

133 2059 338 2134 Marcellinus,
355 2076 444 2136 quem
460 2059 573 2134 optime
587 2074 730 2132 noveras,
746 2060 929 2120 adulescens
942 2057 1063 2135 quietus
1077 2064 1106 2118 et

135 2144 193 2204 cito
210 2159 315 2216 senex,
331 2145 438 2204 morbo
453 2149 483 2203 et
500 2160 561 2203 non
580 2143 741 2203 insanabili
755 2149 924 2218 correptus,
940 2143 998 2203 sed
1013 2144 1104 2218 longo

134 2233 164 2286 et
177 2227 306 2289 molesto
321 2235 352 2287 et
361 2227 454 2288 multa
464 2227 639 2304 imperante,
656 2227 758 2302 coepit
769 2227 938 2287 deliberare
950 2227 989 2288 de
999 2235 1104 2291 morte.

134 2310 315 2372 convocavit
335 2311 499 2386 conplures
517 2309 648 2371 amicos:
667 2309 898 2387 unusquisque,
918 2317 972 2372 aut
985 2309 1104 2385 quieti-

133 2395 234 2455 midus
251 2403 323 2470 erat,
337 2394 369 2454 id
382 2395 424 2454 illi
439 2394 597 2468 suadebat,
615 2394 701 2470 quod
715 2394 774 2454 sibi
788 2393 948 2466 suasisset,
964 2400 1018 2454 aut
1034 2391 1105 2469 quia

133 2479 273 2539 adulator
287 2486 317 2540 et
329 2477 475 2552 blandus,
491 2478 524 2537 id
538 2478 698 2538 consilium
711 2477 812 2551 dabat,
828 2477 912 2552 quod
926 2476 1104 2537 deliberanti

87 2563 247 2636 ,egnatius
263 2563 330 2622 lore
349 2561 579 2636 suspicabatum
601 2563 717 2622 amicus
732 2570 838 2622 noster
851 2559 990 2634 Stoicus,
1011 2560 1103 2621 homo

133 2642 274 2717 egregius
296 2650 340 2717 et,
360 2651 393 2703 ut
413 2644 516 2703 verbis
537 2644 635 2719 illum,
658 2645 768 2720 quibus
787 2643 905 2706 laudari
920 2644 1032 2719 dignus
1048 2650 1104 2716 est,

132 2725 268 2800 laudern,
287 2727 333 2784 vir
348 2725 434 2786 fortis
449 2742 486 2786 ac
500 2733 657 2803 strenuuS,
672 2727 792 2789 videtur
805 2727 878 2788 mihi
893 2727 1008 2804 optime
1021 2727 1104 2806 illum

133 2808 320 2870 cohortatus.
352 2809 398 2870 sic
412 2808 492 2871 enim
507 2811 624 2886 eoepit=
652 2810 754 2886 „Noli
775 2811 816 2871 mi
830 2811 1021 2886 Marcelline,
1043 2818 1102 2872 tor-

134 2892 236 2967 queri,
254 2899 408 2968 tamquam
423 2895 462 2954 de
475 2911 510 2957 re
522 2910 634 2970 magna
647 2895 808 2956 deliberes.
837 2912 899 2957 non
914 2901 964 2958 est
975 2911 1027 2959 res
1042 2910 1103 2954 ma-

131 2991 193 3050 gna
217 2975 335 3038 viveras
369 2993 476 3039 omnes
501 2979 583 3039 servi
611 2978 653 3040 tui
677 2979 797 3054 vivunt,
824 2980 927 3041 omnia
946 2977 1104 3043 animabar

131 3076 273 3136 magnum
287 3068 335 3122 est
348 3062 478 3125 honeste
498 3061 591 3136 mori,
611 3063 792 3138 prudenter,
818 3063 943 3126 sortiter.
989 3062 1105 3138 Cogita,

132 3145 278 3220 quamdiu
292 3146 352 3207 ianr
372 3145 453 3208 idem
474 3145 585 3207 faciam
613 3145 715 3221 cibus,
741 3162 884 3224 somnus,
910 3145 1022 3208 libido=
1049 3161 1105 3223 per

130 3227 211 3289 bunc
232 3227 376 3290 circulum
395 3229 532 3293 sumitur.
575 3228 654 3291 Muri
668 3232 746 3293 velle
760 3247 822 3291 non
836 3238 951 3295 ianuam
966 3229 1104 3307 prudens

103 3317 182 3372 taut
196 3313 283 3373 sortis
297 3319 350 3375 aut
362 3313 462 3388 miser,
478 3314 569 3377 etiam
585 3314 763 3378 lasudiosus
779 3319 911 3391 potest.“
938 3314 1009 3377 Non
1023 3330 1105 3393 opus

131 3402 196 3456 erat
218 3412 348 3458 suasore
367 3397 424 3472 illi,
451 3398 507 3458 sed
527 3399 681 3460 adiutores
709 3399 790 3459 servi
817 3414 925 3476 parere
949 3398 1105 3463 uolebant

130 3474 260 3539 Primum
282 3480 414 3542 detraxit
436 3481 496 3543 illis
521 3489 634 3545 metum
654 3483 846 3549 evindicavit
865 3491 939 3547 tuno
960 3482 1105 3549 familiam
