2468 3930
219 240 495 306 unsrunuon.
516 245 667 305 imru.
688 245 748 306 er.
761 255 790 308 s.
804 255 831 311 c.
853 256 910 324 (a.
925 253 984 321 aa.)
1028 248 1089 313 1⁵5

109 403 147 456 et
168 393 296 470 ipsum
317 395 433 456 otium
456 396 667 458 absconde.
707 398 768 459 hoc
788 407 818 460 te
839 400 987 461 iacturum
1009 401 1089 465 Stoi-

109 494 219 541 corum
230 479 347 540 etiamsi
364 495 426 539 non
438 488 619 556 praecepto,
635 488 665 541 at
676 484 819 557 exemplo
831 483 902 545 licet
913 485 1014 545 sciasa
1030 488 1088 548 sed

108 579 151 623 ex
167 570 332 638 praecepto
349 579 474 638 ulloque
486 563 597 624 iacias:
613 572 642 625 et
656 566 770 626 tibi*et
783 583 852 628 cum
868 569 964 644 voles,
976 571 1088 646 adpro

108 645 209 707 babis.
232 645 295 707 Nec
309 648 350 706 ad
366 662 486 706 omnem
499 649 719 722 rempublicam
734 649 877 711 mittimus
892 667 950 712 nec
966 665 1120 730 semperu

110 745 168 790 nec
185 731 253 790 sinc
266 731 328 791 ullo
344 730 420 791 ilne=
442 740 616 806 praeterea,
639 749 707 793 cum
723 733 854 809 sapienti
869 737 1089 811 rempublicam

108 813 182 890 ipso
193 813 316 888 <liguram
329 814 487 888 dedimus,
503 814 596 875 idest
609 817 764 889 mundum,
781 834 843 878 non
856 825 903 880 est
914 828 1001 881 extra
1010 837 1089 880 rem-

111 897 279 974 publicam,
304 897 423 959 etiamsi
443 901 622 960 recesserim
645 899 738 960 immo
754 900 888 962 fortasse
902 905 1010 965 relicto
1025 922 1088 966 uno

109 983 221 1056 angulo
236 982 265 1040 in
281 981 398 1042 maiora
412 990 504 1058 atque
515 984 662 1057 ampliora
672 985 779 1044 transit
793 993 823 1044 et
835 988 922 1046 coelo
935 987 1088 1060 inpositus

107 1065 262 1140 intellegit,
279 1081 348 1125 cum
364 1066 469 1126 sellam
485 1073 537 1126 aut
549 1067 680 1126 tribunal
695 1067 907 1141 adscenderet,
923 1086 1014 1143 quam
1033 1070 1088 1131 hu-

107 1149 170 1209 mili
189 1149 260 1209 loco
283 1148 405 1209 sederit.
439 1150 568 1225 Depone
588 1151 647 1211 hcc
667 1151 750 1225 apud
765 1159 812 1224 te,
835 1153 1002 1227 numquam
1016 1154 1087 1229 plus

110 1247 201 1308 egere
222 1232 407 1307 sapientem,
432 1249 523 1309 quarn
547 1250 615 1293 cum
637 1235 666 1293 in
683 1242 884 1309 conspectum
901 1235 968 1297 eius
984 1236 1088 1298 divina

107 1323 199 1392 atque
217 1315 351 1376 humana
373 1325 531 1377 venerunt.
565 1318 653 1378 Nunc
676 1318 716 1377 ad
740 1319 816 1378 illud
837 1328 984 1394 revertor,
1002 1322 1117 1394 quoda

108 1399 241 1461 suadere
261 1399 315 1460 tibi
336 1415 516 1476 coeperam,
531 1409 565 1462 ut
585 1403 705 1462 otium
720 1409 822 1462 tuum
837 1402 1012 1478 ignotum
1025 1405 1087 1464 sit.

106 1483 172 1543 lion
188 1490 251 1559 est,
272 1483 356 1559 quod
372 1484 524 1545 inscribas
538 1486 592 1545 tibi
615 1485 852 1560 philosophiam.
888 1495 981 1563 atque
996 1488 1087 1549 etiam

106 1567 190 1628 aliud
204 1569 367 1642 proposito
381 1575 433 1629 tuo
451 1584 561 1629 nomen
576 1570 708 1644 inpone:
728 1568 927 1631 valitudinem
948 1579 979 1631 et
1000 1571 1086 1632 inbe-

107 1649 260 1712 cillitatem
287 1653 390 1730 [siccis]
416 1669 496 1712 voca
521 1659 551 1712 et
576 1649 735 1712 desidiam,
773 1654 896 1728 gloriari
917 1657 980 1716 otio
1000 1654 1085 1717 iners

105 1731 232 1795 ambitio
245 1742 302 1796 est.
336 1736 488 1796 Animalia
503 1738 655 1812 quaedam
675 1753 714 1797 ne
728 1737 859 1797 inveniri
880 1740 1015 1814 possint,
1030 1747 1116 1802 νει

105 1818 197 1894 stigia
217 1835 275 1880 sua
296 1819 379 1881 circa
395 1820 495 1895 ipsum
518 1821 618 1880 cubile
639 1822 846 1882 confundunt:
868 1822 949 1883 idom
971 1822 1084 1883 tibii-

104 1901 323 1971 ciendamesc
352 1903 487 1979 alioquin
502 1920 564 1963 non
581 1904 723 1980 deerunt,
744 1906 797 1981 qui
813 1921 936 1980 semper
950 1923 1083 1982 sequan-

103 1991 162 2049 tur.
199 1986 283 2046 mulli
305 1993 411 2062 aperta
431 1994 605 2060 transeunt,
624 1989 748 2049 condita
762 1996 793 2049 el
806 1989 950 2051 abstrusa
970 1991 1083 2050 riman-

104 2063 173 2129 tur=
203 2069 301 2130 larem
323 2071 443 2146 signata
469 2072 642 2133 sollicitant.
685 2072 746 2133 vile
772 2071 908 2148 videtur,
935 2075 1082 2149 quicquid

103 2159 204 2228 patet=
219 2161 325 2229 aperta
341 2153 532 2216 emactarius
547 2157 700 2230 praeterit.
728 2156 787 2216 hos
803 2172 905 2217 mores
920 2157 1013 2217 habet
1027 2173 1082 2232 po·

103 2236 213 2312 pulus,
234 2236 292 2297 hos
307 2239 542 2314 inperitissimus
558 2240 706 2316 quisque=
727 2240 757 2298 in
773 2247 893 2299 secreta
907 2239 1082 2316 inrumpere

102 2319 197 2396 cupit.
236 2319 389 2395 Optimum
408 2323 511 2399 itaque
529 2330 577 2384 est
596 2339 657 2382 non
674 2324 787 2382 iactare
803 2323 897 2383 otium
915 2339 1020 2383 suum=
1038 2324 1114 2384 iao

102 2403 207 2465 claudi
226 2412 328 2465 autem
350 2422 447 2482 genus
469 2413 517 2467 est
539 2407 629 2466 nimis
648 2408 744 2466 latere
765 2414 795 2466 et
810 2423 829 2465 a
844 2415 1013 2481 conspectu
1027 2407 1082 2467 ho-

101 2488 219 2548 minum
238 2489 401 2549 secederet
422 2491 473 2550 ille
485 2492 648 2551 Tarentum
669 2506 703 2551 se
719 2489 844 2550 abdidit.
880 2489 931 2549 ille
953 2487 1083 2564 Neapoli

100 2569 240 2632 inclusus
258 2579 314 2632 est.
350 2575 401 2634 iile
424 2575 526 2635 multis
552 2575 640 2634 annis
660 2590 723 2634 non
743 2574 861 2634 transiit
878 2574 988 2634 domus
1004 2589 1083 2634 suae

101 2655 204 2716 limen.
244 2665 398 2719 convocat
419 2659 553 2731 turbam,
576 2657 717 2734 quisquis
734 2658 796 2718 otio
815 2673 872 2718 suo
885 2656 1020 2733 aliquam
1038 2659 1079 2718 ia·

102 2738 205 2799 bulam
236 2741 381 2815 inposuit.
428 2741 514 2801 Cum
545 2741 786 2816 secesseris,
814 2757 888 2801 non
919 2749 980 2803 est
1010 2742 1117 2809 hoco

101 2823 306 2897 agendum,
324 2833 363 2886 ut
383 2825 429 2886 de
451 2832 488 2885 tc
508 2824 681 2885 homines
703 2827 928 2900 loquantur,
952 2825 1024 2886 sed
1045 2833 1085 2886 ut

100 2905 189 2981 ipsc
208 2907 388 2982 loquaris
409 2915 541 2968 tecum.
576 2910 651 2984 quid
666 2914 767 2969 autem
783 2910 906 2987 [temni]
921 2910 1084 2984 loquarisa

101 2990 186 3066 quod
200 2990 343 3052 homines
357 2991 396 3051 de
412 2993 478 3052 aliis
493 2991 694 3052 libentissime
708 2992 836 3053 iaciunt:
851 2992 891 3053 de
905 2998 938 3051 te
951 2994 1038 3068 apud·
1051 3001 1083 3054 te

100 3075 180 3134 male
194 3073 355 3134 existima:
372 3075 540 3136 adsuesces
558 3082 587 3135 et
608 3076 711 3135 dicere
724 3092 832 3136 verum
847 3083 877 3135 et
892 3077 1009 3135 audire.
1042 3075 1082 3134 id

100 3166 226 3219 autern
248 3158 409 3218 maxime
426 3166 568 3232 tracta,
597 3159 713 3234 quod¹
732 3160 768 3218 in
796 3167 832 3219 te
852 3175 944 3218 osse
966 3157 1082 3217 infir-

100 3241 315 3302 missimum
337 3242 495 3303 senties.
531 3242 609 3302 Nota
623 3240 715 3301 habet
729 3243 862 3316 quisque
875 3241 950 3320 [sui]
968 3257 1080 3316 corpo·
1094 3244 1112 3301 7

99 3325 146 3385 ris·
166 3325 248 3386 vitia.
293 3325 400 3402 itaque
425 3325 502 3386 alius
527 3324 643 3386 vomitu
669 3325 751 3384 levat
765 3325 977 3398 stomachum,
1003 3325 1084 3384 alius

99 3408 300 3487 [aJlrequenti
317 3409 385 3470 cibo
407 3410 505 3484 lulcit,
532 3410 609 3469 alius
632 3409 813 3482 interposito
828 3407 943 3470 ieiunio
966 3423 1083 3483 corpus

100 3492 244 3554 exhaurit
262 3501 294 3554 ει
315 3501 433 3569 purgat.
469 3492 504 3568 ii,
529 3508 659 3568 quorum
672 3492 769 3566 pedes
785 3492 875 3552 dolor
888 3493 1017 3567 repetit,
1033 3498 1087 3553 aut
