2468 3930
237 260 378 320 SENECA
391 262 438 317 DE
454 261 624 320 REMEDIIS
638 261 903 319 FORTUITORUM.
992 255 1057 325 447

78 423 106 475 te
118 419 219 484 lorma,
232 421 272 482 ut,
285 414 308 467 si
320 414 381 484 quis
393 414 441 470 tibi
453 416 546 486 palam
557 421 675 471 mortem
685 415 818 485 minetur,
829 431 927 471 omnes
939 415 1049 471 terricu-

78 503 120 556 las
135 500 193 556 eius
206 496 334 552 deludas.

163 583 195 636 ll.
218 580 440 652 „Morieris.“
462 581 518 637 Ista
527 581 648 637 hominis
660 590 758 638 natura
771 587 830 650 est,
843 597 900 636 non
911 598 1013 653 poena.
1070 601 1084 654 1

143 665 324 736 ‚,ltllorieris.“
347 664 405 719 Hac
417 665 576 721 conditione
588 666 705 735 intravi,
723 671 753 720 ut
765 665 882 724 exirem.

142 747 326 819 „ltlorieris.“
349 746 477 803 Gentium
487 750 535 803 lex
545 756 602 819 est,
611 749 687 820 quod
699 749 842 821 acceperis
856 749 986 805 reddere.

140 831 323 904 „ltllorieris.“
344 832 536 903 Peregrinatio
548 839 591 888 est
601 833 672 889 vita:
694 849 757 888 cum
768 833 882 887 multum
894 833 1055 890 ambulare·
1068 852 1085 905 q

79 919 132 989 ris,
145 917 259 972 domum
270 914 448 970 redeundum
460 922 513 973 est.

142 998 323 1072 ‚,Morieris.“
344 997 479 1054 Putabam
489 1006 517 1054 te
530 999 633 1070 aliquid
644 999 710 1056 novi
729 998 838 1054 dicerer
862 997 899 1054 ad
916 997 971 1052 hoc
982 998 1056 1068 veui,

78 1084 133 1140 hoc
151 1100 221 1155 ago,
242 1081 298 1137 huc
316 1098 360 1137 me
381 1082 482 1154 singuli
500 1082 560 1138 dies
574 1082 688 1141 ducunt.
708 1082 835 1138 nascenti
852 1081 919 1137 mihi
929 1081 1057 1153 protinus

79 1173 179 1224 natura
188 1167 283 1239 posuit
294 1166 369 1220 hunc
384 1166 548 1221 terminumr
566 1166 633 1237 quid
644 1166 751 1236 habeo,
763 1166 839 1237 quod
854 1165 1007 1237 indigner?
1029 1166 1058 1220 ia

79 1251 150 1307 haec
161 1251 249 1306 verba
262 1249 360 1306 iuravi.

144 1332 326 1404 „Morieris.“
355 1331 474 1389 Stultum
492 1338 535 1389 est
551 1333 664 1404 timere,
687 1332 763 1406 quod
773 1333 863 1390 vitare
877 1348 935 1388 non
947 1331 1056 1404 possis:
1070 1347 1088 1401 3

60 1416 63 1420 ’
80 1417 154 1474 istud
165 1433 224 1474 non
239 1416 337 1488 eiiirgit
353 1418 436 1473 etiam
447 1417 494 1488 qui
506 1417 620 1473 distulit.

143 1543 160 1573 „
168 1499 323 1556 Morieris.“
354 1501 413 1556 Nee
423 1502 530 1573 primus
542 1517 595 1557 nec
605 1499 732 1556 ultimus:
751 1498 829 1557 multi
840 1517 885 1556 me
896 1506 1057 1556 antecesse-

81 1592 157 1654 runt,
171 1600 269 1640 omnes
283 1590 446 1655 sequentur.

145 1668 329 1739 ,‚Morieris.“
356 1667 431 1724 Nihil
442 1684 530 1741 grave
543 1664 626 1743 [est],
647 1668 723 1740 quod
739 1670 828 1724 semel
847 1674 899 1725 est.
923 1685 972 1724 aes
989 1667 1086 1741 alie-4

82 1769 148 1808 num
160 1768 252 1808 meum
265 1752 341 1808 novi.
367 1751 422 1808 hoc
441 1753 571 1824 equidem
589 1769 652 1810 cum
663 1769 697 1808 eo
709 1752 848 1809 creditore
859 1752 998 1823 contraxi,
1013 1750 1058 1809 cui

83 1836 240 1907 decoquere
252 1853 309 1892 non
319 1853 445 1909 possum.

145 1919 327 1990 ‚,Morieris.“
348 1920 380 1975 Di
399 1921 513 1991 melius,
532 1921 608 1994 quod
625 1939 708 1979 nemo
726 1920 793 1977 mihi
811 1920 885 1977 istud
896 1919 996 1977 minari
1007 1919 1057 1974 im-

82 2005 204 2059 mortalis
215 2010 319 2075 potest.

147 2086 329 2156 „llllorieris.“
348 2089 398 2143 Hic
411 2094 453 2142 est
464 2087 579 2143 humani
591 2087 674 2144 oflicii
684 2088 762 2143 finis.-
774 2088 836 2158 quis
847 2103 932 2143 sanus
945 2091 1057 2143 exacto·
1069 2108 1085 2161 5

84 2185 144 2223 rem
157 2171 276 2224 moleste
289 2170 371 2226 tulit?

147 2251 352 2323 [‚,Morieris.“]
377 2253 471 2320 Quid‘l
494 2268 549 2324 ego
564 2254 660 2309 nescio
671 2271 717 2308 me
732 2270 796 2308 esse
808 2253 909 2308 animal
923 2252 1057 2309 rationale

84 2341 111 2391 et
122 2337 260 2392 mortale?
285 2352 348 2392 cum
359 2336 488 2393 rationali
500 2341 543 2390 est
554 2341 581 2391 et
592 2338 718 2397 mortale.

145 2420 329 2491 ‚,Morieris.“
348 2421 395 2480 Ad
406 2419 479 2476 hanc
492 2419 679 2477 conditionem
694 2426 793 2477 cuncta
804 2419 970 2492 gignuntur:
983 2417 1058 2488 quod

83 2505 190 2577 coepit,
212 2512 239 2560 et
258 2505 369 2561 desinit.
392 2520 448 2576 quo
460 2504 557 2560 transit
569 2504 660 2577 orbis,
676 2523 729 2578 ego
742 2503 895 2560 transibo.“

187 2588 340 2646 ADDITIO.
362 2589 458 2661 „Mori
469 2588 584 2644 timeo.“
603 2589 637 2644 Et
655 2590 732 2645 nasci
748 2588 889 2646 timuisses
907 2586 1086 2652 etviverecfi

124 2673 199 2728 vitae
221 2674 306 2729 limen
321 2673 428 2730 initium
444 2673 540 2730 mortis
559 2678 615 2744 est,
637 2674 695 2731 vita
706 2674 768 2746 ipsa
780 2689 877 2730 cursus
889 2671 927 2727 ad
940 2673 1058 2726 mortem

126 2771 177 2809 seu
192 2757 287 2812 verius
303 2775 380 2814 mors
398 2757 546 2829 quaedam.
572 2755 712 2830 Quidquid
735 2762 777 2813 est
799 2763 912 2826 natum,
933 2752 1057 2811 moritur.

126 2837 260 2907 quidquid
270 2842 399 2912 moritur,
416 2848 510 2898 natum
522 2847 590 2898 erat.

191 2921 333 2989 „Mortem
344 2925 465 2981 metuo.“
476 2925 550 2982 Nihil
562 2933 605 2982 est
617 2925 812 2995 metuendum,
826 2923 902 2994 quod
914 2921 996 2979 affert
1007 2937 1057 2976 ue-

127 3004 242 3060 cessitas
255 3011 379 3062 naturae.

187 3087 328 3158 „Animus
346 3095 464 3146 mortem
477 3092 586 3146 timet.“
615 3089 645 3147 Si
665 3091 733 3159 sibi,
751 3104 944 3162 supervacuus
967 3086 1086 3160 timor.7

126 3172 288 3228 immortalis
300 3179 342 3228 est
355 3170 441 3247 [enim
451 3169 539 3248 ipse]=
562 3174 587 3229 si
602 3173 715 3246 corpori
732 3189 798 3244 suo,
810 3172 884 3228 hosti
901 3186 997 3227 curam
1008 3185 1057 3241 ge·

125 3271 188 3311 rere
204 3257 295 3329 pietas
311 3257 413 3317 debita.

188 3340 331 3412 „Mortem
342 3340 476 3397 horreo.“
501 3338 531 3396 Si
546 3339 614 3413 quid
625 3340 653 3396 in
667 3345 756 3396 morte
770 3339 835 3396 mali
849 3343 907 3410 est,
924 3337 954 3393 id
966 3338 1059 3410 ipsum

125 3429 215 3480 metus
227 3425 323 3481 mortis
335 3428 493 3498 exasperat.
506 3429 534 3481 at
545 3424 569 3482 si
580 3423 648 3481 nihil
658 3425 737 3496 mali,
752 3423 813 3498 ipse
829 3428 920 3480 metus
939 3427 982 3480 est
998 3436 1058 3476 ma-
1157 3457 1160 3461 .

125 3509 191 3563 lum.
203 3511 316 3566 stultitia
328 3516 384 3583 est,
396 3511 499 3567 malum
510 3525 591 3566 suum
601 3509 648 3568 vel
661 3525 768 3582 augere
777 3509 825 3567 vel
835 3510 939 3565 tacere.
