2468 3930
229 229 398 292 EPISTUL.
412 229 506 292 MOR.
527 232 600 291 LIB.
615 232 693 291 XllI.
715 232 772 291 ΕΡ.
786 243 812 296 3.
828 235 902 314 (88.)
994 233 1058 296 249

76 390 127 444 tus
156 397 268 442 essem.
315 382 487 458 „Numquid
515 381 648 442 crastina
674 399 735 443 non
760 383 835 442 fallit
856 383 954 444 horat
992 384 1106 445 lallitl'l

78 466 175 540 enim,
197 466 280 542 quod
302 466 450 527 nescienti
470 467 601 526 evenit.“
646 465 729 541 Ego,
757 465 831 541 quid
857 468 990 528 futurum
1015 468 1063 539 sit,

78 551 202 613 nescio:
225 549 298 624 quid
320 550 386 609 lieri
409 551 522 626 possit,
543 552 618 611 scio.
656 566 696 611 ex
710 551 770 612 hoc
788 549 861 610 nihil
879 552 1064 627 desperabo,

77 643 173 697 totum
192 640 358 709 exspecto=
384 633 500 711 siquid
516 634 690 707 remittitur,
711 634 784 695 boni
799 637 937 705 consulo.
976 637 1065 698 Fallit

77 735 127 780 me
140 717 277 793 hora,.si
294 717 405 792 parcit:
430 717 541 779 sedne
556 717 602 779 sic
618 718 742 794 quidem
756 717 840 778 fallit
872 735 942 780 nam
958 736 1063 795 quem·

78 803 244 864 admodum
257 801 324 861 scio
341 803 442 862 omnia
457 801 598 862 accidere
614 817 725 877 posse,
745 800 791 862 sic
805 804 870 864 scio
886 812 917 865 et
930 820 991 864 non
1005 804 1063 864 uti-

79 903 140 965 que
154 902 274 947 casura.
295 885 401 961 utique
416 886 553 946 secunda
568 891 726 960 exspecto,
741 884 829 946 malis
845 894 969 961 paratus
984 903 1062 948 sum.

77 972 111 1032 ln
125 969 177 1032 illo
195 970 278 1030 ieras
298 984 347 1028 me
368 985 498 1030 necesse
518 976 648 1030 estnon
670 985 726 1044 per
745 970 968 1044 praescriptum
988 979 1104 1035 eun-18

77 1064 137 1116 tem
147 1078 154 1111 ι
166 1071 229 1115 non
244 1053 324 1114 enim
345 1053 491 1125 adducor,
507 1060 540 1115 ut
553 1054 585 1112 in
599 1068 757 1113 numerum
772 1052 940 1113 liberalium
954 1055 1061 1115 artium

77 1138 253 1216 pictores
277 1136 439 1212 recipiam,
472 1153 533 1197 non
551 1137 649 1211 magis
665 1153 756 1212 quam
777 1135 995 1198 statuarios
1011 1145 1063 1199 aut

77 1221 356 1284 marmorarios
376 1227 429 1281 aut
453 1229 574 1282 ceteros
599 1220 737 1282 luxuriae
755 1219 920 1280 ministros.
963 1236 1062 1296 aeque

78 1311 297 1369 luctatores
319 1312 457 1366 ettotam
475 1306 544 1366 oleo
560 1320 597 1364 ac
614 1306 677 1366 luto
695 1310 885 1365 constantem
903 1304 1062 1364 scientiam

77 1392 200 1466 expello
217 1405 256 1450 ex
271 1388 320 1450 bis
334 1389 444 1450 studiis
462 1389 654 1449 liberalibusz
665 1396 718 1448 aut
733 1397 763 1450 et
776 1386 996 1463 unguentarios
1013 1404 1061 1449 re-

77 1476 188 1551 cipiam
204 1481 233 1535 et
249 1489 368 1550 coquos
383 1483 414 1534 et
436 1479 556 1534 ceteros
577 1472 784 1547 voluptatibus
807 1473 920 1533 nostris
941 1470 1062 1547 ingenia

78 1558 349 1621 adcommodantes
367 1573 432 1618 sua.
476 1556 551 1632 quid
565 1557 662 1631 enim,
679 1574 734 1617 oro
750 1564 793 1627 te,
811 1556 936 1617 liberale
950 1555 1062 1617 habent
1070 1565 1103 1622 19

77 1644 126 1704 isti
143 1642 236 1703 ieiuni
251 1642 430 1715 vomitores,
452 1657 581 1717 quorum
597 1656 730 1717 corpora
745 1641 775 1700 in
790 1641 907 1716 sagina,
923 1641 1015 1700 animi
1030 1642 1061 1701 in

77 1725 175 1787 macie
190 1734 221 1787 et
236 1733 361 1786 veterno
383 1732 475 1786 suntl
515 1742 553 1786 an
576 1726 700 1786 liberale
725 1725 860 1786 studium
884 1726 963 1785 istuc
988 1741 1061 1786 esse

77 1811 225 1872 iuventuti
239 1818 364 1872 nostrae
379 1809 548 1884 credimus,
572 1826 664 1885 quam
685 1811 816 1870 maiores
832 1809 928 1870 nostri
943 1816 1059 1870 rectam

79 1902 281 1956 exercuerunt
296 1893 417 1954 hastilia
434 1895 549 1968 iacere,
571 1895 679 1970 sudem
693 1902 851 1969 torquere,
868 1909 980 1969 equum
997 1893 1060 1967 agi-

80 1987 156 2054 tare,
174 1995 259 2038 anna
273 1983 424 2039 tractaret
465 1977 537 2037 nihil
560 1977 674 2039 liberos
695 1994 770 2039 suos
788 1977 954 2051 docebant,
977 1977 1062 2052 quod

78 2062 259 2123 discendum
276 2069 360 2123 esset
376 2060 556 2123 iacentibus.
595 2061 658 2122 Sed
680 2078 737 2122 nec
752 2061 831 2121 haee
846 2077 903 2121 nec
918 2062 969 2120 illa
987 2061 1060 2120 edo·

79 2152 147 2207 cent
163 2147 285 2207 aluntve
302 2147 451 2207 virtutem.
492 2143 566 2221 quid
582 2145 661 2205 enim
675 2146 804 2220 prodest
817 2159 931 2220 equum
953 2159 1062 2219 regere

78 2239 107 2291 et
125 2247 248 2291 cursum
264 2231 330 2290 eius
353 2230 440 2290 ireno
456 2237 641 2304 temperare,
670 2229 841 2289 adfectibus
862 2226 1061 2289 effrenatissi-

77 2313 134 2375 mis
153 2314 308 2375 abstrahit
339 2314 411 2389 quid
428 2315 556 2389 prodest
569 2313 680 2374 multos
696 2313 817 2373 vincere
832 2312 997 2373 luctatione
1010 2313 1061 2371 vel

78 2405 198 2473 caestu,
214 2398 252 2459 ab
268 2397 425 2458 iracundia
443 2397 543 2457 vincit
583 2397 684 2471 „Quid
705 2403 800 2470 ergo?
827 2396 900 2456 nihil
922 2395 1012 2457 nobis
1026 2394 1101 2459 li-no

76 2483 192 2542 beralia
206 2483 366 2545 conserunt
379 2483 527 2543 studiat“
569 2482 618 2541 Ad
634 2483 692 2541 alia
707 2482 848 2553 multum,
864 2481 904 2540 ad
919 2479 1060 2539 virtutem

77 2565 160 2626 nibil.
203 2583 271 2626 nam
290 2574 320 2626 el
339 2567 398 2626 bue
417 2568 494 2626 viles
515 2581 555 2624 ex
577 2565 719 2641 proiesso
745 2572 840 2638 artes,
867 2579 946 2639 quae
968 2578 1060 2622 manu

78 2658 227 2723 constant,
241 2652 282 2712 ad
296 2650 494 2711 instrumenta
507 2650 585 2711 vitae
598 2650 759 2725 plurimum
775 2649 944 2722 conferunt,
959 2654 1059 2706 tamen

76 2735 117 2794 ad
133 2735 272 2796 virtutem
288 2750 350 2794 non
366 2734 524 2810 pertinent.
561 2733 703 2808 „Quare
717 2749 809 2808 ergo
825 2731 1059 2793 liberalibus

78 2817 222 2879 studiis
245 2819 614 2879 lilioserudimust“
657 2819 737 2879 Non
763 2817 854 2892 quia
881 2817 1060 2877 virtutem

76 2901 170 2961 dare
189 2909 374 2977 possunt,
400 2903 467 2963 sed
486 2902 577 2977 quia
601 2903 764 2963 animum
788 2902 835 2962 ad
860 2900 1060 2976 accipien-

77 2985 158 3045 dam
185 2985 366 3046 virtutem
394 2994 641 3062 praeparant.
690 2983 1061 3063 quemadmodumprima

76 3069 142 3142 illa,
157 3077 191 3130 ut
204 3069 320 3145 antiqui
336 3069 502 3143 vocabant,
520 3071 687 3144 literatura,
703 3085 865 3146 perquam
879 3068 983 3141 pueris
999 3067 1059 3124 ele-

76 3159 177 3213 menta
191 3154 364 3229 traduntur,
381 3170 441 3214 non
458 3154 549 3214 docet
563 3155 704 3214 liberales
720 3160 817 3225 artes,
833 3152 889 3212 sed
904 3166 977 3209 mox
992 3163 1059 3223 per-

77 3235 227 3311 cipiendis
245 3239 346 3299 locum
365 3246 466 3313 parat,
495 3238 541 3297 sic
556 3237 698 3296 liberales
714 3244 795 3297 artes
810 3251 871 3295 non
891 3235 1060 3309 perducunt

76 3320 209 3383 animum
224 3323 263 3382 ad
281 3322 435 3395 virtutem,
456 3323 512 3382 sed
528 3321 704 3395 expediunt.
745 3320 913 3394 Qualuor
932 3318 973 3377 ait
989 3321 1100 3376 essert

75 3404 413 3467 artiumPosidonius
433 3419 588 3480 genera=
610 3410 682 3464 sunt
704 3406 889 3478 volgares
914 3407 951 3461 et
975 3416 1058 3460 sor·

76 3488 207 3565 didae,
229 3490 506 3564 suntludicrae,
529 3495 600 3550 sunt
615 3485 808 3564 pueriles,
830 3492 901 3546 sunt
916 3485 1059 3546 libera·
