2468 3930
206 233 377 296 urlst’ul..
391 235 488 297 Mola.
509 235 582 296 Llss.
594 237 647 297 VI.
669 235 727 297 ΕΡ.
739 244 825 302 7-9.
847 243 996 313 <sa-ol.)
1028 239 1088 305 131

108 388 161 449 ita
192 390 281 462 quast
310 386 475 448 noudum
513 386 592 461 ipsi
623 389 728 448 alere
761 403 829 449 nos
870 390 1090 464 possimusr

109 469 258 547 quamdiu
279 468 449 531 sationibus
468 470 651 546 inplebimus
672 488 850 546 magnarum
864 472 984 534 urbium
1006 491 1086 534 cam·

107 561 192 631 post
227 553 374 630 quamdiu
398 552 489 615 uobis
513 556 648 629 populus
673 563 785 617 metetl
823 558 970 632 quamdiu
994 559 1085 619 unius

107 639 507 717 mensacpliantrumentum
529 639 622 700 multa
638 639 760 714 navigia
779 648 809 700 et
829 641 952 716 quidem
969 658 1030 702 non
1046 658 1085 703 ex

106 723 170 784 uuo
196 724 271 783 mari
304 721 496 783 subvehenti
532 729 638 783 taurus
665 725 921 798 paucissimorum
948 726 1086 801 iugerum

108 805 390 882 pascuo'inpletur.
425 821 489 866 una
510 806 589 867 silva
609 807 780 882 elephantis
802 810 941 882 pluribus
957 810 1084 871 suflicit:

107 890 201 952 bomo
218 896 250 950 et
264 897 346 951 terra
361 897 392 951 et
411 889 487 950 mari
501 891 648 965 pasoitur.
678 890 755 965 Quid
770 899 864 965 ergo?
885 900 945 953 tam
960 892 1113 955 insatiao

106 975 200 1034 bilem
211 973 302 1035 nobis
317 981 425 1035 natura
439 974 541 1034 alvum
553 974 645 1049 dedit,
661 988 730 1034 curn
744 981 805 1034 tam
818 976 939 1036 modica
954 993 1085 1052 corpora

108 1058 261 1129 dedisset,
281 1065 315 1118 ut
323 1057 567 1118 vastissimorum
585 1057 898 1133 edacissimorumque
912 1059 1085 1121 animalium

106 1141 281 1201 aviditatem
307 1142 524 1201 vinceremus?
554 1140 687 1200 minime.
723 1144 900 1216 quantulum
926 1149 974 1202 est
995 1145 1084 1217 enim,

107 1225 192 1300 quod
218 1231 344 1286 naturae
370 1226 480 1286 daturt
511 1240 608 1299 parvo
630 1225 681 1284 illa
702 1224 866 1286 dimittitur.
903 1241 965 1285 non
988 1226 1083 1286 fames

105 1308 197 1370 nobis
211 1307 326 1369 ventris
338 1309 433 1369 nostri
448 1323 559 1383 magno
575 1315 708 1381 constat,
724 1309 781 1369 sed
795 1308 928 1369 ambitio.
949 1310 1014 1371 Hos
1029 1311 1112 1372 ita-4

107 1409 183 1468 quo,
210 1399 244 1452 ut
263 1391 305 1452 ait
326 1391 493 1464 Salustius,
518 1396 616 1453 ventri
635 1394 799 1455 obedientes
818 1394 991 1454 animalium
1012 1394 1081 1456 loco

104 1491 318 1550 numeremus,
334 1494 395 1538 non
408 1474 580 1536 hominum:
600 1478 752 1551 quosdam
766 1493 839 1538 vero
855 1493 894 1536 nc
910 1477 1082 1538 animalium

105 1560 247 1637 quidem,
270 1560 326 1620 sed
341 1566 539 1621 mortuorum.
568 1560 737 1634 Vivitis,
760 1561 825 1636 qui
846 1562 974 1622 multis
994 1562 1082 1622 usui

105 1651 181 1716 est,
202 1643 363 1715 vivitiS‚
385 1644 448 1719 qui
470 1658 511 1703 se
531 1640 667 1704 utitur:
691 1643 831 1720 quivero
846 1644 963 1706 latitant
977 1653 1007 1707 et
1021 1652 1082 1707 tor·

105 1735 195 1805 peut,
218 1724 310 1787 sicin
328 1728 521 1800 domosunt,
546 1729 701 1802 quomodo
722 1727 751 1787 in
774 1728 938 1790 conditivo.
973 1728 1081 1790 horum

104 1811 176 1872 licet
198 1809 229 1870 in
249 1811 352 1870 limine
372 1810 443 1887 ipso
465 1827 575 1870 nomen
596 1812 739 1874 marmori
759 1813 925 1874 inscribas=
954 1820 1080 1874 mortem

104 1911 194 1956 suam
208 1901 448 1957 antecesserunt.
479 1895 566 1954 Vale.

399 2030 614 2089 EPISTULA
639 2032 687 2087 IX.
716 2036 788 2103 (61.)

357 2123 468 2178 Seneca
485 2127 596 2178 Lucruro
617 2139 668 2179 suo
688 2140 827 2179 sanorum.

163 2228 365 2302 DesinemuS,
388 2231 472 2305 quod
487 2228 654 2303 voluimus,
677 2232 763 2291 velle.
799 2246 857 2305 ego
876 2237 958 2291 certe
974 2231 1004 2290 id
1020 2247 1078 2306 ago
1096 2237 1110 2288 1

103 2329 217 2374 sonex:
246 2313 355 2373 eadem
380 2315 472 2387 velle,
498 2330 577 2388 quae
604 2330 682 2389 puer
706 2314 800 2373 nolui.
841 2315 872 2373 in
900 2315 960 2373 hoc
986 2330 1078 2374 unum

103 2403 178 2458 eunt
192 2394 274 2472 dies,
296 2397 326 2456 in
341 2397 400 2457 hoo
414 2405 536 2471 noctes,
558 2397 618 2457 hoc
641 2413 720 2472 opus
736 2412 836 2456 meum
855 2404 918 2470 est,
932 2396 1009 2456 haec
1027 2413 1078 2457 co-

102 2481 223 2556 gitatio:
243 2479 392 2556 inponere
412 2480 567 2541 veteribus
589 2480 677 2540 malis
696 2480 797 2540 linem.
823 2480 854 2540 id
869 2496 944 2555 ago,
959 2486 993 2540 ut
1006 2477 1080 2539 mihi

101 2564 199 2625 instar
220 2565 313 2624 totius
332 2563 413 2624 vitae
437 2563 505 2625 dies
532 2565 581 2625 sit.
625 2579 683 2625 nec
708 2563 899 2625 mehercules
924 2569 1078 2639 tamquam

101 2647 240 2708 ultimum
260 2647 361 2723 rapio,
391 2647 448 2709 sed
474 2648 520 2709 sic
546 2649 630 2710 illum
651 2647 805 2724 adspicio,
826 2657 980 2724 tamquam
1006 2663 1078 2709 esse

101 2732 152 2792 vel
165 2731 289 2793 ultimus
310 2733 419 2807 possit.
455 2732 534 2793 Hoc
558 2733 682 2794 animo
707 2732 780 2793 tibi
805 2733 902 2794 hanc
926 2729 1110 2808 episto-r

100 2815 180 2880 lam,
203 2814 354 2890 scribo,
383 2823 581 2892 tamquam,
601 2832 656 2877 me
684 2832 763 2877 curn
791 2816 953 2877 maxime
974 2816 1077 2877 scri-

100 2897 254 2959 bentem
281 2916 382 2960 mors
411 2907 624 2960 evocatura
650 2901 709 2960 sit.
753 2907 878 2975 paratus
904 2900 988 2961 exire
1010 2914 1078 2960 sum

101 2990 132 3043 et
150 2982 223 3044 ideo
245 2983 328 3042 fruar
347 2981 429 3055 vita,
454 2982 525 3058 quia
541 3000 633 3058 quam
649 2985 700 3045 diu
714 2983 848 3045 futurum
862 2984 922 3044 hoc
940 2984 994 3058 sit,
1016 2999 1077 3043 non

101 3066 191 3127 nimis
204 3067 338 3142 pendeo.
366 3075 436 3128 aute
450 3074 636 3129 senectutem
652 3068 770 3139 curavi,
794 3074 828 3128 ut
840 3067 920 3127 bene
934 3068 1077 3138 viverem,

99 3150 131 3211 in
146 3156 315 3223 senectute,
326 3159 360 3212 ut
373 3152 453 3213 bene
468 3150 594 3212 moriar:
619 3150 699 3212 bene
713 3157 814 3211 autem
829 3151 905 3211 mori
922 3158 969 3209 est
983 3150 1077 3209 liben-

99 3243 145 3296 ter
165 3233 254 3296 mori.
290 3234 336 3296 Da
357 3252 498 3311 operam,
521 3251 561 3295 ne
583 3234 657 3310 quid
677 3250 823 3309 umquam
843 3233 955 3293 invitus
971 3229 1110 3292 faciest»

101 3317 250 3395 quicquid
264 3333 395 3381 necesse
410 3319 543 3381 futurum
557 3324 606 3378 est
619 3316 818 3393 repugnanti,
839 3317 874 3376 id
892 3315 1005 3375 volenti
1025 3331 1077 3376 ne-

101 3405 234 3465 cessitas
255 3418 319 3463 uon
341 3411 397 3464 est.
431 3404 477 3463 lta
496 3402 583 3463 dico:
607 3401 659 3476 qui
679 3401 808 3476 imperia
832 3400 930 3460 libens
955 3399 1077 3474 excipit,

100 3495 220 3563 partem
247 3487 478 3549 acerbissimam
511 3485 666 3547 servitutis
699 3483 820 3561 effugit,
857 3484 960 3607 seqare
995 3483 1078 3561 quod
