2468 3930
268 226 438 289 arrsmt.
451 225 546 287 moa.
568 227 640 286 me.
653 226 703 286 111.
724 226 820 288 aaa.
842 230 914 302 (aa.)
1037 225 1078 290 55

101 381 235 449 Africam
249 387 341 440 vento
355 381 468 439 relatus
484 393 551 439 cum
566 378 661 438 teneri
677 394 785 438 navem
801 395 886 440 suam
898 377 1028 440 vidisset
1041 378 1078 438 ab

99 464 256 538 hostibus,
285 464 367 522 terro
388 478 423 523 se
444 462 702 523 manaverberavit
721 471 751 523 et
772 463 1004 538 quaerentibus,
1026 460 1078 520 ubl

99 549 266 624 imperator
290 554 387 606 esset:
421 545 620 620 ,‚imperator,
648 546 759 621 inquit,
791 561 826 606 se
851 546 931 607 bene
954 543 1078 605 habet.“

99 633 170 694 Vox
188 630 266 690 haec
286 630 369 690 illum
390 644 495 704 parem
512 628 678 689 maioribus
693 629 764 689 iecit
777 634 808 688 et
821 630 943 690 latalcm
960 627 1121 704 Scipio-10

100 715 189 776 nibus
211 714 242 773 in
262 714 368 773 Airica
387 712 514 788 gloriam
535 727 596 772 non
618 721 665 772 est
681 711 858 788 interrumpi
872 729 977 790 passa.
1002 714 1078 773 mul-

99 806 160 860 tum
175 798 233 859 luit
248 795 457 871 Carthaginem
471 796 609 868 vincere,
624 796 682 856 sed
692 794 824 871 amplius
836 807 972 859 mortem.
999 795 1077 869 „lm-

100 889 233 959 perator,
256 881 368 955 inquit,
390 895 425 940 se
443 879 523 939 bene
536 878 661 940 habet.“
682 895 719 940 an
735 881 823 941 aliter
836 881 968 942 debebat
981 879 1076 956 impe·

99 975 191 1040 rator,
213 964 389 1039 etquidem
410 962 547 1037 Catonis,
570 963 669 1023 morit
702 964 770 1025 Non
788 980 903 1026 revoco
922 974 954 1026 te
973 965 1012 1024 ad
1034 963 1079 1024 hi·
1087 970 1120 1024 11

101 1051 211 1111 storias
227 1063 285 1108 nec
301 1063 341 1107 ex
355 1047 495 1107 omnibus
511 1046 624 1108 seculis
640 1054 866 1122 contemptores
881 1049 1003 1120 mortis,
1025 1048 1078 1122 qui

99 1140 172 1196 sunt
193 1132 330 1208 plurimi,
352 1131 478 1205 colligor
500 1131 622 1205 respice
645 1129 782 1190 adhaec
803 1138 909 1192 nostra
930 1139 1078 1206 tempora,

99 1218 139 1279 de
159 1233 290 1292 quorum
307 1216 454 1290 languore
468 1230 505 1274 ac
519 1213 637 1274 deliciis
654 1215 824 1289 quarinum
847 1215 946 1275 omnis
962 1213 1078 1276 ordinis

99 1301 241 1362 homines
264 1305 443 1375 suggerent,
466 1298 566 1360 omnis
586 1299 742 1369 fortunae,
764 1297 864 1358 omnis
879 1299 1002 1370 aetatis,
1026 1294 1079 1372 qui

99 1385 181 1444 mala
200 1399 260 1445 sua
279 1389 376 1443 morte
392 1383 616 1458 praeciderunt
651 1382 725 1441 Mihi
739 1382 848 1457 crede,
867 1383 977 1457 Lucili,
1000 1381 1078 1441 adeo

99 1483 185 1529 mors
203 1468 339 1527 timenda
359 1483 419 1527 non
441 1475 503 1538 est,
526 1472 560 1525 ut
578 1465 729 1527 beneflcio
744 1467 810 1527 eius
825 1467 899 1527 nihil
912 1467 1079 1528 timendum

100 1552 148 1612 sit.
185 1550 321 1611 Secmus
338 1551 442 1626 itaque
455 1548 568 1609 inimici
583 1547 681 1610 minas
697 1550 779 1611 audi.
808 1559 838 1612 et
853 1552 991 1626 quamvis
1006 1561 1122 1614 con-12

101 1634 230 1695 scicntia
249 1634 302 1695 tibi
322 1642 375 1695 tua
394 1633 535 1694 fiduciam
557 1633 663 1708 iaciat,
684 1642 785 1695 tamen
800 1634 872 1709 quia
886 1637 978 1696 multa
993 1642 1080 1696 extra

101 1733 229 1779 causam
243 1718 358 1792 valent,
382 1725 412 1778 et
427 1715 511 1793 quod
526 1715 744 1792 aequissimum
759 1726 821 1793 est,
843 1735 936 1794 spera
949 1728 980 1781 ct
993 1720 1032 1778 od
1048 1719 1080 1778 id

99 1809 145 1875 te,
175 1801 261 1878 quod
282 1807 330 1860 est
348 1800 587 1876 iniquissimum,
618 1817 762 1877 conpara
792 1803 867 1862 illud
888 1809 989 1864 autem
1010 1809 1080 1862 ante

101 1884 204 1945 omnia
217 1892 386 1958 memento,
402 1884 527 1943 demere
538 1884 634 1962 =rebus
648 1887 807 1946 tumultum
822 1901 859 1946 ac
873 1887 987 1960 videre,
1006 1885 1081 1962 quid

100 1967 130 2028 in
154 1983 332 2044 quoquere
353 1968 407 2028 sit:
435 1967 517 2028 scies
538 1966 611 2027 nihil
630 1985 703 2029 esse
724 1970 753 2028 in
775 1970 842 2030 istis
864 1971 998 2032 terribile
1020 1970 1080 2030 nisi

100 2052 204 2127 ipsum
224 2052 372 2112 timorem.
407 2050 494 2125 Quod
510 2051 597 2111 vides
615 2053 757 2113 accidere
771 2055 889 2129 pueris,
910 2055 971 2115 hoe
989 2053 1124 2122 nobislt

101 2150 228 2211 quoque
241 2135 417 2196 maiusculis
433 2134 537 2210 pueris
551 2137 667 2196 evenit=
690 2134 731 2195 illi
745 2154 824 2211 quos
837 2148 948 2213 amant,
967 2138 1080 2214 quibus

99 2219 324 2291 adsueverunt,
347 2235 415 2279 cum
439 2218 551 2294 quibus
572 2219 695 2292 ludunt,
720 2219 746 2280 si
766 2229 950 2297 personatos
965 2223 1078 2294 vident,

99 2309 328 2378 expavescunt=
349 2318 411 2363 non
426 2301 599 2363 hominibus
615 2309 746 2376 tantum,
767 2306 825 2364 sed
840 2306 934 2366 rebus
948 2319 1081 2381 persona

102 2386 256 2446 demenda
276 2393 323 2447 est
343 2395 373 2447 et
390 2386 550 2447 reddenda
570 2387 665 2446 lactes
680 2402 746 2446 sua.
783 2387 861 2461 Quid
874 2386 947 2447 mihi
960 2388 1080 2463 gladios
1089 2397 1123 2452 ll

101 2477 133 2530 et
152 2469 241 2544 ignes
261 2471 399 2531 ostendis
421 2478 451 2531 et
469 2471 590 2531 turbam
610 2470 787 2530 carnificum
808 2472 891 2531 circa
906 2478 935 2530 te
951 2472 1081 2530 tremen-

100 2558 185 2614 tamt
218 2555 290 2614 tolle
310 2553 399 2614 istam
419 2570 579 2629 pompam,
609 2555 667 2615 sub
684 2570 745 2629 qua
761 2556 839 2616 lates
855 2563 886 2616 et
899 2554 1009 2614 stultos
1021 2561 1081 2614 ter-

101 2637 191 2696 ritas:
214 2653 299 2698 mors
313 2644 376 2710 est,
398 2654 489 2713 quam
504 2653 603 2712 nuper
616 2654 726 2698 servus
740 2653 843 2713 meus,
865 2654 956 2714 quam
971 2637 1082 2698 ancilla

101 2721 296 2796 contempsit.
324 2720 401 2795 Quid
413 2729 445 2782 tu
456 2738 563 2782 marsus
574 2722 645 2781 mihi
657 2721 780 2797 flagella
791 2730 821 2783 et
832 2726 957 2785 eculeos
969 2738 1081 2798 magno

102 2804 251 2878 adparatu
267 2803 428 2879 explicas?
448 2804 522 2881 quid
540 2806 668 2879 singulis
683 2807 818 2867 articulis
833 2806 955 2884 singula
968 2806 1081 2867 machi·

101 2894 260 2962 nomento,
284 2887 394 2961 quibus
415 2896 667 2963 extorqueantur,
690 2896 793 2964 aptata
814 2899 844 2951 et
863 2893 944 2951 mille
962 2892 1023 2951 alia
1036 2891 1081 2951 in-

102 2977 271 3031 strumenta
285 2971 524 3032 excarnificandi
535 2971 734 3048 particulatim
745 2972 898 3035 hominist
921 2973 1081 3049 poneista,

103 3070 186 3129 quae
208 3070 268 3115 nos
290 3053 544 3131 obstupefaciant.
576 3056 647 3116 iube
668 3057 876 3119 conticescere
902 3059 1032 3132 gemitus
1052 3067 1082 3119 et

101 3138 345 3199 exclamationes
358 3146 389 3199 et
400 3155 511 3200 vocum
525 3139 603 3200 inter
616 3140 831 3201 lacerationem
843 3142 985 3202 elisarum
997 3156 1081 3200 acer·

101 3219 245 3282 bitatemr
274 3235 385 3297 nempe
405 3223 495 3284 dolor
520 3230 582 3295 est,
610 3239 700 3297 quem
724 3224 910 3299 podagricus
935 3223 986 3284 ille
1009 3239 1082 3284 con·

102 3305 222 3377 temnit,
253 3319 345 3380 quem
370 3305 575 3367 stomachicus
600 3307 650 3366 ille
671 3309 701 3366 in
723 3308 801 3382 ipsis
821 3306 939 3367 deliciis
961 3308 1082 3383 periert,

104 3403 197 3461 quem
216 3389 248 3448 io
271 3390 436 3464 puerperio
457 3390 560 3465 puella
580 3392 756 3466 perpetitur.
784 3391 862 3451 levis
876 3398 937 3462 est,
962 3391 989 3452 si
1004 3392 1083 3452 terre

103 3485 251 3548 possum,
273 3470 379 3533 brevis
393 3480 453 3549 est,
468 3473 496 3534 si
507 3474 587 3534 lerre
599 3489 660 3536 non
673 3490 811 3550 possum.
845 3473 970 3534 Haecin
983 3477 1125 3538 anim015
