2468 3930
184 210 248 276 ³14
471 210 505 270 L.
528 209 674 269 ANNAEl
697 207 872 269 SENECAE

186 380 294 442 quam
317 361 492 438 apertius
518 377 628 437 quam
655 377 779 422 coram
800 362 942 423 Catone
967 368 1167 438 peccatum

156 456 253 515 aest.
297 447 406 508 credat
427 446 538 520 aliquis
554 444 713 522 pecuniam
729 461 800 506 esse
822 455 973 507 versatam
994 447 1029 505 in
1050 462 1095 508 eo
1116 448 1166 508 iu·

186 533 307 606 dicio,
332 531 369 589 in
395 545 467 605 quo
493 545 583 590 reus
605 536 687 589 eret
708 529 868 590 clodius
894 530 939 590 ob
964 530 1001 589 id
1022 531 1166 592 adulte·

185 616 297 689 rium,
318 614 515 689 quodcum
532 613 899 674 caesarisuxorein
915 621 1049 688 operto
1072 628 1166 674 com-

185 700 346 759 miserat
365 695 529 759 violatis
551 695 813 771 religionibus
833 698 900 759 eius
915 697 1066 773 sacrificii,
1083 699 1167 773 quod

187 799 243 859 pro
267 782 383 857 populo
409 781 476 841 fieri
497 780 607 841 dicitur
629 780 675 841 sic
699 780 849 842 submotis
875 789 961 842 extra
985 789 1167 858 conseptum

186 866 328 929 omnibus
345 865 427 937 viris,
443 871 476 925 ut
491 865 629 940 picturae
640 879 765 940 quoque
776 866 980 925 masculorum
993 866 1167 928 animalium

187 955 408 1024 contegantur
435 949 520 1024 atqui
539 947 601 1008 dati
623 948 775 1008 iudicibus
796 950 909 1009 nummi
930 956 1058 1022 suntet,
1083 951 1167 1026 quod

187 1035 246 1094 hec
260 1033 432 1094 etiamnunc
446 1033 589 1107 pactione
603 1033 724 1108 turpius
744 1039 807 1107 est,
829 1040 937 1109 stupra
957 1033 1086 1108 insuper
1104 1050 1167 1094 ma-

186 1126 342 1179 tronarum
360 1123 390 1177 et
410 1116 708 1177 adolescentulorum
731 1115 876 1176 nobilium
897 1117 1013 1178 stillarii
1028 1119 1099 1177 loco
1116 1132 1167 1177 ex-

158 1209 255 1270 aaota
280 1208 360 1262 sunt.
402 1200 505 1260 Minus
531 1200 655 1260 crimine
676 1216 768 1275 quam
789 1200 983 1262 absolutione
1007 1208 1168 1275 peccatum

188 1292 249 1346 esta
271 1284 411 1346 adulterii
424 1299 497 1344 reus
513 1284 661 1345 adulteria
676 1283 779 1344 divisit
792 1299 850 1344 nec
864 1293 934 1347 ante
947 1283 1002 1346 tuit
1015 1285 1055 1345 de
1071 1286 1168 1347 salute

188 1385 333 1439 securus,
351 1383 442 1442 quam
457 1367 572 1427 similes
589 1368 637 1427 sui
652 1367 769 1428 iudices
785 1383 860 1428 suos
875 1369 1017 1430 reddidit.
1045 1369 1124 1430 haec
1138 1369 1166 1429 in

188 1468 225 1515 eo
242 1452 355 1513 iudicio
370 1453 551 1526 factasunt,
572 1452 602 1510 in
619 1469 690 1526 quo,
705 1453 732 1513 si
749 1450 822 1511 nihil
837 1452 928 1528 aliud,
946 1453 1018 1513 Cato
1034 1454 1168 1514 testimo·

188 1538 270 1597 nium
283 1536 410 1596 dixerat.
438 1536 511 1611 Ipsa
527 1551 637 1610 ponam
654 1536 758 1609 verba,
775 1536 910 1610 quiores
924 1537 1017 1597 iidem
1033 1539 1167 1598 excedit:

159 1629 176 1679 4
252 1620 413 1680 Grcnnorus
427 1618 640 1679 Errsrunanmr
655 1637 696 1681 an
710 1625 846 1680 Amicum
862 1636 950 1679 arana
960 1621 983 1679 Ι.
1008 1621 1171 1682 Accersivit

187 1705 284 1777 adse,
295 1704 440 1779 promisit,
456 1706 627 1777 intercessit,
640 1705 732 1766 dedit.
759 1705 826 1765 Iam
842 1722 920 1779 aero,
936 1721 954 1766 o
969 1706 1003 1766 di
1016 1705 1092 1779 doni,
1106 1722 1169 1766 rem

184 1784 355 1864 perditam!
381 1791 471 1847 etiam
490 1794 588 1849 noces
606 1794 757 1848 certarum
776 1792 932 1850 mulierem
952 1796 1040 1864 atque
1060 1790 1170 1850 adule-

187 1874 383 1934 seentulornm
396 1872 535 1932 nobilium
549 1873 777 1934 introductiones
793 1875 942 1934 monilis
955 1873 1101 1934 indicibus
1107 1889 1170 1948 pro

188 1955 332 2016 mercedis
347 1959 463 2016 enmnlo
476 1955 611 2029 suerum.

159 2055 176 2106 5
249 2039 316 2098 Non
331 2044 422 2099 vacat
435 2040 475 2098 de
490 2039 586 2115 pretio
603 2039 704 2114 queri,
724 2039 793 2114 plus
809 2039 840 2098 in
855 2038 1087 2099 accessionibus
1102 2038 1169 2099 luit.

189 2123 263 2196 „Vis
279 2123 380 2183 severi
394 2121 474 2184 illius
489 2129 639 2185 uxoremt
657 2123 737 2183 dabo
752 2124 842 2182 illam.
867 2124 914 2182 vis
930 2121 1055 2183 divitis?
1076 2120 1169 2183 huius

189 2223 313 2283 quoque
332 2207 384 2268 libi
399 2207 564 2281 praestabo
580 2205 783 2268 concubitum.
812 2205 991 2267 adulterium
1012 2203 1073 2267 nisi
1089 2207 1170 2266 iece-

188 2292 246 2366 ris,
265 2291 386 2352 damna.
429 2291 484 2350 illa
499 2293 644 2365 formosa,
660 2307 751 2365 quam
766 2291 935 2365 desideras,
950 2290 1061 2351 veniet.
1088 2290 1169 2350 illius

189 2376 242 2437 tibi
262 2384 383 2437 noctem
405 2376 546 2451 promitto
569 2390 626 2435 nec
643 2373 766 2435 differo:
789 2375 866 2435 intra
881 2372 1170 2449 conperendinatio-

190 2476 257 2521 nem
280 2459 359 2520 fides
381 2459 525 2534 promissi
544 2459 604 2519 mei
626 2458 787 2519 exstabit.“
829 2457 901 2518 Plus
922 2465 971 2518 esl
985 2457 1170 2518 distribuere

190 2542 339 2605 adulteria
359 2560 452 2618 quam
474 2543 591 2603 lacere:
619 2542 679 2602 hoc
700 2559 775 2603 vero
795 2543 941 2602 matribus
962 2541 1095 2602 familiae
1117 2540 1169 2601 de-

159 2633 176 2687 6
189 2629 327 2688 nuntiare
341 2634 398 2686 est.
427 2627 465 2686 lli
480 2625 597 2686 iudices
611 2623 747 2686 Clodiani
762 2642 781 2686 a
795 2632 903 2687 senatu
918 2626 1068 2700 petierant
1083 2639 1169 2700 prae-

190 2711 315 2780 sidium,
342 2709 425 2783 quod
447 2724 509 2769 non
529 2714 594 2768 erat
612 2707 670 2768 nisi
686 2709 872 2771 damnaturis
890 2708 1114 2782 necessarium,
1141 2715 1172 2769 et

189 2794 424 2868 inpetraverant.
446 2793 549 2866 itaque
563 2793 719 2866 eleganter
731 2794 789 2854 illis
802 2794 925 2855 Catulus
941 2794 1084 2854 absoluto
1094 2807 1170 2861 reo:

190 2876 268 2948 Ouid
277 2892 334 2948 eos,
346 2873 445 2951 inquit
454 2877 642 2952 praesidinm
655 2893 675 2938 e
688 2879 770 2939 nobb
778 2875 945 2953 petebatis?
959 2893 999 2938 an
1010 2894 1049 2938 ne
1058 2878 1173 2938 nummi

187 2961 266 3021 vodis
279 2958 490 3036 eriperentur?
511 2958 588 3020 inter
602 2960 660 3022 hos
674 2967 774 3020 tamen
792 2963 879 3022 iocos
894 2961 1007 3036 inpune
1020 2960 1087 3022 tulit
1101 2966 1171 3020 ante

189 3044 332 3104 iudicium
347 3045 480 3117 adulter,
497 3045 527 3104 in
541 3045 654 3105 iudicio
669 3046 753 3119 leno,
771 3046 823 3121 qui
839 3045 1065 3106 damnationem
1080 3042 1170 3120 peius

159 3127 295 3203 'leliugit
320 3145 410 3204 quam
434 3127 553 3190 meruit.
597 3129 764 3204 Quicquam
790 3130 887 3189 luisse
915 3128 1089 3203 corruptius
1111 3124 1171 3186 illis

188 3212 324 3273 moribus
340 3215 449 3289 credis,
466 3211 578 3288 quibus
594 3211 688 3273 libido
704 3230 766 3275 non
780 3214 878 3274 sacris
893 3212 1031 3284 inhiberi,
1048 3227 1111 3273 non
1124 3208 1171 3271 iu-

190 3296 278 3358 diciis
299 3305 432 3372 potarat,
456 3296 566 3372 quibus
587 3297 617 3356 in
632 3313 670 3357 ea
684 3297 755 3373 ipsa
770 3298 965 3373 quaestione,
989 3311 1069 3370 quae
1084 3301 1173 3377 extra

189 3381 326 3441 ordinem
342 3381 609 3443 senatusconsulto
624 3380 833 3456 exercebatur,
849 3383 918 3456 plus
936 3397 1027 3455 quam
1043 3393 1171 3454 quaere-

188 3462 290 3540 ¹ratur,
311 3465 478 3526 admissum
501 3471 569 3525 esti
597 3464 816 3541 quaerebatur,
837 3481 876 3524 an
896 3470 969 3542 post
989 3463 1171 3524 adulterium
