2468 3930
273 221 319 276 ns
333 220 502 278 sannaus
516 178 923 279 rorarurmnuuirisan.x
1008 218 1070 283 457

92 378 197 444 temptu
214 373 281 445 viri,
299 385 371 444 quae
393 391 425 430 se
441 373 522 428 nimis
540 375 665 447 suspicit.
694 373 836 430 Ducbene
855 375 1004 431 institutam
1021 383 1097 437 neci

91 456 223 512 maternis
235 457 405 528 inquinatam
415 458 506 526 vitiis,
525 473 582 513 non
601 458 679 513 cuius
691 458 821 514 auriculis
835 460 973 530 utrimque
985 461 1068 532 patri·

92 541 186 596 monia
198 541 265 597 bina
278 541 470 614 dependeant,
485 556 638 613 nonquam
654 543 821 614 margaritae
835 542 988 612 suffocent,
1013 560 1069 600 non

91 625 136 680 cui
148 624 239 680 minus
251 626 324 681 sitin
337 625 402 682 dote
416 640 501 698 quam
511 625 540 681 in
550 630 647 695 veste,
661 640 718 680 nan
731 641 813 697 quarn
826 622 989 701 sm]patente
1001 630 1070 684 sella

91 704 303 784 circu[m]latam
320 726 374 783 per
391 711 488 766 urbem
507 710 629 782 populus
642 710 676 764 ab
694 710 769 763 omni
785 714 865 782 parte
878 726 969 787 aeque
986 727 1070 782 quam

91 793 204 847 maritus
216 793 385 866 inspexerit,
397 794 476 848 cuius
488 792 605 848 sarcinis
616 792 716 848 domus
727 808 784 848 non
798 792 834 848 sit
844 799 975 866 angusta.
991 795 1069 851 Hanc

90 876 170 932 facile
192 876 229 931 ad
247 894 340 933 mores
358 884 420 932 tuos
436 876 567 948 rediges,
588 891 670 947 quam
685 874 810 931 nondum
822 884 1068 951 corrupemntpu-

89 960 152 1016 bliei
166 955 378 1035 [corruptores].

153 1043 301 1114 „Uxorem
315 1046 419 1100 bonam
432 1043 543 1099 amisi.“
565 1041 627 1097 Non
641 1045 791 1099 erubesces
808 1041 879 1098 flere
895 1049 921 1098 et
937 1045 1068 1100 intolera—
1080 1052 1098 1106 8

90 1126 172 1182 bilem
185 1144 291 1186 vocare
310 1129 466 1185 iacturam?
491 1127 550 1182 Hoc
568 1142 654 1182 unum
666 1127 760 1196 deest,
774 1131 866 1182 utrum
882 1126 958 1183 illem
969 1129 1068 1200 lugeas

89 1226 125 1266 an
138 1226 203 1272 non.
220 1228 283 1267 cnm
295 1212 423 1269 maritum
433 1216 461 1267 te
473 1210 658 1283 cogitaveris,
672 1217 699 1266 et
710 1210 802 1268 virum
813 1210 915 1282 cogita.

152 1295 266 1365 „Amisi
278 1312 396 1352 uxorem
408 1292 542 1351 bonam.“
566 1292 652 1351 Soror
664 1294 826 1367 recuperari
836 1295 911 1351 bona
929 1310 987 1350 non
1003 1301 1065 1368 pot·
1076 1306 1094 1361 9

90 1382 132 1434 est
143 1395 197 1434 nec
208 1384 312 1436 matera
333 1396 406 1436 uxor
420 1378 608 1437 adventicium
619 1380 723 1434 bonum
735 1384 787 1434 est.
806 1393 863 1433 non
876 1383 918 1433 est
929 1378 1066 1451 interilla,

89 1476 161 1532 quae
181 1465 270 1520 semel
287 1463 437 1537 unicquue
457 1463 627 1534 contingunt.
651 1463 752 1519 multos
766 1462 816 1519 tibi
833 1477 982 1518 numerare
999 1479 1066 1535 pos-

90 1560 165 1617 sum,
177 1547 277 1619 quibus
287 1549 391 1605 bonam
402 1563 520 1604 uxorem
531 1545 690 1619 lugentibus
702 1547 800 1606 melior
815 1546 939 1620 contigit.
1033 1590 1035 1594 ,

153 1630 245 1702 Mors,
258 1633 386 1702 exilium,
400 1633 504 1701 luctus,
517 1637 598 1689 detor
611 1646 668 1686 non
679 1635 744 1686 sunt
755 1630 891 1702 supplicia
904 1629 956 1686 sed
968 1631 1068 1688 tributa

88 1713 213 1772 vivendi.
230 1717 371 1773 neminem
385 1716 512 1772 illaesum
525 1720 579 1771 tata
591 1716 782 1771 transmittunt.
808 1714 888 1770 Felix
899 1720 1008 1771 estnon
1019 1715 1067 1788 qui

88 1798 150 1854 aliis
167 1799 292 1871 videtur,
315 1801 367 1858 sed
382 1800 429 1873 qui
448 1800 516 1856 sibi=
535 1797 616 1856 vides
635 1806 743 1870 autem,
759 1815 843 1871 quam
859 1815 924 1855 rara
941 1799 1016 1855 domi
1032 1799 1067 1855 sit

88 1879 140 1937 ista
155 1882 279 1939 felicitas.
