2468 3930
183 244 245 310 110
467 242 500 301 L.
521 241 669 302 ΑΝΝΑΕΙ
691 238 866 300 SENECAE

181 398 358 469 interesset,
379 401 477 454 utrum
499 393 574 453 irem
591 408 629 451 an
656 390 804 465 redirem,
829 391 960 466 primum
984 390 1158 466 aequalitas

183 483 248 554 illa,
265 493 344 554 quae
359 493 407 536 me
422 482 612 551 corruperat,
627 475 724 550 periit.
750 475 886 536 nondum
898 481 963 535 erat
976 480 1158 549 tempestus,

183 565 240 625 sed
271 563 331 622 iam
357 560 510 620 inclinatio
541 559 632 618 maris
659 574 695 618 11
720 558 851 619 subinde
874 558 1010 618 crebrior
1032 557 1157 618 fluctus.

184 646 273 721 coepi
288 645 522 720 gubernatorem
537 658 662 716 rugare,
682 649 715 702 11
731 657 780 700 me
794 641 824 701 in
839 642 943 716 aliquo
957 643 1045 703 litore
1059 657 1158 717 expo·

182 738 277 790 neret.
294 728 394 788 aiebat
407 727 457 786 ille
472 742 583 800 aspera
598 740 670 786 esse
682 734 712 786 11
725 725 906 800 inportuosa
919 741 976 785 nec
991 725 1160 801 quicquam

151 821 169 877 e
184 829 218 874 se
236 827 336 887 aeque
350 811 380 870 in
395 816 576 885 tempestate
591 810 696 870 timere
708 825 798 885 quam
813 817 934 869 terram.
947 807 1039 869 Peius
1055 814 1159 869 autern

183 897 333 969 vexabar,
360 909 450 970 quam
474 900 508 954 ut
532 893 603 952 mibi
625 893 792 968 periculum
813 898 1014 954 succurreret.
1047 893 1164 953 nausia:

183 980 263 1040 enim
278 994 326 1038 me
341 977 446 1052 segnis
464 977 541 1037 haee
556 983 585 1036 11
600 978 667 1037 sine
682 978 765 1037 exilu
778 977 956 1051 torquebat,
970 991 1050 1052 quae
1064 976 1158 1036 bilem

182 1071 285 1123 movet
306 1077 363 1122 nee
385 1061 523 1122 effundit.
556 1061 649 1120 institi
670 1062 773 1134 itaque
793 1061 989 1135 gubernatori
1010 1065 1040 1119 et
1063 1059 1158 1134 illum,

181 1148 274 1207 vellet
294 1147 402 1218 nollet,
424 1144 526 1219 coegi,
550 1151 665 1220 peteret
683 1145 763 1204 litus.
792 1144 879 1204 cuius
899 1152 933 1205 ut
947 1143 1087 1203 viciniam
1103 1143 1159 1202 ad·

182 1232 320 1306 ligimus,
341 1247 403 1290 non
419 1235 582 1304 exspecto,
604 1235 638 1289 ut
653 1227 817 1302 quicquam
832 1244 872 1288 ex
889 1225 1065 1303 praeceptis
1079 1227 1159 1286 Ver·

182 1314 245 1389 gilii
260 1313 322 1388 liat,

472 1397 623 1455 obvertunt
632 1397 739 1469 pelope
751 1410 862 1470 proras

183 1489 235 1541 aut

463 1562 639 1641 11111111
649 1577 746 1636 prora
761 1563 884 1621 11111111

184 1663 300 1707 memor
311 1646 429 1707 artificii
443 1646 502 1705 mei
514 1652 602 1704 vetus
616 1643 743 1718 trigidae
757 1647 854 1704 cultor
864 1644 946 1705 mitto
959 1659 1007 1704 me
1019 1642 1049 1703 lu
1064 1659 1159 1722 mare,

150 1732 340 1807 lquomodo
361 1730 591 1807 psychrolutam
612 1728 713 1801 decet,
735 1736 933 1803 gausapatus.
962 1727 1048 1802 Quae
1066 1738 1159 1807 putas

184 1832 234 1874 me
254 1832 397 1890 passum,
423 1814 494 1873 dum
516 1827 571 1886 per
585 1827 696 1886 aspera
711 1827 821 1886 erepo,
844 1812 917 1874 dum
936 1812 1016 1875 viam
1032 1829 1157 1890 quaero,

186 1900 257 1959 dum
275 1899 377 1957 111111
400 1896 535 1955 intellexi
557 1911 618 1953 non
639 1895 777 1955 inmerito
798 1898 897 1958 nautis
919 1906 1029 1958 terram
1048 1896 1157 1959 timeri.

185 1980 375 2041 incredibilia
394 1986 478 2053 sunt,
501 1993 580 2053 quae
600 1978 734 2053 tulerim,
756 1995 823 2041 oum
841 1997 890 2041 me
908 1983 988 2041 11111
1006 1998 1069 2044 nou
1082 1996 1157 2057 pos·

185 2080 264 2125 sem=
295 2061 369 2123 illud
385 2063 478 2136 scito,
500 2062 619 2122 Ulixem
636 2078 696 2122 non
718 2064 814 2124 luisse
834 2073 896 2125 tam
915 2066 991 2125 irato
1010 2065 1085 2124 mari
1105 2080 1157 2124 na-

185 2154 263 2219 tum,
286 2153 319 2207 ut
331 2146 445 2222 ubique
459 2146 617 2221 naufragia
633 2147 761 2207 laceret:
784 2147 941 2209 nausiator
955 2155 1027 2208 erat.
1055 2154 1157 2223 elego

186 2246 382 2307 quocumque
397 2229 541 2306 navigare
553 2231 704 2304 debuero,
721 2230 867 2294 vicesimo
880 2248 960 2293 anno
971 2231 1158 2306 perveniam.

151 2317 223 2379 utu
243 2316 372 2391 primum
393 2314 598 2388 stomachum,
616 2330 706 2389 quem
728 2315 790 2374 scis
807 2321 891 2390 [non]
908 2333 976 2376 cum
989 2316 1065 2375 mari
1083 2330 1158 2377 nau·

185 2402 260 2461 siam
275 2401 426 2474 effugere,
445 2400 567 2473 collegi,
583 2407 616 2460 11
631 2414 745 2472 corpus
759 2401 904 2460 unctione
918 2398 1074 2473 recreavi,
1086 2397 1159 2458 hoc

185 2484 296 2558 coepi
322 2500 465 2543 mecum
491 2484 682 2556 cogitare,
710 2490 853 2557 quantu
878 2500 947 2544 nos
971 2482 1158 2543 vitiorum

185 2575 407 2629 nostrorum
441 2573 674 2641 sequeretur
705 2565 867 2640 oblivio,
895 2566 985 2626 etiam
1012 2580 1158 2641 corpora·

185 2651 271 2719 lium,
294 2665 373 2724 quoe
388 2649 518 2708 subinde
533 2649 697 2708 admonent
712 2650 774 2721 sui,
795 2651 907 2711 nedum
922 2650 1057 2724 illorum,
1078 2661 1159 2724 quae

152 2735 221 2792 611
238 2733 334 2805 magis
355 2733 460 2802 latent,
477 2748 538 2807 quo
554 2732 670 2791 maiora
681 2740 761 2793 sunt.
782 2734 873 2794 Levis
885 2734 1016 2809 aliquem
1027 2730 1158 2803 motiun-

186 2817 254 2876 cula
269 2815 395 2889 decipit:
425 2815 479 2873 sed
496 2830 564 2875 eum
579 2816 673 2875 crevit
689 2824 719 2876 et
732 2833 806 2877 vera
820 2818 913 2878 lebris
929 2816 1053 2891 exarsit,
1068 2816 1159 2876 etiam

186 2900 263 2960 duro
276 2904 306 2958 et
322 2898 512 2973 perpessicio
528 2898 754 2960 contessionem
771 2902 892 2962 excutit.
928 2899 1027 2960 Pedes
1043 2899 1157 2971 dolent,

186 2982 301 3042 articuli
324 2982 556 3058 punctiunculas
579 2982 726 3045 sentiunt=
756 2985 856 3045 adhuc
878 2983 1106 3044 dissimulamus
1128 2987 1161 3041 et

186 3072 238 3126 aut
255 3069 346 3127 talum
361 3066 531 3127 extorsisse
546 3067 674 3128 dicimus
690 3084 748 3128 nos
764 3068 859 3129 autin
874 3067 1091 3128 exercitatione
1106 3064 1159 3126 ali-

187 3166 247 3225 qua
259 3151 427 3211 laborasse.
456 3151 549 3211 dubio
572 3158 601 3210 11
620 3152 783 3226 incipiente
803 3153 910 3213 morbo
934 3151 1161 3227 1111111111ὸ

186 3250 270 3306 men,
285 3235 337 3310 qul
352 3234 403 3295 ubi
418 3235 523 3295 talaria
538 3235 640 3311 coepit
652 3236 808 3298 intendere
824 3243 855 3295 11
867 3243 1015 3310 utrosque
1030 3235 1159 3295 dextros

155 3319 380 3392 1111131111,
397 3325 584 3379 1111331131
595 3319 763 3394 podagrum
776 3321 872 3380 lateri.
895 3319 1007 3380 Contra
1017 3315 1162 3378 evenitiu

185 3400 234 3460 hls
249 3403 380 3476 morbis,
398 3402 508 3478 quibus
523 3401 705 3464 adliciuntur
716 3403 821 3463 animi=
840 3419 901 3477 quo
914 3402 984 3478 quis
999 3402 1091 3478 peius
1101 3399 1163 3478 [se]

187 3480 291 3558 babet,
314 3484 414 3546 minus
430 3487 528 3546 sentit.
558 3485 626 3546 Non
641 3493 689 3547 est
703 3485 788 3563 quod
802 3485 935 3561 11111113,
950 3484 1047 3547 Luotli
1062 3482 1160 3546 11113-
