2468 3930
171 221 174 227 ·
258 221 429 284 urrsrun.
443 217 537 281 uua.
558 217 720 280 uiuum.
743 218 838 278 uun
860 222 932 292 (co.)
1020 217 1084 282 aas

105 375 191 454 qued
210 380 300 434 necet
319 379 465 449 mactem.
493 373 555 433 hoc
574 388 698 449 quoque
718 388 798 447 opus
819 371 861 432 ait
873 385 946 432 esse
961 372 1080 447 sapien·

104 459 195 533 tium,
215 465 371 533 tamquam
385 473 449 517 nou
463 473 543 518 nunc
558 473 682 533 quoque
698 457 826 532 plurima
847 457 979 516 cultores
994 471 1084 530 agro·

102 558 170 605 rum
185 558 270 604 nova
281 542 446 615 inveniant,
464 558 521 618 per
534 557 613 618 quae
629 540 767 602 fertilitas
783 547 942 614 augeatur.
967 538 1126 602 Deindeti

100 642 163 690 non
179 633 229 687 est
242 633 405 688 contentus
416 626 465 687 his
479 626 611 700 mribus,
625 626 684 685 sed
696 625 726 684 in
743 623 902 700 pistrinum
914 623 1085 698 sapientem

101 710 259 773 submittit.
293 711 511 783 canetenim,
538 710 796 784 quemadmodum
819 724 922 768 rerum
944 713 1084 771 naturam

100 795 234 857 imitatus
251 810 389 870 panem
402 794 698 870 coeperitracerc=
720 799 897 867 „receptas
917 790 1030 867 iuquit,
1052 793 1084 854 in

102 895 138 942 os
161 880 268 954 fruges
287 893 475 940 concurrens
495 878 573 938 inter
593 893 628 937 se
648 876 758 937 duritia
775 876 908 935 dentium
929 874 1040 950 trangit
1053 881 1084 936 et

102 962 252 1039 quicquid
266 963 394 1037 excidit,
412 963 453 1023 ad
468 963 595 1021 eosdem
610 962 719 1020 dentes
735 961 837 1034 lingue
851 957 996 1018 refertum
1010 966 1083 1020 tuuc

100 1062 176 1110 vero
198 1046 357 1119 miscetur,
383 1053 418 1106 ul
437 1045 556 1106 facilius
578 1060 632 1119 per
652 1045 757 1105 lauces
779 1041 913 1103 lubricas
938 1049 1083 1102 transeat.

101 1146 170 1191 eum
187 1131 326 1205 pervenit
343 1131 540 1200 inventrem,
557 1127 722 1203 aqualiculi
735 1128 858 1186 lervore
871 1125 1082 1200 concoquitur.

100 1220 173 1276 tunc
189 1214 312 1273 demum
326 1214 449 1289 corpori
465 1211 593 1273 accedit.
621 1213 688 1271 lloc
708 1211 821 1285 aliquis
840 1216 966 1269 secutus
980 1219 1125 1272 exem-23

101 1300 169 1373 piar
191 1297 323 1372 lapidem
344 1312 488 1373 asperum
511 1312 622 1371 aspero
644 1295 780 1371 inposuit
799 1295 841 1354 ad
856 1291 1082 1353 similitudinem

101 1379 254 1451 dentium,
277 1397 406 1456 quorum
427 1397 501 1456 pars
521 1379 673 1440 inmobilis
694 1385 808 1439 motum
827 1377 953 1438 alterius
971 1390 1081 1451 exspe-

101 1470 171 1525 ctat.
186 1464 298 1524 deinde
313 1465 473 1539 utriusque
488 1464 599 1526 adtritu
615 1478 711 1538 grana
724 1464 904 1536 franguntur
917 1468 947 1521 et
958 1459 1083 1535 saepius

100 1554 296 1625 regeruntur,
317 1549 417 1609 donee
438 1548 477 1607 ad
499 1548 654 1608 minutiam
668 1548 845 1623 frequenter
857 1545 928 1606 trita
940 1544 1083 1618 redigan-

100 1638 157 1693 tur.
189 1639 262 1692 tunc
276 1631 404 1691 lerinam
420 1647 501 1707 aqua
513 1631 627 1706 sparsit
641 1639 670 1692 et
681 1631 812 1692 adsidua
822 1627 1002 1690 tractatione
1014 1643 1084 1704 per·

100 1715 218 1776 domuit
231 1714 380 1791 finxitque
398 1730 517 1790 panem,
534 1716 736 1790 quamprimo
753 1714 831 1775 cinis
845 1713 964 1775 calidus
978 1719 1009 1773 et
1025 1712 1084 1773 len

100 1815 178 1860 vens
195 1804 274 1860 testa
290 1798 439 1874 percexit.
466 1799 577 1859 deinde
596 1799 675 1858 lurni
696 1799 843 1874 paulatim
859 1795 1013 1872 reperliet
1025 1796 1085 1857 aliu

101 1897 228 1958 genera,
251 1899 381 1958 quorum
402 1883 507 1943 lervor
525 1883 654 1943 serviret
673 1883 826 1944 arbitrio.“
868 1882 936 1942 Non
957 1881 1083 1941 mullum

102 1967 190 2040 aluit,
220 1964 292 2042 quin
320 1967 514 2027 sutrinum
535 1982 660 2042 quoque
679 1967 834 2027 inventum
853 1981 872 2024 a
892 1963 1084 2040 sapientibus

102 2050 225 2110 diceret.
254 2048 382 2110 Omnia
402 2051 479 2110 ista
498 2051 600 2110 ratio
617 2051 783 2125 quidem,
805 2049 1125 2110 sednonreetall

100 2132 201 2194 ratio
230 2141 440 2194 commenta
468 2142 537 2195 est.
579 2133 747 2193 hominis
776 2132 891 2205 enim,
917 2147 992 2192 nou
1021 2146 1084 2191 sa-

102 2218 251 2292 pientis
266 2219 425 2278 inventa
440 2225 530 2278 sunt
543 2225 604 2277 tam
619 2216 824 2288 mehercules,
842 2230 937 2290 quam
950 2214 1083 2288 naumis,

101 2300 214 2375 quibus
230 2316 337 2362 amnes
353 2302 527 2377 quibusque
544 2300 640 2360 maria
658 2301 824 2359 transimus
842 2298 955 2373 aptatis
976 2297 1016 2357 ad
1030 2313 1083 2357 ex·

103 2382 278 2459 cipiendum
294 2392 453 2446 ventorum
469 2386 606 2459 inpetum
620 2384 699 2444 velis
721 2390 751 2443 et
765 2381 881 2442 additis
893 2396 912 2440 a
925 2387 1011 2454 tergo
1028 2395 1083 2453 gu-

103 2467 284 2542 bernaculis,
301 2485 381 2545 quae
393 2469 453 2529 huc
468 2477 559 2544 atque
571 2467 642 2528 illuc
654 2482 778 2527 causum
789 2463 901 2539 navigii
912 2469 1084 2538 torqueant.

101 2554 277 2627 exemplum
292 2568 310 2612 a
325 2552 462 2628 piscibus
477 2557 608 2613 tractum
620 2558 682 2622 est,
705 2550 757 2626 qui
780 2549 880 2609 cauda
893 2554 1040 2623 reguntur
1054 2553 1086 2607 et

101 2635 160 2694 levi
175 2637 244 2696 eius
256 2637 286 2697 in
301 2643 462 2710 utrumque
477 2642 630 2697 momento
644 2634 837 2695 velocitatem
849 2648 937 2693 suam
948 2630 1084 2693 demunt

102 2717 245 2794 ,‚0mnia,
267 2719 379 2795 inquit,
402 2720 478 2780 haee
500 2719 626 2794 sapiens
646 2719 770 2793 quidem
792 2717 922 2777 invenit:
952 2715 1009 2776 sed
1028 2713 1125 2776 mitt

101 2817 192 2877 nora,
215 2819 306 2879 quam
324 2810 358 2864 ut
370 2805 438 2878 ipse
453 2809 610 2876 tractaret,
631 2802 856 2864 sordidioribus
868 2800 1013 2862 ministris
1030 2800 1084 2861 de-

101 2884 175 2945 dlt.“
205 2885 303 2948 immo
322 2903 384 2947 non
406 2888 473 2947 eliis
495 2887 668 2961 excogitata
687 2886 746 2946 ista
766 2893 838 2946 suut
857 2900 948 2960 quam
971 2883 1083 2959 quibus

100 2967 260 3044 hodieque
271 2977 426 3032 curantur.
447 2971 600 3046 quaedam
614 2977 722 3030 nostra
731 2970 853 3031 demum
866 2967 1010 3043 prodisse
1021 2983 1084 3028 me-

100 3051 200 3114 moria
224 3054 355 3127 scimus,
381 3061 415 3116 ut
435 3055 677 3128 speculariorum
696 3069 788 3113 tuum
809 3053 985 3127 perlucente
1004 3056 1085 3112 testa

101 3136 216 3198 clarum
231 3138 497 3200 transmittentium
513 3139 624 3212 lumea,
639 3145 673 3198 ut
686 3150 894 3211 suspensuras
905 3135 1084 3194 balneorum

101 3228 132 3280 et
145 3221 309 3296 inpressos
324 3222 491 3297 parietibus
505 3221 612 3293 tubos,
628 3236 683 3296 per
699 3235 779 3294 quos
792 3215 1085 3279 circumfunderetur

101 3305 201 3378 calor,
224 3306 278 3380 qui
292 3306 353 3366 ima
369 3306 458 3367 simul
475 3321 513 3365 ee
527 3320 646 3365 summa
662 3305 782 3364 foveret
800 3299 978 3374 aequaliter.
1009 3298 1084 3374 quid

100 3387 212 3463 loquar
225 3405 391 3462 marmora,
419 3390 531 3465 qulbus
545 3389 674 3461 templu,
695 3385 807 3461 quihus
823 3383 934 3444 domus
949 3383 1086 3457 lulgeutt

100 3472 176 3547 quid
191 3472 333 3548 lapideas
347 3474 445 3534 moles
459 3474 490 3532 in
500 3472 664 3534 rotundum
675 3485 713 3530 ac
721 3470 790 3531 leve
802 3470 957 3541 formatas,
974 3463 1085 3543 quibus
