2468 3930
145 201 186 263 96
432 200 465 258 L.
487 199 633 259 ANNAEI
655 197 830 259 SENECAE
854 232 857 239 ,

144 349 378 426 superbissimi,
413 349 635 422 crudelissimi,
671 348 967 409 contumeliosissimi
1000 365 1118 412 sumus.

143 435 219 496 haee
231 443 329 495 tamen
341 432 498 508 praecepti
507 432 565 492 mei
577 448 694 492 summa
706 438 768 493 est:
783 432 829 493 sio
839 447 908 493 cum
918 432 1063 495 inferiore
1074 435 1119 495 vi-

143 535 215 593 vas,
234 517 486 593 quemadmodum
501 522 601 577 tecum
614 516 802 592 superiorem
813 517 891 576 velis
903 516 1017 576 vivere.
1043 534 1120 593 quo·

143 604 221 663 tiens
242 604 273 661 in
293 608 424 662 mentem
444 599 573 673 venerit,
597 607 743 674 quantum
762 600 816 660 tibi
833 599 864 661 in
879 615 1003 661 servum
1017 601 1119 678 liceat,

145 685 246 746 veniat
259 686 291 745 in
304 690 436 744 mentem
448 684 632 745 tantumdem
644 682 674 744 in
684 689 715 744 te
726 682 849 744 domino
861 691 913 744 tuo
926 683 1029 744 licere.
1057 687 1120 762 „ht

104 777 137 830 12
147 784 219 843 ego,
242 769 359 844 inquis,
382 769 497 828 nullum
514 767 612 828 habeo
628 766 814 828 dominum.“
848 768 936 829 Bona
953 775 1038 829 aetas
1053 778 1118 832 osta

144 853 270 914 forsitan
282 852 419 912 habebis.
434 851 546 924 neseis,
560 867 621 925 qua
630 858 729 912 aetate
735 850 862 911 Hecuba
874 850 992 911 servire
1003 868 1117 929 coope-

125 935 196 1011 rit,
219 953 279 1012 qua
296 936 443 1010 Croesus,
460 951 520 1011 qua
530 935 621 994 Darei
631 942 741 1011 mater,
760 952 821 1011 qua
835 934 957 1010 Platon,
973 952 1036 1009 qua
1045 938 1117 999 Dio-

104 1026 259 1095 mgenest
283 1021 362 1081 Vive
374 1035 442 1080 cum
453 1034 543 1079 servo
556 1019 727 1091 clementer,
751 1019 877 1080 comiter
887 1035 1029 1094 quoque,
1044 1029 1076 1082 et
1086 1022 1116 1082 in

145 1120 316 1165 sermonem
335 1103 418 1165 illum
440 1103 563 1163 admitte
578 1111 608 1164 et
622 1102 653 1162 in
670 1103 830 1164 consilium
844 1109 874 1162 et
887 1103 918 1162 in
933 1102 1116 1166 conmotam.

142 1189 209 1249 Hoc
228 1192 297 1251 loco
315 1186 496 1247 adclamabit
511 1185 583 1246 mihi
597 1192 661 1246 tota
676 1203 785 1247 manus
800 1186 1014 1247 delicatorum
1048 1189 1117 1263 „Ni-

142 1271 184 1332 hil
198 1272 256 1332 hac
269 1288 303 1332 re
316 1271 473 1345 humilius,
497 1268 570 1330 nihil
584 1271 732 1346 turpius.“
766 1271 831 1331 Hos
848 1285 905 1345 ego
922 1271 1049 1331 eosdem
1063 1273 1116 1333 de-

104 1362 136 1415 14
145 1356 330 1430 prehendam
350 1355 517 1414 alienorum
537 1368 696 1415 servorum
716 1357 890 1415 osculantes
904 1370 1037 1415 manum.
1072 1356 1118 1416 Ne

143 1439 217 1498 illud
232 1439 355 1514 quidem
367 1437 492 1511 videtis,
516 1453 607 1512 quam
624 1453 742 1498 omnem
757 1437 899 1498 invidiam
915 1438 1047 1499 maiores
1062 1442 1116 1501 no-

144 1523 198 1582 stri
223 1522 373 1593 dominis,
403 1537 522 1581 omnem
547 1522 758 1582 contumeliam
785 1523 883 1582 servis
909 1521 1117 1583 deoaxerinta

143 1605 304 1664 Dominum
336 1612 481 1680 patrem
512 1605 685 1665 familiae
717 1606 962 1681 adpellaverunt,
997 1621 1116 1680 servos,

144 1689 228 1765 quod
247 1690 338 1750 etiam
356 1689 387 1748 in
408 1689 506 1750 mimis
526 1689 626 1749 adhuc
644 1690 744 1764 durat,
767 1690 993 1750 familiares.
1028 1691 1115 1751 lusti·

143 1779 264 1834 tuerunt
283 1773 363 1832 diem
384 1773 508 1846 festum,
537 1788 600 1833 non
625 1789 686 1848 quo
708 1774 775 1834 solo
798 1789 866 1832 cum
886 1773 985 1834 servis
1003 1774 1117 1835 domini

144 1863 350 1930 vescerentur,
372 1856 428 1915 sed
440 1872 500 1932 quo
516 1856 620 1932 utique
634 1857 768 1918 honores
782 1856 841 1916 illis
852 1857 883 1915 in
894 1857 985 1918 domo
997 1873 1114 1933 gerere,

144 1940 191 2000 ius
215 1941 317 2001 dicere
337 1940 539 2016 permiserunt
558 1945 588 2000 et
604 1941 727 2000 domum
742 1940 884 2016 pusillam
897 1941 1116 2018 rempublicam

104 2028 214 2084 tbesse
234 2023 453 2085 iudicaverunt
489 2021 567 2098 Quid
581 2032 676 2098 ergot
698 2040 804 2085 omnes
819 2040 928 2085 servos
943 2025 1116 2086 admovebo

144 2123 267 2168 mensae
282 2115 388 2168 meoet
408 2107 474 2169 Non
486 2108 582 2182 magis
596 2124 688 2183 quam
699 2124 805 2168 omnes
816 2108 939 2168 liberos.
965 2107 1074 2185 Erras,
1090 2107 1116 2169 si

144 2191 300 2254 existimas
322 2208 370 2251 me
387 2192 536 2268 quosdam
553 2193 640 2267 quasi
661 2191 842 2254 sordidioris
859 2207 973 2268 operae
987 2193 1115 2253 reiectu-

143 2293 224 2350 rum,
250 2283 282 2336 ut
306 2283 379 2352 puta
405 2277 488 2337 illum
507 2275 669 2336 mulionem
690 2284 720 2337 et
739 2277 823 2337 illum
842 2275 1023 2337 bubulcum=
1054 2292 1115 2336 non

144 2360 316 2421 ministeriis
331 2361 400 2421 lbos
415 2359 598 2435 aestimabo,
615 2361 671 2421 sed
681 2361 827 2422 moribus.
851 2359 909 2421 sibi
920 2360 1052 2436 quisque
1064 2359 1116 2420 dat

143 2461 259 2505 mores:
288 2443 454 2504 ministeria
474 2460 566 2506 casus
586 2444 736 2519 adsignat.
777 2442 904 2518 Quidam
926 2451 1056 2504 coenent
1071 2450 1114 2503 te-

144 2545 228 2601 cum,
252 2528 323 2603 quia
343 2527 426 2602 digni
447 2534 531 2602 sunt,
554 2528 691 2602 quidam,
714 2534 747 2588 ut
761 2528 829 2588 sint.
861 2527 887 2587 si
903 2525 977 2603 quid
992 2527 1114 2588 enimin

144 2611 202 2670 illis
223 2627 262 2670 ex
283 2610 408 2671 sordida
430 2611 663 2671 conversatione
683 2610 793 2672 servile
814 2619 875 2686 est,
906 2611 1114 2672 honestiorum

104 2692 302 2754 loconvictus
323 2694 464 2753 excutiet.
504 2693 570 2753 Non
592 2702 652 2768 est,
681 2695 721 2753 mi
739 2695 849 2769 Lucili,
881 2695 964 2770 quod
986 2694 1114 2755 amicum

143 2783 258 2837 tantum
278 2775 308 2834 iu
329 2777 395 2836 loro
417 2784 447 2836 et
469 2777 499 2837 in
522 2777 605 2838 curia
623 2793 769 2853 quaeras:
796 2779 822 2838 si
837 2779 997 2853 diligenter
1010 2778 1114 2838 adten-

143 2861 240 2933 dens,
264 2866 294 2920 et
313 2860 394 2920 domi
410 2860 558 2921 invenies.
587 2877 681 2937 saepe
694 2862 776 2925 bona
790 2861 916 2923 materia
930 2868 1034 2922 cessat
1048 2862 1116 2922 sine

144 2943 274 3005 artifice=
296 2951 409 3020 tempta
425 2952 456 3005 ct
472 2945 621 3020 experire.
659 2945 918 3020 Quemadmodum
934 2947 1044 3007 stultus
1058 2951 1114 3019 est,

145 3029 323 3104 quicquum
339 3036 494 3104 empturus
506 3046 568 3090 non
578 3028 680 3105 ipsum
692 3030 827 3106 inspicit,
844 3030 900 3092 sed
911 3036 1036 3091 suatum
1048 3028 1115 3089 eius

144 3129 180 3174 ao
194 3114 312 3174 frenos:
334 3112 380 3174 sio
395 3114 592 3176 stultissimus
607 3121 668 3189 est,
686 3113 737 3190 qui
751 3113 903 3175 hominem
918 3120 969 3173 aut
979 3130 1019 3173 ex
1029 3119 1115 3173 vesto

143 3207 195 3261 aut
215 3214 253 3258 ex
274 3198 470 3270 condicione,
502 3214 580 3274 quae
599 3199 694 3260 vestis
715 3199 807 3260 modo
825 3197 914 3259 nobis
930 3197 1117 3259 circumdata

101 3288 202 3355 liest,
232 3284 379 3343 aestimat.
415 3283 551 3356 „Servus
572 3287 648 3344 est.“
683 3282 740 3344 sed
760 3285 892 3344 fortasse
912 3281 989 3341 liber
1003 3281 1115 3342 animo.

143 3382 272 3438 „servus
294 3373 370 3428 est.“
401 3366 460 3428 hoc
482 3367 524 3427 illi
545 3368 686 3429 nocebitt
717 3367 858 3441 ostende,
887 3363 957 3442 quis
980 3383 1041 3427 non
1060 3364 1115 3425 sita

143 3449 220 3510 alius
233 3450 346 3511 libidini
359 3453 460 3527 servit,
479 3451 556 3512 alius
569 3452 721 3525 avaritiae,
739 3449 815 3511 alius
828 3448 992 3526 ambitioni,
1008 3464 1116 3512 omnes
