2468 3930
211 265 489 330 nrrsrunnron.
510 267 583 329 nra.
597 268 756 331 xva-nr.
769 277 795 331 4.
811 271 885 351 (oo.)
976 270 1039 334 aas

57 420 182 496 aliquos
195 417 311 493 videre,
326 416 358 478 in
371 415 463 479 fletus
479 434 578 480 novos
593 419 772 480 excitantur.
793 428 866 482 tnnc
879 421 970 497 capiti
981 439 1039 485 suo

57 519 167 566 manus
181 503 338 579 ingerunt,
355 502 441 577 quod
460 507 623 578 potuerant
641 504 744 565 lacere
759 506 842 566 nullo
858 505 1040 582 prohibente

56 587 195 648 liberius.
217 593 290 647 tunc
304 592 432 648 mortem
447 594 671 662 conprecantur
683 587 752 649 sibi.
772 594 844 649 tunc
859 590 971 651 lectulo
986 591 1039 651 de-

56 673 237 733 volvunturz
259 669 327 731 sine
341 677 515 746 spectatore
530 679 634 733 cessat
646 672 745 733 dolor.
775 672 919 749 Sequitur
935 691 994 737 nos
1007 668 1099 737 utll'

58 756 89 816 in
104 755 172 816 aliis
184 754 294 828 rebus,
315 754 357 815 ita
369 754 401 814 in
415 754 474 815 hac
492 770 616 830 quoque
630 755 691 816 hoe
710 754 831 829 vitium,
852 758 893 817 ad
909 759 1040 832 plurium

59 840 202 916 exempla
216 838 351 914 conponi
365 843 424 899 nec
439 839 513 915 quid
528 845 682 914 oporteat,
697 839 754 900 sed
770 840 844 915 quid
856 843 969 916 soleat,
986 843 1039 904 ad·

59 922 190 1000 spicere
218 939 238 982 a
256 929 364 983 natura
378 921 582 997 discedimus,
599 923 714 998 populo
730 938 788 984 nos
803 925 912 985 damus
928 927 1039 987 nullius

57 1008 102 1069 rei
114 1008 199 1069 bono
212 1008 330 1068 auctori
343 1015 374 1067 et
388 1007 419 1066 in
434 1007 491 1066 hac
506 1022 541 1066 re
555 1008 635 1067 sicut
646 1008 676 1067 in
693 1007 764 1080 [his]
777 1008 917 1069 omnibus
933 1009 1037 1070 incon·

60 1092 263 1155 sandssinms
291 1091 376 1153 videt
394 1089 527 1166 aliquem
546 1092 654 1152 sortem
673 1092 704 1152 in
725 1093 807 1153 luctu
828 1108 901 1153 suos
923 1093 1040 1168 inpium

57 1183 150 1239 vocat
166 1183 200 1238 ct
212 1175 381 1236 efferatum.
401 1175 487 1235 videt
500 1174 632 1250 aliquem
646 1175 858 1236 conlabentem
872 1183 903 1237 et
916 1177 1039 1252 corpori

59 1261 221 1322 adlusnme
239 1257 443 1320 effeminatum
459 1260 501 1319 ait
517 1268 547 1320 et
560 1275 713 1319 enervem.
754 1258 862 1320 Omnia
881 1259 986 1335 itaque
999 1261 1082 1321 adis

58 1345 206 1407 rationem
227 1344 403 1404 revocanda
423 1350 503 1403 sunt.
547 1343 674 1404 Stultius
695 1358 770 1405 vero
792 1343 865 1403 nihil
886 1354 934 1406 est
948 1361 1040 1420 quarn

58 1428 170 1489 lamam
191 1434 315 1504 captare
334 1427 473 1488 tristitiae
493 1433 523 1487 et
542 1427 723 1488 lacrimas
745 1427 933 1503 adprobare,
961 1445 1038 1503 quas

57 1511 191 1595 ijudico
216 1510 389 1587 sapienti
414 1510 499 1573 viro
521 1510 620 1571 alias
647 1512 860 1587 permissas
882 1513 1038 1586 cadere,

58 1597 161 1657 alias
177 1596 214 1657 vi
236 1611 305 1656 sua
318 1597 436 1656 latas=
458 1595 557 1656 dicam
573 1595 647 1671 quid
661 1596 787 1656 intersit.
833 1595 907 1656 Cum
922 1597 1038 1671 primus

58 1697 116 1742 nos
132 1679 256 1741 nuntius
271 1679 375 1740 acerbi
388 1680 504 1740 lunaris
519 1678 665 1755 perculit,
685 1695 753 1740 cum
770 1686 909 1741 tenemus
925 1696 1038 1756 corpus

59 1766 246 1840 eeonplexu
267 1771 373 1824 nostro
394 1762 425 1823 in
445 1763 546 1838 ignem
562 1764 773 1825 transiturum:
794 1765 936 1825 lacrimas
951 1772 1038 1825 natu·

59 1849 131 1910 ralis
152 1847 322 1909 necessitas
344 1847 486 1923 exprimit
499 1857 530 1909 et
547 1849 672 1924 spiritus
690 1849 751 1910 ictu
766 1849 882 1911 doloris
897 1849 1038 1924 inpulsus

61 1932 319 2009 quomadmodum
339 1937 434 1993 toturn
454 1948 568 2008 corpus
585 1934 694 2009 quatit,
715 1933 757 1993 ita
779 1934 903 2007 octrlos,
927 1933 1039 2009 quibus

59 2017 250 2078 adiacentem
264 2015 421 2077 humorem
436 2015 602 2092 perpremit
623 2023 654 2077 et
668 2018 802 2091 expellit.
823 2017 882 2077 hae
895 2015 1040 2078 lacrimae
1048 2020 1082 2076 19

59 2117 116 2176 per
129 2100 289 2161 elisionem
304 2101 417 2162 cadunt
430 2100 603 2161 nolentibus
616 2100 722 2161 nobis=
744 2101 822 2160 aliae
833 2107 913 2173 sunt,
927 2101 1039 2175 quibus

59 2183 173 2245 exitum
189 2185 311 2259 damus,
334 2200 402 2245 cunr
417 2184 564 2245 memoria
578 2199 698 2254 eorum,
715 2199 795 2259 quos
810 2183 978 2259 amisimus,
991 2200 1039 2244 re·

59 2275 205 2330 uectum·
219 2276 249 2328 et
263 2268 344 2329 inest
358 2268 505 2345 quiddam
520 2267 611 2328 dulce
624 2266 771 2342 tristitiae,
790 2282 860 2326 cum
875 2274 1041 2329 occurrunt

60 2367 221 2415 sermones
247 2369 351 2415 eorum
372 2352 513 2427 iucundi,
540 2352 733 2412 conversatio
754 2350 873 2424 hilaris,
898 2351 1041 2412 officiosa

60 2437 174 2513 pictasa
194 2443 264 2496 tunc
278 2437 357 2498 oculi
369 2437 452 2497 velut
466 2436 496 2494 in
510 2434 623 2511 gaudio
635 2437 819 2495 relaxantur.
841 2435 890 2494 his
901 2433 1038 2508 indulge·

59 2537 136 2594 mus,
147 2521 208 2580 illis
219 2521 377 2581 vincimur.
402 2520 470 2580 Non
480 2526 529 2580 est
539 2519 653 2594 itaque,
666 2520 750 2594 quod
761 2518 903 2579 lacrimas
914 2525 1041 2594 propter
1047 2525 1081 2580 tc

60 2606 199 2680 [turbam]
215 2605 460 2665 circumstantem
479 2604 732 2679 adsidentemque
751 2609 803 2664 uut
816 2603 975 2664 contineas
988 2609 1042 2664 aut
1080 2644 1082 2648 2

59 2690 230 2765 exprimam
257 2704 316 2749 nec
337 2696 461 2750 cessant
478 2704 536 2749 nec
558 2687 658 2749 lluunt
676 2698 821 2764 umquam
838 2694 899 2749 tam
913 2687 1041 2764 turpiter

60 2788 151 2850 quam
168 2773 338 2848 linguntur:
360 2780 431 2833 eant
444 2789 502 2833 sua
516 2780 636 2848 sponte.
658 2772 704 2833 ire
718 2780 819 2834 autem
834 2777 965 2849 possunt
976 2772 1039 2847 pla-

59 2857 136 2918 cidIs
150 2863 244 2933 atque
258 2858 439 2932 conpositis.
468 2873 563 2933 saepe
585 2858 672 2918 salva
691 2855 839 2932 sapientis
861 2855 1041 2917 auctoritate

59 2940 214 3002 fluxerunt
227 2947 311 3002 tanto
325 2948 581 3017 temperamento,
599 2949 633 3002 ut
647 2941 705 3001 illis
723 2956 781 3001 nec
795 2941 967 3002 humanitas
982 2953 1041 2999 nec

58 3025 191 3100 dignitas
206 3025 341 3087 deesset.
384 3026 483 3098 Licet,
499 3026 638 3101 inquam,
655 3032 781 3085 naturae
796 3022 926 3100 obsequi
940 3021 1079 3097 gravi-ar

58 3116 119 3170 tate
134 3115 266 3171 servata.
287 3110 351 3170 vidi
365 3126 423 3186 ego
439 3109 470 3170 in
485 3111 592 3170 funere
603 3124 729 3169 suorum
740 3107 904 3179 verendos,
920 3106 1040 3181 inquo-
1160 3168 1167 3185 .

57 3210 126 3255 rum
153 3209 208 3255 ore
227 3211 314 3256 arnor
333 3194 486 3255 eminebat
504 3201 622 3253 remote
643 3192 724 3252 omni
744 3189 912 3266 lugentium
935 3203 1040 3250 scena.

58 3277 134 3338 nihil
148 3284 223 3353 erat,
241 3279 300 3340 nisi
317 3281 401 3354 quod
417 3279 499 3338 veris
514 3278 644 3338 dabatur
661 3274 842 3337 adfectibus.
886 3273 952 3334 Est
970 3271 1040 3333 ali·

58 3361 146 3438 quis
161 3369 198 3423 et
214 3362 378 3425 dolendi
398 3364 529 3424 decor:
553 3361 603 3421 hic
617 3358 747 3435 sapienti
761 3357 932 3420 servandus
947 3361 996 3417 est
1011 3359 1042 3416 et

58 3446 320 3523 quemadmodum
340 3447 372 3507 in
387 3448 497 3508 ceteris
512 3447 621 3520 rebus,
636 3443 676 3504 ita
690 3444 780 3505 etiam
794 3441 825 3503 in
839 3441 972 3503 lacrimis
986 3439 1040 3500 uli-

57 3528 137 3608 quid
156 3538 206 3592 sat
225 3538 287 3592 csta
316 3531 544 3607 inprudentium
566 3537 600 3591 ut
618 3528 729 3604 gaudia
745 3528 790 3589 sic
805 3527 929 3648 dolqres
945 3541 1040 3586 exun-
