2468 3930
145 241 208 303 292
434 239 468 297 t.
487 237 634 298 ΑΝΝΑΕΙ
657 234 832 297 SENECAE

145 395 271 467 pareo.“
301 387 564 464 proficiunt'vero=
593 386 698 462 itaque
719 388 807 448 malis
828 389 965 449 moribus
982 388 1024 450 uti
1041 386 1129 452 vide-

101 477 192 543 sabis
215 474 352 534 civitates
375 489 450 534 usas
472 472 560 531 malis
579 471 709 545 legibus.
747 472 815 545 „At
837 488 898 532 non
919 474 1004 547 apud
1026 477 1128 536 omnis

146 557 338 635 proliciunt.“
364 557 409 615 Ne
430 554 626 630 philosophia
643 554 780 630 quidemz
801 553 859 616 uec
881 556 951 616 ideo
967 557 1081 618 inutilis
1098 569 1130 621 et

145 640 315 703 formandis
331 640 439 700 animis
455 639 599 699 inefficax
613 645 670 698 est.
693 638 769 715 quid
783 646 906 700 autem?
927 641 1129 717 philosophia

145 743 206 786 non
222 727 303 786 vitae
316 726 368 784 lex
380 730 448 783 est?
470 722 532 783 Sed
548 729 690 797 putemus
703 739 764 782 non
780 722 931 797 prolicere
946 727 1047 799 leges=
1063 741 1128 787 non

145 810 215 871 ideo
239 809 394 884 sequitur,
413 815 447 868 ut
470 824 509 866 nc
527 805 711 866 monitiones
728 805 852 881 quidem
869 807 1047 882 proficiant:
1075 819 1128 871 aut

146 896 198 964 sic,
220 901 251 953 et
273 892 501 953 consolationes
526 906 604 965 nega
627 890 777 965 prolicere
799 889 1075 967 dissuasionesque
1098 901 1129 954 et

146 978 375 1038 adhortationes
391 977 422 1035 ct
437 973 665 1049 obiurgationes
680 981 710 1034 et
725 973 928 1035 laudationes.
951 978 1053 1037 omnia
1067 977 1130 1037 ista

145 1061 344 1122 monitionum
370 1075 484 1134 genera
499 1060 592 1118 sunt.
622 1073 678 1132 per
702 1058 761 1118 ista
781 1058 821 1117 ad
844 1060 1013 1133 perlectum
1035 1061 1128 1120 animi

103 1153 257 1214 testatum
272 1144 458 1220 pervenitur.
480 1143 569 1202 Nulla
582 1157 633 1201 res
649 1142 747 1216 magis
759 1142 867 1202 animis
883 1143 1015 1204 honesta
1029 1144 1129 1208 induit

146 1231 320 1306 dubiosque
338 1237 368 1288 et
388 1229 417 1287 in
441 1242 569 1301 pravum
591 1225 781 1285 inclinabiles
803 1235 929 1287 revocat
949 1228 988 1287 ad
1009 1237 1127 1289 reolum

146 1331 238 1391 quam
258 1314 408 1374 bonorum
429 1311 564 1372 virorum
580 1309 784 1370 conversatio.
812 1311 958 1385 paulatim
975 1313 1054 1372 enim
1074 1313 1127 1374 de-

146 1397 274 1459 scendit'
285 1398 315 1456 iu
336 1402 462 1470 pectora
483 1402 512 1454 et
526 1394 585 1453 vim
602 1400 837 1468 praeceptorum
853 1394 969 1456 obtinet
982 1396 1128 1471 frequen-

146 1489 192 1542 ter
206 1479 340 1556 adspici,
358 1477 456 1546 audiri
471 1479 656 1552 frequenter.
687 1493 836 1540 occursus
853 1479 1043 1540 mehercules
1058 1481 1128 1557 ipse

146 1564 331 1640 sapientium
351 1563 435 1623 iuvat
448 1569 480 1622 et
494 1569 542 1623 est
556 1560 689 1637 aliquid,
715 1562 800 1636 quod
815 1578 854 1622 ex
868 1579 980 1638 magno
994 1565 1061 1624 viro
1078 1569 1127 1625 vel

103 1658 137 1712 41
145 1657 265 1711 tacente
279 1645 435 1722 proficias.
461 1646 524 1705 Nec
547 1645 599 1706 tibi
617 1646 706 1705 lacile
721 1645 850 1706 dixerim
866 1648 1126 1722 quemadmodum

146 1732 257 1810 prosit,
280 1729 359 1791 sicut
376 1730 449 1789 illud
470 1730 657 1804 intellegam,
680 1731 843 1805 proluisse.
875 1727 1015 1806 „Minuta
1032 1749 1128 1808 quae·

147 1818 232 1888 dam,
253 1823 288 1877 ut
304 1817 345 1876 ait
354 1813 516 1888 Phaedon,
537 1814 692 1887 animalia,
711 1811 779 1874 cum
801 1816 955 1890 mordent,
976 1832 1037 1876 non
1057 1832 1126 1877 sen·

145 1901 273 1961 tiuntar=
301 1900 379 1959 adeo
400 1898 501 1958 tenuis
521 1899 580 1957 illis
598 1905 628 1958 et
645 1898 754 1958 fallens
771 1899 801 1958 in
816 1899 984 1974 periculum
998 1900 1045 1959 vis
1061 1907 1126 1961 est=

145 1993 247 2045 tumor
267 1984 381 2043 iudicat
401 1999 537 2043 morsum
558 1989 588 2042 et
607 1980 638 2040 in
658 1980 728 2057 ipso
748 1990 868 2044 tumore
886 1984 998 2045 nultum
1011 1984 1127 2044 volnus

146 2068 284 2142 adparet.
317 2067 401 2127 Idem
423 2065 478 2127 tibi
499 2066 529 2126 in
544 2067 779 2127 conversatione
793 2068 927 2129 virorum
942 2067 1126 2144 sapientium

147 2152 282 2212 eveniet=
311 2168 373 2212 non
394 2150 627 2226 deprehendes,
652 2151 910 2227 quemadmodum
933 2159 986 2214 aut
1000 2153 1126 2228 quando

104 2236 200 2301 illibi
229 2237 342 2312 prosit,
371 2234 527 2310 proluisse
548 2234 793 2309 deprehendes.“
829 2232 983 2311 Quorsus,
1011 2237 1126 2313 inquis,

146 2321 206 2381 hoc
222 2320 375 2396 pertinet?
390 2335 490 2395 aeque
504 2325 672 2393 praecepta
683 2319 780 2394 bona,
795 2317 822 2380 si
836 2336 932 2396 saepe
942 2327 1044 2381 tecum
1056 2320 1126 2395 sint,

147 2405 306 2481 prolatura
322 2421 415 2481 quam
427 2404 508 2464 bona
524 2400 675 2477 exempla.
695 2401 887 2482 Pythagoras
900 2405 942 2464 ait
956 2405 1048 2466 alium
1063 2406 1126 2464 ani-

146 2507 228 2550 mum
247 2490 314 2553 lieri
334 2487 514 2549 intrantibus
537 2489 681 2561 templum
697 2487 887 2563 deorumque
907 2488 1072 2550 simulacra
1087 2504 1126 2550 ex

146 2572 249 2634 vicino
272 2571 467 2633 cernentibus
488 2578 519 2631 ct
538 2569 667 2630 alieuius
694 2573 810 2633 oraculi
836 2567 1047 2647 operientibus
1071 2590 1124 2635 vo·

102 2661 221 2716 lacem.
253 2655 325 2729 Quis
347 2661 446 2715 autem
467 2654 626 2728 negaverit
646 2655 728 2714 feriri
749 2655 933 2731 quibusdam
949 2658 1125 2734 praeceptis

147 2739 313 2798 efficaciter
327 2739 416 2798 etiarn
432 2737 690 2821 inperitissimos?
707 2742 789 2801 velut
803 2740 852 2801 his
863 2740 1056 2804 brevissimis
1071 2757 1125 2803 vc-

147 2821 248 2896 cibus,
265 2821 321 2880 sed
337 2823 463 2882 multum
477 2821 660 2884 habentibus
676 2825 841 2898 ponderis=

503 2905 587 2967 Nihil
600 2910 696 2968 nimis.

297 2988 416 3050 Aramo
427 2992 545 3051 animus
558 2994 641 3053 nullo
654 2995 782 3054 sadatur
796 2997 889 3055 lucro.
985 3071 988 3077 Ι

297 3074 342 3135 Ab
358 3076 693 3152 clarembaudum
706 3078 787 3153 qaod
795 3078 917 3152 feceris.

145 3160 229 3219 llaec
250 3173 318 3219 cum
338 3159 400 3219 ictu
422 3159 555 3234 quodam
576 3159 719 3222 audimus
739 3177 796 3221 nec
816 3161 869 3222 ulli
892 3159 964 3224 licet
985 3161 1126 3223 dubitare

146 3249 197 3304 aut
212 3244 401 3319 interrogare
415 3289 433 3318 „
445 3248 596 3320 quaret‘t
619 3244 698 3305 adeo
717 3243 808 3306 etiam
829 3243 896 3307 sine
916 3247 1036 3308 ratione
1056 3246 1127 3322 ipsa

103 3328 256 3389 severitas
279 3328 369 3390 ducit.
406 3327 438 3388 Si
459 3329 631 3390 reverentia
648 3331 747 3391 frenat
766 3329 885 3391 animos
906 3347 943 3392 ac
962 3331 1038 3392 vitiu
1052 3345 1126 3392 con-

145 3412 258 3487 pescit,
274 3428 328 3473 our
343 3428 407 3473 non
421 3419 452 3474 ct
464 3413 632 3475 admonitio
646 3413 728 3474 idem
747 3415 867 3489 possita
888 3415 916 3476 si
932 3414 1053 3490 inponit
1067 3432 1124 3491 pu·

148 3494 255 3555 dorem
269 3496 451 3571 castigatum:
466 3511 521 3557 car
544 3496 710 3559 admonitio
730 3515 792 3561 nou
808 3499 914 3574 iaciat,
932 3497 1054 3562 etiamsi
1069 3516 1139 3568 ιιιι·ι
