2468 3930
205 215 267 283 158
484 215 519 275 L.
539 213 687 276 ΑΝΝΑΕΙ
709 210 885 274 SENECAE

203 386 256 431 res
276 376 324 431 est
343 369 421 429 mori
441 385 499 430 sua
520 370 652 429 murtea
674 380 763 425 nemo
780 364 906 425 moritur
924 361 985 424 nisi
999 378 1060 425 sua
1072 371 1185 428 marte.

204 455 282 514 lllud
303 460 463 528 praeterea
483 461 584 513 tecum
608 451 679 512 licet
701 450 834 524 cogites:
856 464 946 508 nemo
966 447 1026 508 nisi
1050 465 1112 511 sua
1133 449 1185 511 die

206 538 341 597 moritur.
376 536 450 596 nihil
470 537 576 612 perdis
596 551 637 595 ex
656 540 708 594 tue
729 540 877 609 tempure.
906 548 976 593 nam
991 532 1184 608 quadrellu-

207 621 292 696 quis,
313 620 449 681 alienum
464 628 521 681 est.
557 621 645 680 Vale.

592 844 796 858 «α’-ι-

501 1018 535 1100 l.
555 1016 695 1100 illlam
715 1017 889 1102 simeln

566 1172 617 1222 al)
633 1171 823 1224 LUCILIUM

324 1289 728 1388 alienantium
757 1289 1068 1390 acumina
1112 1422 1114 1426 Ι

576 1459 710 1521 LIBER
734 1459 814 1521 vlit.

619 1623 772 1631 ———.

515 1742 734 1802 EPISTULA
753 1745 775 1801 Ι.
795 1746 867 1818 (70.)

460 1838 571 1891 sannen
586 1841 697 1892 Lucum
718 1855 769 1894 suo
789 1854 929 1897 saauann.

175 1978 191 2032 1
266 1960 341 2021 Post
354 1962 480 2036 longum
494 1958 685 2024 intervallum
696 1963 861 2038 Pompeios
875 1970 947 2024 tuas
961 1962 1035 2023 vidi.
1062 1963 1095 2023 in
1109 1977 1184 2024 ccu-

204 2052 345 2120 spectum
356 2044 584 2106 adulescentiae
597 2062 685 2107 meae
696 2048 841 2108 reductus
857 2064 935 2108 sum.
960 2045 1109 2123 quiequid
1123 2047 1185 2107 illic

204 2130 325 2190 iuvenis
351 2130 499 2203 feceram,
529 2129 656 2191 videbar
681 2129 753 2190 mihi
779 2132 881 2192 facere
904 2130 1005 2192 adhuc
1030 2135 1184 2207 possset

173 2228 192 2283 n
204 2217 299 2290 paulo
324 2221 395 2276 anta
416 2215 539 2275 fecisse.
572 2214 877 2289 Praenavigavimus,
901 2214 1013 2287 Lucili,
1038 2215 1134 2276 vitum
1151 2218 1185 2274 et

206 2299 463 2375 quemadmodum
478 2299 508 2359 in
524 2300 613 2373 mari,
637 2305 670 2358 ut
687 2299 727 2360 ait
742 2298 896 2374 Vergilius
911 2306 1033 2373 nester,

436 2389 592 2460 tcrrecptee
611 2384 756 2458 urbesque
774 2384 932 2456 recedant,

204 2469 250 2528 sic
265 2468 295 2526 in
310 2467 370 2528 huc
381 2482 479 2528 cursu
498 2466 688 2542 rapidissimi
701 2468 851 2542 temperis
873 2467 1004 2542 primum
1018 2464 1184 2542 pueritiam

203 2552 434 2624 abscondimus,
449 2549 561 2611 deinde
576 2549 827 2626 adulescentiam,
843 2551 956 2612 deinde
971 2548 1121 2626 quicquid
1133 2555 1183 2611 est

203 2636 278 2695 illud
295 2637 373 2694 inter
392 2634 534 2694 iuvenem
551 2640 582 2694 et
603 2649 709 2695 senem
724 2635 870 2709 medium,
885 2633 917 2695 in
929 2634 1093 2708 utriusque
1108 2648 1182 2694 cun·

202 2717 276 2778 finio
298 2719 446 2791 positum,
469 2718 580 2778 deinde
606 2718 704 2791 ipsius
725 2719 893 2780 senectutis
915 2719 1050 2794 optimas
1069 2732 1181 2778 annas.

203 2801 372 2861 novissime
392 2801 498 2875 incipit
519 2802 638 2862 ostendi
654 2803 795 2878 publicus
815 2803 885 2863 finis
906 2802 1029 2877 generis
1043 2801 1181 2862 umam

170 2884 373 2959 aScapulum
385 2901 460 2945 esse
480 2886 563 2946 illum
579 2893 721 2961 putamus
735 2884 974 2948 dementissimi=
997 2892 1107 2962 ponus
1121 2892 1181 2956 est,

203 2970 368 3044 aliquande
390 2971 558 3045 petendus,
579 2987 745 3046 numquam
763 2972 975 3042 recusandus,
997 2967 1182 3045 inuaemsi

204 3055 273 3130 quis
296 3053 375 3115 intra
398 3055 513 3130 primos
529 3071 633 3117 ,annos
655 3055 775 3116 delatus
795 3062 857 3129 est,
879 3072 942 3116 non
967 3051 1068 3130 magis
1093 3048 1183 3128 queri

203 3139 294 3199 debet
319 3155 411 3215 quam
437 3141 490 3216 qui
512 3141 575 3201 -cita
601 3138 764 3214 navigavit.
806 3139 898 3199 alium
924 3137 1021 3212 enim,
1046 3143 1082 3199 ut
1105 3136 1181 3210 acis,

202 3223 285 3285 venti
301 3240 413 3300 segnes
429 3225 537 3286 ludunt
550 3241 587 3285 ac
605 3223 742 3284 detinent
761 3230 792 3284 et
805 3223 1032 3299 tranquillitatis
1045 3219 1182 3283 lentissi-

202 3324 271 3370 mae
285 3310 387 3372 taedic
409 3311 540 3383 lassant,
563 3306 655 3369 alium
675 3308 815 3384 pertinax
830 3306 922 3368 flatus
938 3307 1099 3366 celerrime
1110 3318 1182 3380 per-

174 3393 269 3453 elert.
304 3394 389 3455 idem
419 3394 543 3461 evenire
573 3390 663 3453 nobis
688 3401 775 3468 putat
803 3391 880 3453 alins
899 3391 962 3452 vita
981 3385 1183 3452 valnensium

203 3476 347 3552 adduxit,
366 3493 428 3552 que
449 3477 636 3539 veniendum
658 3485 723 3540 crat
743 3476 834 3538 etiam
848 3472 1080 3550 cunctantibus,
1098 3469 1183 3534 alas
