2468 3930
342 559 382 642 l.
399 556 544 647 lllllll
559 555 731 641 lllllldll
751 555 1025 644 ledUdelll

486 692 537 754 on
558 692 734 755 monicus
758 694 885 756 nmen.

584 853 785 865 -ι-ιῃιμ-μ-

167 991 183 1043 1
259 981 348 1043 Omne
367 987 515 1054 peecatum
534 983 605 1041 actio
626 988 677 1039 est.
706 981 777 1041 actio
799 987 893 1039 autem
914 981 1005 1043 omnir
1018 985 1178 1043 voluntarla

195 1072 237 1124 est
251 1071 310 1125 tarn
320 1065 440 1122 honesta
456 1081 540 1138 quam
553 1066 655 1139 turpise
678 1082 746 1139 ergo
760 1065 948 1125 voluntarium
960 1071 1175 1146 estnmuepec·

194 1156 294 1210 catum.
335 1149 432 1208 Tollite
449 1151 658 1208 excusationes:
678 1166 761 1207 nemo
778 1155 879 1227 peccat
892 1150 1008 1226 invitus.

164 1241 182 1293 l
254 1233 391 1293 Educatio
413 1240 440 1290 et
458 1234 606 1308 disciplina
626 1250 720 1293 mores
729 1235 794 1295 lacit
815 1229 882 1290 etid
897 1229 1092 1306 unusqpisqpe
1108 1231 1182 1305 sapit

193 1316 232 1394 [et
244 1315 343 1394 vivit],
362 1319 438 1396 quod
459 1318 564 1379 didicit.
587 1319 679 1390 itaque
699 1321 775 1379 bona
790 1316 964 1378 consuetudo
979 1322 1110 1378 excutere
1127 1317 1175 1376 de

191 1405 254 1472 bet,
279 1401 356 1473 quod
372 1403 451 1464 mala
466 1402 662 1463 instruxit—
618 1400 772 1479 —[Bene
786 1403 876 1462 docet
883 1401 960 1480 lotpri
976 1403 1108 1477 pulbere
1125 1400 1172 1457 do

194 1487 356 1543 calfacere.

163 1576 181 1631 3
256 1569 355 1625 Nihil
348 1482 477 1639 iiterest,
505 1585 559 1640 quo
580 1570 672 1625 animo
693 1571 795 1640 iacias,
824 1570 900 1642 quod
911 1565 1045 1624 vitiosum
1061 1565 1112 1626 est.
1136 1561 1178 1616 fe·

165 1653 273 1720 icisse,
287 1650 431 1720 quiciacta
452 1658 613 1720 cernuntur,
639 1654 747 1710 animus
762 1652 856 1731 [vero]
869 1669 926 1710 non
941 1652 1063 1710 videtur.
1100 1653 1176 1708 nulla

192 1740 284 1792 autem
298 1736 360 1790 laus
371 1741 418 1805 est
432 1752 488 1792 non
503 1739 612 1806 lacere,
636 1738 713 1810 quod
726 1741 819 1796 lacere
834 1754 891 1795 non
905 1737 1009 1795 possis.

164 1826 181 1879 5
256 1817 330 1890 Quid
348 1823 391 1874 est
413 1819 535 1873 omnium
558 1818 781 1874 inimicissimum
802 1817 931 1875 homini?
952 1822 1022 1876 alter
1039 1818 1138 1874 homo.

165 1908 182 1964 6
257 1902 386 1958 Libenter
400 1903 474 1958 ieras
482 1944 490 1972 ,
514 1903 589 1975 quod
600 1919 720 1960 necesse
735 1909 787 1960 est.
810 1903 891 1960 dolor
901 1901 1033 1976 patientia
1043 1901 1173 1960 vincitur.

166 1990 182 2046 7
254 1985 391 2059 limatas,
414 1987 490 2059 quod
502 1992 530 2042 te
545 2002 695 2059 numquam
709 1987 862 2060 poeniteat.

164 2075 183 2130 8
255 2070 318 2126 Non
330 2086 413 2141 quem
429 2060 525 2126 multis
534 2074 665 2144 placeas,
689 2071 742 2128 sed
757 2072 899 2144 qualibus,
922 2070 1015 2127 stude.

165 2159 183 2215 9
256 2156 288 2210 In
302 2154 634 2242 hoc[tantumJincumbe‚
652 2160 682 2210 ut
695 2156 823 2212 libentius
836 2154 935 2212 audias
948 2170 1031 2226 quam
1041 2153 1174 2226 loquaris.

150 2246 184 2297 10
256 2239 358 2295 Multos
376 2240 463 2296 vitam
486 2239 648 2296 differentes
671 2256 748 2297 mors
768 2240 874 2296 incerta
893 2239 1055 2312 praevenite
1082 2238 1174 2310 itaque

191 2324 282 2380 omnis
300 2323 361 2379 dies
375 2325 452 2381 velut
468 2324 576 2380 ultimus
592 2323 760 2381 iudicandus
775 2329 827 2380 est.

150 2414 182 2466 ll
257 2408 414 2477 Tristitiam‚
426 2408 450 2462 si
460 2414 551 2479 potes,
563 2422 620 2463 non
627 2407 785 2479 admiseris,
797 2408 822 2464 si
831 2407 931 2478 minus,
942 2421 1000 2463 non
1007 2405 1173 2463 ostenderis.

149 2497 182 2548 12
255 2491 386 2547 Amicum
401 2487 450 2564 [in]
466 2498 575 2548 secreto
590 2508 689 2563 mone,
711 2494 806 2566 palam
820 2491 914 2548 lauda.

149 2580 183 2634 13
254 2574 351 2630 Verba
364 2576 464 2645 rebus,
486 2591 542 2630 non
555 2576 685 2648 personis
701 2575 874 2633 aestimanda
888 2579 961 2630 sunt.

150 2662 184 2715 14
257 2656 403 2714 Oratorem
419 2663 447 2713 te
468 2666 548 2732 puta,
577 2661 600 2715 si
617 2660 665 2716 tibi
686 2657 763 2735 [ipsi]
779 2665 843 2716 ante
858 2675 956 2715 omnes
974 2656 1050 2730 quod
1066 2661 1175 2730 oportet

190 2741 377 2813 persuaseris.

148 2830 182 2884 lb
254 2824 290 2881 Ut
307 2826 452 2882 licentiosa
474 2828 612 2900 mancipia
633 2828 718 2884 animi
738 2827 856 2900 imperio
882 2842 1015 2884 coerceas
1040 2828 1174 2902 linguam,

189 2914 333 2979 ventrem,
360 2910 513 2968 libidinem.

148 2999 181 3056 16
255 2994 338 3063 Quod
355 2995 467 3051 tacitum
485 3012 549 3051 esse
563 2995 649 3067 velis,
671 2995 776 3052 nendnr
768 2993 905 3052 dixeris.
927 3012 951 3051 ει
943 2995 1012 3052 'tibi
1027 2949 1104 3072 [ipsi]
1118 3011 1174 3053 non

189 3079 348 3152 imperasti,
371 3078 512 3153 quomodo
529 3081 564 3135 ab
582 3079 643 3136 aliis
658 3079 797 3136 silentium
812 3082 936 3150 operest

149 3168 181 3224 ll
254 3163 413 3220 Ridiculum
434 3169 477 3220 est
498 3165 619 3236 aliquem
641 3163 706 3220 odio
724 3163 851 3220 nocentis
867 3164 1055 3222 innocentiam
1070 3160 1174 3240 [suam]

190 3248 322 3320 perdere.

147 3335 181 3389 18
253 3332 378 3389 Monstro
396 3331 493 3388 similis
509 3337 551 3389 est
566 3332 683 3389 avaritia
697 3332 802 3390 senilis.
827 3333 894 3407 quid
909 3333 982 3390 enim
997 3333 1106 3390 stultius
1123 3337 1173 3403 est

189 3415 266 3485 quod
281 3416 336 3472 dici
352 3417 437 3486 solet,
459 3431 542 3488 quam
556 3417 604 3474 via
620 3415 767 3474 deficiente
785 3431 890 3492 augere
905 3419 1046 3478 viaticum.
