2468 3930
194 248 258 313 256
483 251 516 309 L.
539 251 687 310 ANNAEI
708 249 883 310 SENECAE

194 413 242 466 est
256 412 286 464 ct
300 403 473 464 adfectatio.
502 401 579 462 haec
594 402 741 476 ostendit,
758 419 820 477 quo
834 402 885 461 illa
900 404 1046 478 pervenit.
1075 404 1176 469 Philo-

195 488 305 563 sophia
319 486 402 548 unde
418 487 499 546 diota
513 486 566 557 sit,
583 486 721 559 adparet.
747 486 816 560 ipso
828 485 908 545 enim
920 487 1043 547 nomine
1056 489 1175 552 latetur.

166 571 321 647 oQuidam
342 576 372 629 et
394 569 630 644 sapientiam
651 569 694 629 ita
707 567 746 607 **
763 569 886 645 quidam
901 569 1059 646 finierunt,
1080 581 1113 633 ut
1132 576 1175 635 di·

102 726 103 729 *
193 662 296 716 carent
316 653 488 713 divinorum
509 661 539 713 et
558 652 758 714 humanorum
774 653 941 713 scientiam.
976 656 1102 730 quidam
1120 659 1175 718 ita=

192 736 363 813 „sapientia
381 745 430 796 est
443 752 539 797 nosse
554 735 656 796 divina
672 743 702 797 et
714 735 848 797 humana
863 744 893 796 et
906 736 1016 798 horum
1032 747 1175 801 causas.“

193 822 392 896 Supervacua
415 820 487 879 mihi
507 820 626 881 videtur
641 820 718 880 haec
733 820 880 894 adiectio,
903 821 975 897 quia
996 837 1108 882 causae
1130 825 1173 884 di-

191 905 331 965 vinorum
352 904 614 978 humanorumque
636 919 708 979 pars
736 903 907 964 divinorum
929 911 1008 966 sunl.
1044 905 1173 967 Philo·

192 988 371 1063 sophiam
388 1003 512 1062 quoque
526 988 648 1048 luemnt
663 987 715 1062 qui
730 986 816 1048 aliter
832 995 923 1062 atque
940 989 1026 1048 aliter
1037 989 1172 1051 finirent:

192 1071 242 1132 alii
257 1071 390 1132 studium
406 1072 485 1130 illam
501 1070 618 1131 virtutis
635 1085 706 1130 esse
721 1071 878 1145 dixerunt,
894 1071 944 1131 alii
957 1073 1087 1133 studium
1103 1089 1171 1132 cor-

190 1155 337 1230 rigendae
352 1154 472 1215 mentis.
503 1170 522 1213 a
538 1154 722 1229 quibusdam
738 1154 820 1214 dicta
834 1162 882 1213 est
902 1155 1047 1230 adpetitio
1070 1165 1173 1216 rectae

164 1240 328 1301 erationis.
360 1239 437 1298 Illud
455 1238 543 1313 quasi
559 1237 706 1312 constitit,
721 1237 837 1312 aliquid
852 1238 928 1298 inter
943 1239 1172 1314 philosophiam

192 1331 222 1383 et
238 1321 417 1398 sapientiam
435 1322 593 1381 interesse.
623 1322 818 1395 nequeenim
833 1320 898 1381 fieri
914 1330 1029 1396 potest,
1045 1330 1079 1383 ut
1092 1323 1173 1383 idem

192 1405 247 1479 sit,
271 1407 353 1481 quod
370 1405 539 1466 adfectatur
559 1412 590 1465 et
605 1406 685 1480 quod
702 1405 841 1464 adfectat.
871 1403 1030 1476 Quomodo
1045 1408 1172 1467 multum

191 1491 269 1551 inter
283 1487 440 1549 avaritiam
456 1496 486 1548 et
499 1489 659 1563 pecuniam
674 1489 808 1560 interest,
823 1503 890 1548 cum
902 1488 952 1548 illa
967 1490 1079 1564 cupiat,
1095 1491 1172 1552 haec

192 1573 436 1648 concupiscatur,
454 1572 498 1632 sic
515 1572 591 1632 inter
605 1571 832 1647 philosophiam
843 1578 873 1632 et
884 1572 1073 1647 sapientiam.
1094 1574 1171 1636 haec

192 1657 269 1716 enim
284 1655 365 1717 illius
380 1655 508 1716 effectus
524 1672 560 1715 ac
575 1656 743 1731 praemium
758 1662 814 1719 est.
852 1655 903 1716 illa
920 1657 1015 1730 venit,
1038 1658 1077 1718 ad
1092 1658 1170 1719 hano

162 1740 258 1803 titur.
288 1738 491 1815 Sapientia
507 1745 568 1813 est,
596 1756 686 1815 quam
703 1740 809 1799 Graeci
824 1743 947 1817 σοφίαν
961 1749 1081 1801 vocant.
1111 1741 1170 1802 hoc

190 1824 285 1884 verbo
301 1823 431 1883 Romani
447 1839 571 1899 quoque
587 1824 763 1896 utebantur,
785 1823 865 1884 sicut
880 1824 1074 1900 philosophia
1089 1841 1169 1886 nunc

192 1922 315 1984 quoque
333 1915 464 1968 utuntur.
491 1908 575 1984 quod
590 1916 620 1969 et
633 1914 754 1982 togatae
771 1907 824 1967 tihi
840 1907 982 1983 antiquae
997 1908 1169 1983 probabunt

190 2000 221 2052 et
235 1989 400 2068 inscriptus
416 1992 570 2052 Dossenni
585 1998 779 2052 monumento
797 1988 901 2051 titulus
914 2014 920 2047 ι
982 2000 984 2004 “

351 2076 466 2152 Hospes
479 2079 582 2137 restare
595 2082 624 2137 el
638 2077 764 2151 sophian
777 2075 923 2136 Dossenni
934 2079 1007 2150 leae.

160 2158 318 2234 &Quidam
333 2174 372 2219 ex
390 2160 520 2234 nostris,
541 2159 679 2234 quamvis
695 2158 892 2234 philosophia
902 2160 1034 2220 studium
1050 2159 1168 2220 virtutis

190 2251 274 2303 esset
294 2244 421 2304 ethaeo
441 2251 608 2319 peteretur,
631 2244 682 2302 illa
700 2250 831 2318 peteret,
852 2249 1026 2304 tamennon
1044 2250 1168 2318 putave-

189 2333 260 2388 runt
278 2328 346 2387 illas
367 2327 494 2388 distrahi
518 2343 623 2403 posse.
652 2343 722 2386 nam
743 2341 800 2386 nec
815 2325 1010 2402 philosophia
1027 2327 1095 2386 sine
1110 2325 1168 2386 vir·

189 2419 252 2472 tute
267 2419 384 2472 estnec
399 2412 465 2471 sine
483 2410 677 2486 philosophia
692 2411 798 2471 virtus.
826 2409 1024 2485 Philosophia
1036 2409 1169 2471 studium

190 2494 309 2555 virtutis
330 2503 392 2569 est,
418 2495 475 2556 sed
496 2511 552 2571 per
571 2495 670 2569 ipsam
692 2495 848 2555 virtulem:
873 2509 930 2554 nec
951 2493 1047 2555 virtus
1068 2502 1169 2554 autem

190 2594 262 2639 esse
279 2578 345 2638 sine
360 2579 461 2640 studio
480 2580 528 2638 sui
543 2586 645 2654 potest
658 2594 716 2638 nec
729 2576 849 2638 virtutis
864 2578 997 2639 studium
1012 2579 1078 2639 sine
1090 2576 1167 2654 ipsa.

190 2678 249 2722 non
274 2661 352 2720 enim
377 2663 632 2737 quemadmodum
652 2661 682 2722 in
702 2663 754 2737 iis,
780 2661 832 2737 qui
853 2662 968 2736 aliquid
986 2678 1025 2722 ex
1047 2661 1169 2723 distanti

190 2745 259 2804 loco
276 2744 366 2803 lerire
381 2753 546 2820 conantur,
568 2746 638 2805 alibi
659 2753 707 2806 est
728 2745 779 2821 qui
794 2745 885 2820 petit,
907 2745 979 2806 alibi
994 2745 1077 2821 quod
1094 2747 1169 2820 peti·

188 2834 245 2888 tur.
280 2842 338 2887 nec
354 2829 608 2902 quemadmodum
623 2830 744 2904 itinera,
772 2843 851 2905 quae
871 2829 911 2890 ad
930 2830 1037 2891 urbem
1059 2829 1169 2904 perdu-

190 2918 276 2984 cunt,
298 2919 383 2972 extra
403 2911 502 2986 ipsam
522 2921 607 2974 sunt=
636 2914 675 2973 ad
696 2913 836 2975 virtutem
853 2913 973 2974 venitur
991 2929 1046 2989 per
1059 2913 1168 2988 ipsam.

161 2995 356 3074 poohaerent
386 2994 463 3057 inter
491 3013 525 3057 se
557 2997 752 3074 philosophia
779 2996 949 3071 virtusque.
989 2996 1168 3057 Philoso-

189 3080 305 3156 phiae
326 3086 405 3140 tres
426 3089 560 3156 partes
582 3097 671 3142 esse
696 3082 877 3142 dixerunt
901 3090 937 3143 et
961 3079 1111 3140 maximi
1134 3087 1170 3140 et

189 3163 346 3240 plurimi
361 3173 560 3225 auctores:
581 3167 776 3239 moralem,
796 3167 1026 3238 naturalem,
1047 3164 1169 3223 ratio·

188 3250 328 3308 nalem:
352 3248 450 3325 prima
468 3248 613 3324 conponit
633 3249 775 3310 animum.
804 3249 941 3311 secunda
960 3264 1061 3310 rerum
1082 3255 1168 3309 natu·

188 3349 253 3392 ram
269 3340 430 3394 scrutatur.
452 3334 540 3395 tertia
555 3333 757 3409 proprietates
769 3334 931 3395 verborum
946 3333 1040 3409 exigit
1050 3339 1080 3394 et
1090 3340 1169 3393 stru-

189 3423 303 3475 cturam
321 3423 351 3477 et
365 3419 657 3492 argumentationes,
678 3433 718 3477 ne
738 3434 794 3492 pro
808 3435 882 3479 vero
898 3418 977 3478 lalsa
992 3417 1167 3492 subrepant

189 3505 322 3559 ceterum
343 3500 456 3560 inventi
479 3508 549 3562 sunt
568 3509 598 3562 et
617 3502 713 3577 quiin
730 3500 876 3577 pauciora
897 3499 1124 3577 philosophiam
1139 3508 1168 3562 et
