2468 3930
200 257 369 320 EPISTUL.
386 259 480 321 molt.
497 260 571 321 LIB.
586 260 694 322 xvlll.
708 260 764 320 ΕΡ.
782 271 808 324 ὁ.
824 267 913 338 (108.)
981 259 1043 327 857

64 427 145 488 quae
171 409 363 470 consuetudo
388 409 485 469 seculi
509 409 648 484 mumvit,
676 418 830 487 tamquam
857 408 898 470 ait
921 410 1044 473 Ciceros

63 497 221 572 ‚paconium
234 510 336 554 sumtus
347 495 385 553 ab
397 497 466 568 ipse
474 497 559 555 coice
568 497 632 554 cias
641 497 877 571 interpellabam
886 498 1043 558 reuoca&

62 579 143 647 hanc
164 592 258 654 quam
279 592 360 637 nunc
379 578 409 636 in
434 575 516 638 circo
542 584 685 637 aretam
710 593 873 653 vocamus,
897 580 1043 641 calcem

63 660 180 739 antiqui
201 661 351 721 dicebant.
395 661 513 720 Deinde
532 661 689 722 Ennianos
712 662 825 736 colligit
844 679 954 724 versus
971 671 1000 724 et
1013 664 1086 724 ints
1205 647 1208 653 ’

63 747 170 824 prioris
185 746 256 806 illos
273 744 312 803 de
325 745 472 806 Africano
487 745 637 819 scriptos:

341 831 392 888 cut·
403 844 487 890 nemo
500 831 572 889 maai
585 845 678 904 neque
692 831 780 891 bostis

214 915 309 988 quirat
316 928 374 988 pm
385 911 478 985 sactis
491 915 621 973 reddere
632 917 892 990 operaepretium.

64 1013 104 1058 ex
120 1012 158 1057 eo
174 1011 209 1056 se
223 997 265 1071 ait
280 997 465 1070 intellegere,
479 997 563 1072 apud
578 997 720 1070 antiquos
736 1004 927 1058 hortantum
942 1000 1043 1057 auxi-

64 1080 157 1141 lium
173 1079 365 1156 significasse
381 1080 437 1139 sed
452 1087 555 1156 [opera
569 1082 737 1154 etlcmodb]
755 1097 888 1157 operam.
912 1082 953 1140 ait
964 1082 1044 1141 enim

62 1163 183 1225 Ennius
205 1164 355 1223 neminem
376 1165 517 1239 potuisse
538 1162 674 1239 Scipioni
696 1181 797 1241 neque
819 1165 917 1224 civem
942 1181 1043 1240 neque

63 1248 212 1309 hostem
233 1247 364 1306 reddere
390 1264 535 1323 operae
560 1247 735 1322 pretium.
778 1248 909 1309 FclIcem
932 1248 1085 1310 deinde34

64 1348 100 1393 sc
117 1337 213 1407 putat,
229 1332 311 1406 quod
326 1331 490 1405 invenerit,
506 1331 589 1392 unde
606 1332 705 1392 visum
721 1334 759 1393 sit
774 1332 910 1406 Vergilio
926 1332 1043 1393 dicere=

396 1433 482 1491 poem
496 1433 586 1491 super
598 1421 703 1492 imperas

266 1506 357 1576 porto
371 1506 453 1561 tonet
464 1503 546 1561 coeli.

64 1581 194 1643 Ennium
215 1581 275 1645 hoc
295 1585 336 1644 ait
353 1584 486 1644 Homero
515 1583 723 1658 subripuisse,
747 1584 845 1644 Ennio
865 1583 1043 1658 Vergilium.

64 1680 138 1726 esse
158 1665 236 1726 enim
259 1668 342 1743 apud
358 1668 534 1728 Ciceronem
554 1667 584 1726 in
606 1667 653 1728 his
674 1669 751 1743 ipsis
773 1670 818 1729 de
837 1668 1045 1743 republica

64 1751 171 1824 [libris]
186 1750 246 1813 hoc
263 1753 450 1828 epigramma
463 1752 568 1812 Ennii:

106 1833 143 1895 St·
152 1834 207 1909 sas
220 1837 296 1898 caclo
306 1841 419 1913 plapos
432 1840 586 1898 coelestum
598 1837 759 1898 ascendere
773 1837 910 1912 cuiquam
924 1840 975 1909 cet,

190 1923 233 1980 mi
243 1924 301 1981 soli
312 1924 410 1983 cocti
424 1924 557 1982 mima
569 1926 681 1996 porta
690 1927 782 1996 patet.

64 1999 130 2063 Sed
145 2018 185 2063 ne
200 2010 230 2063 et
244 2004 328 2079 ipsc,
352 2006 424 2065 dum
440 2004 523 2065 aliud
537 2019 611 2079 ago,
627 2004 656 2063 in
673 2004 861 2079 philologum
879 2010 930 2064 aut
944 2015 1086 2078 gram-35

63 2085 208 2146 maticum
222 2087 357 2162 delabor,
372 2089 688 2160 illudadmoneo,
704 2086 942 2148 auditionem
958 2085 1043 2162 phi·

62 2169 322 2245 losophorum
336 2173 625 2246 lectionemque
642 2172 686 2231 ad
702 2188 769 2245 pro
778 2188 797 2246 p
808 2170 947 2231 ositum
960 2170 1044 2229 bea-

63 2261 125 2314 tae
143 2254 248 2315 vitae
267 2255 506 2327 trahendam,
528 2271 590 2315 non
611 2263 643 2316 ut
661 2255 758 2314 verba
777 2253 880 2329 prisca
901 2260 954 2314 aut
973 2253 1045 2312 ficta

65 2344 224 2413 captemus
249 2346 279 2400 et
301 2341 517 2400 translationes
538 2338 684 2414 inprobas
710 2337 889 2414 figurasque
912 2335 1044 2408 dicendi,

65 2421 123 2481 sed
136 2429 170 2483 ιιι
184 2422 343 2498 profutura
358 2430 523 2499 praecepta
536 2432 568 2485 et
582 2421 759 2496 magnificas
775 2437 869 2482 voces
884 2428 915 2481 ct
930 2419 1045 2480 animo

65 2520 134 2579 ses,
156 2521 238 2581 quae
254 2522 326 2568 mox
340 2506 369 2567 in
384 2524 449 2567 rem
464 2509 697 2568 transferantur:
721 2506 766 2566 sic
781 2506 840 2567 ista
860 2503 1045 2577 ediscamuS,

65 2594 112 2661 ut,
138 2605 220 2664 quae
236 2591 348 2653 luerint
362 2592 473 2666 verba,
495 2593 555 2652 sint
568 2607 673 2667 opera
716 2590 823 2651 Nullos
842 2594 943 2650 autem
958 2587 1087 2663 peiusao

63 2673 177 2733 mereri
191 2674 230 2734 de
246 2675 387 2735 omnibus
401 2675 578 2736 mortalibus
593 2673 711 2750 iudico,
735 2691 827 2751 quam
843 2675 895 2749 qui
909 2672 1045 2749 philoso

64 2754 171 2831 phiam
185 2759 269 2819 velut
284 2760 409 2834 aliquod
425 2759 584 2820 artificium
600 2759 708 2820 venale
724 2759 909 2833 didicerunt,
927 2757 978 2833 qui
993 2757 1045 2818 ali·

62 2845 111 2900 ter
120 2839 228 2902 meunt
239 2858 330 2918 quam
342 2843 506 2903 vivendum
516 2859 586 2904 esse
602 2844 799 2919 praecipiunt.
814 2844 955 2918 exempla
967 2844 1047 2902 enim

64 2940 101 2985 se
122 2923 212 2999 ipsos
232 2925 347 2987 inutilis
365 2926 546 3002 disciplinae
567 2928 782 2989 circumierunt
796 2927 869 2987 nulli
884 2944 945 2986 non
961 2926 1044 2998 vitio,

64 3007 152 3084 qaod
164 3009 378 3087 insequuntur,
394 3009 530 3072 obnoxii.
562 3011 629 3071 Non
643 3012 743 3086 magis
758 3010 830 3070 mihi
845 3016 948 3084 potest
962 3007 1086 3084 quisst

64 3108 159 3168 quam
173 3093 242 3154 tells
260 3096 412 3170 prodesse
427 3101 612 3170 praeceptor
626 3111 717 3171 quam
732 3095 917 3170 gubernator
931 3093 960 3151 in
973 3099 1042 3151 tem·

63 3183 186 3252 pestate
204 3179 453 3240 nausiabundus=
481 3179 645 3239 tenendum
667 3186 715 3239 est
729 3177 868 3252 rapiente
881 3175 978 3235 fluctu
990 3189 1046 3248 gu-

64 3258 280 3338 hemaculum,
303 3264 479 3324 luctandum
500 3262 658 3337 cumipse
682 3260 773 3334 mari,
800 3259 959 3334 eripienda
976 3264 1048 3318 sunt

63 3351 158 3407 vento
173 3346 256 3406 velaz
278 3347 352 3423 quid
368 3362 416 3407 me
437 3353 541 3423 potest
555 3346 702 3406 adiuvare
714 3352 815 3405 rector
832 3341 945 3417 navigii
960 3341 1047 3402 adto

63 3426 147 3490 uitas
166 3437 197 3491 ct
210 3431 383 3493 vomitans?
405 3438 519 3506 quanto
536 3430 650 3490 maiore
662 3437 751 3505 putas
763 3429 855 3488 vitam
866 3432 1047 3503 tempestate

63 3509 174 3574 iactari
191 3529 283 3590 quam
302 3515 396 3576 ullam
413 3522 531 3577 ratem?
557 3531 620 3576 non
642 3520 690 3575 est
704 3511 907 3590 loquendum,
921 3511 979 3573 scd
992 3527 1046 3587 gu·
