2468 3930
180 212 245 278 266
472 213 504 272 L.
522 211 668 271 ANNAEI
687 212 862 274 SENECAE

179 365 316 442 porticus
343 372 374 425 et
394 362 519 439 capacia
546 367 729 442 populorum
749 371 830 425 tecta
851 364 1059 439 suscipimus?
1088 363 1163 439 quid

180 449 342 511 verborum
362 455 467 519 notas,
490 447 601 522 quibus
626 448 766 524 quamvls
788 448 877 508 citata
898 448 1049 522 excipitur
1064 449 1163 508 oratio

179 540 209 594 et
221 531 403 593 celeritatem
413 531 537 605 linguae
549 534 658 593 manus
673 532 833 607 sequitura
848 532 1066 592 vilissimorum
1077 548 1163 591 man-

136 617 328 691 occipicium
348 616 409 675 ista
429 619 600 677 commenta
620 623 701 676 sunt.
736 613 939 689 Sapientia
960 616 1080 676 altius
1104 631 1186 687 ses

179 700 242 781 det
256 713 313 781 nec
328 713 437 758 manus
451 698 577 760 edocet=
593 699 763 760 animorum
775 699 920 773 magistra
931 706 988 759 est.
1014 699 1061 759 vis
1074 699 1163 772 scire,

179 781 255 864 quid
270 782 322 843 illa
335 782 461 856 eruerit,
478 782 553 857 quid
570 783 728 843 effecerit?
755 799 818 861 uon
833 782 1006 845 dedecoros
1023 783 1163 858 corporis

179 874 278 926 motus
294 881 352 926 nec
367 865 470 926 varios
486 870 544 940 per
556 868 660 927 tubam
674 881 711 926 ac
725 865 830 926 tibiam
845 874 968 940 cantus,
986 867 1097 941 quibus
1110 882 1163 925 ex·

180 957 289 1025 ceptus
312 947 438 1024 spiritus
459 956 511 1009 aut
532 950 563 1009 in
585 952 669 1011 exitu
689 957 741 1010 aut
762 950 792 1008 in
814 951 945 1011 transitu
966 951 1113 1010 formatur
1132 949 1164 1008 in

179 1049 297 1094 vocem.
332 1048 393 1093 non
415 1032 500 1092 arma
521 1049 578 1094 nec
602 1049 706 1094 muros
728 1049 786 1093 nec
806 1033 900 1094 bella:
926 1035 1010 1094 utilia
1033 1035 1163 1106 molitur,

135 1124 169 1180 at
179 1116 248 1193 paci
263 1118 346 1177 lavet
360 1123 390 1176 et
403 1131 502 1191 genus
517 1116 681 1179 humanum
698 1117 739 1176 ad
754 1118 952 1178 concordiam
966 1125 1066 1178 vocat.
1096 1117 1163 1176 Non

178 1209 239 1274 est,
255 1200 395 1275 inquam,
412 1201 681 1262 instrumentorum
696 1201 736 1260 ad
751 1217 826 1261 usus
839 1201 1035 1262 necessarios
1048 1202 1163 1277 opilex.

178 1283 253 1360 quid
275 1282 398 1342 illitam
420 1285 732 1360 parvulaadsignast
758 1285 954 1344 artificem
974 1284 1086 1346 vides
1109 1284 1165 1344 vi-

176 1374 247 1428 tae.
269 1366 346 1427 alias
363 1367 486 1443 quidem
503 1375 586 1429 artes
602 1370 659 1430 sub
674 1367 808 1429 dominio
825 1366 925 1427 habet.
946 1385 1016 1427 nem
1032 1367 1081 1427 cui
1093 1368 1163 1441 vita,

177 1451 220 1511 illi
235 1449 326 1510 vitam
349 1467 476 1526 quoque
493 1454 631 1513 ornantia
648 1452 800 1513 serviunt=
824 1457 958 1511 ceterum
979 1451 1019 1510 ad
1041 1451 1163 1511 beatum

135 1532 406 1618 aestatumtendit.
428 1535 480 1595 illo
497 1535 595 1610 ducit,
614 1537 664 1599 illo
682 1536 748 1596 vias
763 1533 869 1610 aperit.
903 1534 987 1608 Quae
1003 1535 1063 1595 sint
1074 1537 1163 1609 mala,

178 1633 259 1695 quae
281 1618 442 1680 videantur
458 1620 600 1680 ostendit.
627 1621 791 1680 venitatem
813 1617 898 1680 exuit
917 1620 1080 1681 mentibus.
1112 1620 1166 1679 dat

177 1701 416 1776 magnitudinem
431 1704 577 1776 solidam,
589 1709 591 1712 ⁴
605 1703 739 1765 inllutam
755 1720 829 1764 vero
845 1711 875 1763 et
891 1719 931 1762 ex
946 1704 1028 1764 inani
1043 1702 1162 1778 specio·

179 1802 245 1846 sam
259 1784 395 1860 reprimit
412 1787 470 1847 nec
485 1787 617 1862 ignorari
632 1788 717 1859 sinit,
741 1788 819 1846 inter
833 1802 943 1861 magna
958 1788 1032 1861 quid
1047 1787 1166 1847 intersit

178 1876 208 1930 et
228 1869 352 1930 tumida.
383 1873 475 1932 totius
496 1871 622 1933 naturae
642 1871 777 1932 notitiam
799 1887 837 1930 ac
858 1885 933 1930 suae
956 1871 1057 1931 tradit.
1091 1871 1165 1945 quid

178 1951 239 2013 sint
261 1950 294 2012 di
314 1955 500 2031 qualesque,
525 1955 668 2014 declarat.
703 1954 776 2030 quid
800 1953 903 2028 interi,
931 1954 1006 2028 quid
1030 1955 1111 2013 lares
1135 1960 1165 2013 et

176 2037 273 2112 genii,
302 2039 376 2112 qnid
396 2039 426 2099 in
447 2037 616 2099 secundam
638 2038 794 2099 numinum
815 2039 943 2097 iormam
960 2037 1079 2098 animae
1095 2053 1164 2113 per-

177 2128 303 2198 petuae,
328 2122 380 2184 ubi
396 2122 579 2195 consistant,
603 2120 677 2197 quid
699 2129 806 2197 agant,
830 2121 904 2197 quid
927 2122 1065 2197 possint,
1090 2121 1165 2196 quid

177 2205 280 2265 velint.
310 2205 394 2266 llaec
409 2205 476 2267 eius
493 2204 680 2266 initiamenta
694 2213 778 2281 sunt,
795 2222 851 2282 per
866 2221 946 2281 quae
962 2222 1022 2266 nou
1038 2206 1165 2266 munici-

179 2291 247 2364 pale
263 2300 395 2364 sacrum,
413 2291 471 2351 scd
485 2290 594 2365 ingens
610 2291 738 2352 deorum
753 2290 887 2353 omnium
902 2292 1062 2364 templum,
1078 2305 1162 2349 mun·

178 2373 236 2432 dus
252 2373 330 2448 ipse,
346 2381 508 2447 reseratur,
527 2375 614 2436 cuius
629 2391 705 2436 vera
719 2376 882 2436 simulacra
897 2389 1050 2449 verasque
1068 2372 1164 2433 iacies

178 2458 350 2518 cernendas
375 2454 526 2519 mentibus
559 2460 693 2534 protulit.
738 2475 808 2519 nam
837 2458 876 2539 ad
900 2457 1077 2531 spectacula
1103 2464 1164 2515 tam

134 2546 288 2615 lamagna
307 2541 404 2601 hebes
424 2542 513 2601 visus
533 2551 590 2602 est.
637 2543 687 2601 Ad
713 2542 796 2601 initia
822 2539 934 2600 deinde
957 2555 1060 2599 rerum
1085 2540 1165 2601 redit

176 2631 395 2703 aeternamque
414 2623 562 2685 rationem
582 2625 636 2686 toti
657 2624 782 2685 inditam
802 2631 832 2683 et
846 2623 908 2682 vim
923 2623 1057 2683 omnium
1075 2625 1163 2684 semi·

140 2736 142 2740 ·
178 2722 249 2764 num
271 2706 391 2780 singula
412 2705 539 2781 proprie
558 2707 749 2780 figurantem.
788 2714 851 2767 tum
877 2707 917 2766 de
937 2708 1039 2768 animo
1061 2707 1165 2784 coepit

175 2786 345 2862 inquirere,
361 2790 443 2849 unde
460 2796 558 2862 esset,
575 2789 643 2863 ubi,
662 2790 814 2865 quamdiu,
830 2790 860 2849 in
879 2799 953 2866 quot
968 2793 1105 2852 membra
1119 2793 1163 2852 di·

176 2869 273 2931 visus.
307 2871 418 2931 deinde
434 2889 452 2932 a
468 2871 650 2947 corporibus
673 2889 709 2934 se
730 2874 770 2934 ad
790 2874 997 2950 incorporalia
1012 2875 1164 2937 transtulit

175 2955 397 3031 veritatemque
432 2964 462 3017 et
494 2965 672 3032 argumenta
703 2958 771 3019 eius
797 2960 943 3021 excussit.
987 2958 1162 3036 posthaec

177 3040 436 3114 quemadmodum
451 3040 699 3103 discernerentur
723 3043 805 3103 vitae
825 3049 878 3103 aut
901 3044 988 3105 vocis
1009 3041 1160 3117 ambigua.

134 3126 206 3186 ttoin
227 3131 356 3200 utraque
376 3124 456 3184 enirn
478 3125 557 3186 tatsa
580 3127 662 3188 veris
684 3127 810 3187 inmixta
828 3135 908 3189 sunt.
942 3127 1008 3190 Non
1026 3124 1161 3198 abduxit,

176 3206 311 3284 inquam,
328 3224 372 3283 se,
387 3217 420 3270 ut
432 3207 599 3274 Posidonio
614 3211 744 3285 videtur,
762 3211 802 3271 ab
818 3211 885 3272 istis
898 3210 1014 3272 artibus
1027 3209 1161 3284 sapiens,

177 3293 235 3352 sed
252 3293 290 3353 ad
309 3292 378 3353 illes
393 3295 515 3354 omnino
530 3311 591 3356 non
605 3294 696 3356 venit.
723 3295 796 3354 nihil
808 3293 888 3355 enim
901 3294 1026 3370 dignum
1037 3295 1163 3354 inventu

179 3374 361 3451 iudicasset,
380 3378 464 3452 quod
479 3378 540 3439 non
557 3384 622 3438 erat
636 3379 760 3454 dignum
776 3386 924 3453 perpetuo
940 3395 1000 3439 usu
1014 3377 1162 3438 iudicatu-

133 3465 238 3520 slrus.
268 3461 414 3535 ponenda
428 3478 490 3523 non
505 3469 649 3523 sumeret
678 3462 896 3536 ,Anacharsis
911 3460 1023 3537 iuquit,
1045 3461 1160 3522 invenit
