2468 3930
182 245 352 309 EPlSTUL.
365 245 461 308 Mon.
481 246 555 307 LIB.
567 246 618 307 IX.
639 246 696 307 ΕΡ.
709 258 734 310 1.
746 256 772 309 2.
787 256 845 324 (tn.
857 253 915 320 ts.)
981 246 1042 312 173

62 401 214 478 gratiores
228 407 315 461 sunt:
331 414 389 460 nec
403 397 553 459 inmerito.
584 400 674 460 nullis
697 399 778 458 enim
794 401 864 474 plus
886 404 1043 475 praestant

63 501 156 562 quam
170 485 284 560 quibus
304 483 364 543 lrui
383 482 548 558 tranquillo
562 482 624 544 otio
642 482 722 542 licet.
750 484 857 559 ltaque
870 483 907 557 ii,
930 484 1069 559 quibust

60 570 189 631 multum
211 567 252 629 ad
277 565 472 643 propositum
496 567 576 627 bene
599 565 723 627 vivendi
743 569 863 629 confert
893 569 1042 629 securitas

61 654 203 730 publice,
229 654 361 713 necesse
381 659 431 713 est
451 658 607 712 auctorem
627 651 718 712 huius
739 652 813 712 boni
832 658 866 711 ut
885 660 1043 728 parentem

62 738 182 812 colant,
198 738 293 797 multo
309 736 433 812 quidem
443 737 541 811 magis
554 752 645 811 quam
656 735 698 795 illi
712 735 840 810 inquieti
851 743 881 797 et
895 740 926 797 in
941 737 1043 798 medio

62 822 172 898 positi,
195 822 248 896 qui
262 820 356 882 multa
371 820 562 895 principibus
579 820 706 890 debent,
727 820 785 880 sed
801 820 895 880 multa
911 829 943 883 et
956 823 1043 896 inpu-

61 912 141 979 tant,
165 905 277 981 quibus
299 920 465 978 numquam
479 912 540 965 tam
555 904 646 979 plene
661 919 822 964 occurrere
836 904 898 963 ulla
911 906 1044 966 liberali-

61 996 110 1050 tas
133 996 251 1065 potest,
271 994 307 1049 ut
326 988 509 1064 cupiditates
536 988 672 1059 illorum,
696 1003 776 1063 quae
792 996 948 1063 crescunt,
971 989 1044 1050 dum

46 1074 231 1150 inplentur,
251 1073 390 1135 exsatiet.
425 1073 568 1149 quisquis
588 1080 688 1133 autem
709 1072 749 1132 de
763 1072 944 1146 accipiendo
960 1072 1044 1148 cogi·

61 1165 119 1232 tat,
141 1156 254 1218 oblitus
275 1157 395 1233 accepti
414 1163 472 1219 est.
507 1171 565 1216 neo
585 1158 679 1217 ullum
694 1155 910 1215 habetmalum
926 1156 1042 1231 cupidi-

59 1248 108 1303 tas
130 1240 245 1316 maius,
271 1256 362 1316 quam
383 1242 467 1317 quod
487 1243 607 1316 ingrata
627 1249 683 1301 est.
718 1239 817 1300 Adice
838 1255 937 1315 nunc,
958 1240 1070 1314 quode

61 1341 152 1386 nemo
171 1340 294 1401 eorum,
322 1327 374 1401 qui
396 1325 425 1386 in
452 1325 612 1402 republica
632 1332 810 1399 versantur,
834 1331 910 1400 quot
932 1323 1044 1398 vincat,

61 1410 118 1470 sed
139 1409 286 1485 aquibus
300 1412 455 1484 vincatur,
476 1408 618 1486 adspicit
654 1416 685 1470 et
704 1408 764 1469 illis
785 1416 923 1470 nontam
937 1407 1044 1471 iucun-

61 1495 135 1556 dum
150 1501 200 1555 est
211 1495 324 1554 multos
340 1502 413 1570 post
426 1510 462 1555 sc
476 1494 584 1555 videre
598 1510 690 1569 quam
700 1509 809 1569 grave,
825 1493 959 1570 aliquem
973 1502 1045 1555 ante

61 1592 106 1639 se.
138 1578 232 1639 habet
250 1578 309 1639 hoc
330 1579 435 1640 vitium
457 1579 556 1640 omnis
576 1577 714 1638 ambitio:
736 1594 798 1640 non
819 1577 956 1654 respicit.
985 1594 1044 1640 nec

61 1660 188 1724 ambitio
213 1660 329 1724 tantum
356 1663 507 1724 instabilis
533 1668 596 1736 est,
621 1677 729 1723 verum
756 1663 910 1738 cupiditas
932 1661 1043 1738 omnis,

62 1747 137 1824 quia
150 1745 259 1822 incipit
271 1762 395 1822 semper
410 1748 514 1807 atine.
542 1748 585 1807 At
598 1747 648 1806 ille
663 1745 711 1807 vir
726 1745 867 1808 sincerus
883 1763 920 1808 ac
935 1749 1073 1824 puroet

60 1830 115 1909 qui
139 1831 263 1906 reliquit
286 1837 317 1892 et
340 1832 455 1892 curiam
484 1838 515 1892 et
535 1833 635 1892 lorum
656 1839 686 1892 et
706 1847 829 1893 omnem
850 1831 1043 1893 administra·

58 1915 176 1977 tionem
189 1915 392 1990 reipublicae,
407 1922 442 1976 ut
455 1916 495 1975 ad
510 1915 661 1991 ampliora
677 1917 846 1987 secederet,
865 1916 963 1991 diligit
978 1932 1043 1992 eos,

58 2014 118 2076 per
132 2015 213 2075 quos
227 1999 289 2060 hoo
304 2001 331 2061 ei
347 2001 450 2060 lacere
463 2005 528 2062 tuto
544 2000 616 2061 licet
635 2000 782 2075 solusque
802 2000 862 2060 illis
880 2001 1043 2076 gratuitum

58 2084 265 2146 testimonium
285 2085 387 2145 reddit
407 2091 438 2145 et
456 2101 598 2160 magnam
622 2100 686 2144 rem
707 2083 917 2146 nescientibus
941 2086 1042 2145 debet.

59 2169 319 2244 quemadmodum
336 2176 555 2245 praeceptores
576 2185 652 2230 suos
667 2175 832 2230 veneratur
846 2185 883 2229 ac
902 2169 1041 2245 suspicit,

58 2268 192 2330 quorum
212 2254 364 2314 beneflcio
387 2253 446 2314 illis
467 2253 559 2314 inviis
574 2254 663 2328 exiit,
687 2251 733 2312 sic
748 2253 867 2327 ethos,
889 2254 947 2314 sub
966 2270 1042 2330 quo·

57 2353 127 2399 rum
147 2337 242 2399 tutela
264 2339 384 2413 positus
406 2343 530 2398 exercet
550 2344 632 2398 artes
656 2338 767 2397 bonas.
802 2337 936 2411 „Verum
963 2337 1070 2398 aliose

59 2437 187 2499 quoque
197 2437 254 2482 rex
266 2421 383 2484 viribus
395 2423 461 2483 suis
474 2422 637 2498 protegit.“
653 2419 727 2495 Quis
739 2420 853 2495 negat?
868 2420 924 2480 sed
937 2436 1043 2496 quem·

59 2507 227 2567 admodum
245 2506 388 2583 Neptuno
412 2508 483 2583 plus
510 2506 624 2568 debere
651 2521 686 2566 se
706 2504 821 2565 iudicat
840 2521 881 2564 ex
898 2503 963 2580 his,
991 2504 1044 2581 qui

58 2591 170 2651 eadem
185 2591 399 2666 tranquillitate
412 2593 463 2653 usi
477 2598 564 2667 sunt,
580 2591 634 2666 qui
649 2592 737 2666 plura
752 2598 782 2651 et
795 2590 977 2666 pretiosiora
992 2590 1043 2650 illo

57 2674 136 2736 mari
150 2675 248 2749 vexit,
270 2673 439 2738 animosius
460 2693 479 2735 a
497 2682 668 2736 mercatore
690 2691 782 2751 quam
803 2682 961 2736 avectore
981 2675 1043 2736 sol-

57 2761 140 2820 vitur
166 2767 286 2833 votum,
315 2768 346 2821 et
371 2776 410 2821 ex
437 2760 515 2837 ipsis
536 2760 758 2822 mercatoribus
780 2758 911 2821 effusius
934 2767 1040 2835 gratus

57 2851 122 2918 est,
153 2843 207 2919 qui
221 2845 335 2905 odores
350 2860 387 2904 ac
408 2861 564 2921 purpuras
580 2853 610 2905 et
626 2862 703 2906 auro
722 2845 884 2921 pensanda
902 2846 1044 2921 portabat

58 2944 154 3005 quam
170 2927 222 3003 qui
236 2929 385 2990 vilissima
401 2944 542 3005 quaeque
564 2938 595 2991 et
608 2929 756 2991 saburrae
770 2931 840 2991 loco
853 2931 955 2990 lutura
969 2946 1042 2990 con·

57 3018 215 3089 gesserat:
236 3013 282 3073 sic
296 3013 387 3075 huius
403 3013 490 3089 pacis
508 3014 693 3075 beneficium
708 3014 748 3074 ad
763 3030 870 3074 omnes
887 3014 1039 3090 pertinen·

57 3098 98 3159 tis
119 3096 211 3158 altius
232 3098 271 3158 ad
293 3114 350 3158 eos
371 3095 527 3175 pervenit,
554 3098 607 3174 qui
621 3099 673 3159 illa
686 3098 766 3159 bene
780 3104 914 3160 utuntur.
955 3097 1070 3158 multifi

58 3181 140 3242 enim
157 3188 230 3243 sunt
243 3196 284 3242 ex
298 3180 346 3242 his
357 3183 485 3258 togatis,
501 3181 613 3257 quibus
628 3200 690 3259 pax
706 3183 869 3258 operosior
880 3182 962 3242 bello
978 3188 1041 3241 esta

58 3279 98 3325 an
114 3264 197 3326 idem
212 3264 370 3328 existimas
385 3283 442 3342 pro
458 3283 536 3343 pace
551 3267 666 3328 debere
680 3282 751 3340 eos,
778 3264 831 3341 qui
846 3266 927 3325 illam
943 3263 1040 3326 ebrie-

57 3435 232 3511 rumpenda
247 3443 339 3497 suntt
374 3435 433 3497 nisl
456 3437 535 3499 torte
555 3442 615 3496 tam
636 3434 774 3510 iniquum
796 3440 887 3510 putas
902 3449 974 3494 esse
991 3449 1038 3494 sa·

58 3517 213 3597 pientem,
232 3526 268 3582 ut
284 3520 360 3582 nihil
372 3520 484 3583 viritim
499 3536 534 3582 se
549 3520 664 3582 debere
685 3535 742 3596 pro
758 3519 971 3581 communibus
983 3518 1038 3580 bc·
