2468 3930
165 211 439 276 EPISTULMOR.
460 214 638 274 LIB.XVll.
660 215 719 274 ΕΡ.
730 224 756 276 2.
767 223 794 277 3.
816 221 977 291 (102103.)
1020 217 1081 282 337

101 381 166 428 nox
185 365 264 425 aeris
284 366 379 426 infimi
399 366 483 427 vices
506 374 584 427 sunl.
612 374 685 428 tunc
705 368 735 426 in
757 368 891 428 tenebris
912 369 1030 430 vixisse
1050 379 1081 432 te

100 451 203 523 diem,
225 464 294 512 cum
310 456 401 510 totarn
417 451 517 509 lucern
531 456 562 509 el
575 457 658 512 totus
673 451 871 527 adspexeriS,
893 469 983 528 quam
999 471 1081 516 nunc

99 550 157 610 per
172 532 407 607 angustissimas
425 536 582 594 oculorum
601 536 666 595 vias
683 535 814 595 obscure
829 535 971 610 intueris,
994 545 1024 598 el
1037 547 1080 599 ta-

99 633 170 678 men
191 616 351 676 admiraris
370 616 451 677 illam
470 618 530 676 iam
551 619 673 692 procul:
697 618 771 693 quid
793 617 846 679 libi
866 619 1018 681 videbitur
1036 622 1079 681 di-

98 703 170 763 vina
184 701 247 775 lux,
264 717 331 760 cum
349 701 430 760 illam
445 716 503 763 suo
519 703 589 762 loco
604 701 740 762 videris?
766 702 869 764 Haec
890 705 1124 779 cogitatione

99 783 199 846 nihil
224 784 423 844 sordidum
454 786 579 845 animo
611 785 820 845 subsidere
846 787 955 862 sinit,
983 788 1080 849 nihil

99 865 261 942 humile,
290 867 386 928 nihil
412 868 583 929 crudele.
616 868 692 928 deos
720 884 820 928 rerum
847 871 980 931 omniurn
1008 889 1080 933 esse

99 957 196 1014 testes
211 953 261 1012 ait.
284 952 343 1012 illis
358 968 415 1013 nos
430 951 604 1027 adprobari,
620 950 679 1013 illis
693 951 723 1011 in
740 954 872 1013 futurum
885 954 986 1029 parari
997 957 1081 1017 iubet

97 1042 132 1096 et
158 1035 363 1097 aeternitatem
391 1051 581 1111 proponere:
615 1052 705 1110 quam
732 1038 784 1111 qui
808 1045 908 1098 mente
929 1040 1078 1114 concepit,

99 1119 202 1180 nullos
216 1119 319 1180 horret
333 1121 501 1193 exercitus,
517 1133 578 1178 non
594 1125 724 1180 terretur
738 1120 819 1195 tuba,
835 1121 924 1180 nullis
939 1122 979 1181 ad
993 1123 1079 1182 timo-

99 1218 166 1263 rem
180 1202 270 1263 minis
286 1204 395 1278 agitur.
439 1203 549 1278 Quidni
563 1220 626 1263 non
639 1204 750 1277 timeat,
767 1204 819 1279 qui
833 1205 909 1264 mori
925 1212 1037 1281 sperat,
1054 1209 1123 1270 sico

99 1288 281 1363 equoque,
305 1289 357 1363 qui
372 1289 504 1347 animum
519 1287 634 1347 tamdiu
648 1287 761 1348 iudicat
775 1304 913 1360 manere,
935 1291 1080 1364 quamdiu

99 1371 245 1430 retinetur
260 1372 398 1447 corporis
414 1372 552 1445 vinculo,
570 1373 701 1432 solutum
718 1373 817 1432 statim
833 1373 946 1448 spargi,
962 1373 994 1433 id
1009 1373 1078 1447 agit,

100 1460 134 1514 ut
154 1455 244 1515 eliam
265 1463 337 1530 post
356 1463 482 1517 mortem
503 1453 585 1516 utilis
607 1471 679 1517 esse
701 1457 810 1531 possit.
840 1457 979 1532 quamvis
999 1458 1080 1516 enim

101 1536 170 1613 ipse
185 1547 310 1614 ereptus
325 1540 364 1600 sil
379 1539 486 1611 oculis,
507 1546 606 1598 lamen

226 1627 318 1684 multo
331 1626 391 1684 viri
400 1627 492 1685 cotos
506 1625 604 1684 animo
617 1627 781 1699 multusque
794 1630 931 1686 recursat
1029 1657 1031 1662 .

224 1709 433 1782 pentislconos.

102 1789 222 1865 Cogita,
246 1799 391 1866 quantum
406 1792 495 1852 nobis
511 1793 653 1867 exempla
667 1791 749 1852 bona
763 1791 898 1867 prosint:
920 1789 1003 1853 scies
1017 1807 1080 1851 ma·

101 1889 230 1949 gnomm
242 1876 375 1936 virorum
387 1892 447 1936 non
460 1876 561 1936 minus
572 1876 778 1952 praesentiam
791 1893 862 1938 esse
872 1874 976 1936 utilem
988 1885 1089 1952 quam·

102 1958 288 2019 memoriam.
319 1960 404 2021 Vale.

395 2096 609 2154 urrsruul
629 2098 674 2151 ur.
698 2099 788 2167 (roa)

354 2189 465 2242 SENECA
482 2193 594 2242 Luctuo
614 2203 666 2243 SUO
686 2203 825 2242 SALUTEM.

163 2292 243 2367 Quid
253 2293 311 2354 ista
323 2294 544 2370 circumspicis,
562 2311 642 2370 quae
654 2294 707 2354 tibi
721 2294 854 2368 possunt
868 2294 1000 2354 tortasse
1011 2308 1080 2353 eve·
1094 2306 1111 2358 1

100 2376 176 2449 nire,
193 2377 249 2437 sed
261 2385 392 2452 possunt
404 2387 433 2439 et
445 2395 505 2440 non
519 2379 662 2438 eveniret
680 2377 852 2438 incendium
864 2376 943 2451 dico,
954 2376 1080 2450 ruinam,

99 2460 176 2535 alio,
200 2477 278 2536 quae
298 2462 387 2523 nobis
405 2461 557 2536 incidunt,
582 2478 643 2523 non
665 2461 859 2522 insidiantur:
882 2461 933 2520 illa
954 2460 1079 2536 [potius]

98 2543 186 2618 vide,
213 2545 264 2604 illa
287 2546 427 2620 [de]vita‚
454 2563 533 2622 quae
557 2563 614 2608 nos
641 2545 819 2618 observant,
846 2561 926 2619 quae
949 2549 1080 2620 captant.

99 2627 174 2688 Rari
188 2632 335 2690 exsistunt
350 2647 458 2704 casm,
475 2631 593 2692 etiamsi
609 2646 736 2706 graves,
759 2629 949 2704 naulragium
970 2631 1080 2702 lacere,

99 2710 243 2774 vehiculo
274 2714 383 2774 everti:
417 2716 462 2777 ab
489 2715 642 2775 homine
670 2714 814 2776 homini
844 2713 1081 2774 cotidianum

99 2794 326 2870 periculum.
350 2798 542 2860 adversus
562 2800 634 2861 hoc
655 2807 691 2860 te
712 2799 865 2875 expedi,
887 2796 1082 2859 hocintentis

100 2879 200 2941 oculis
214 2879 342 2942 intuere.
364 2884 477 2944 nullum
491 2891 537 2944 est
548 2886 660 2945 malum
672 2884 870 2961 frequentius,
886 2884 1001 2943 nullum
1013 2897 1082 2957 per-

95 2961 243 3039 tinacius,
258 2967 373 3026 nullum
388 2967 539 3027 blandius.
568 2970 747 3044 Tempestas
762 2968 900 3042 minatur,
917 2971 1110 3042 antequama

101 3055 216 3121 surgat.
235 3057 366 3124 'crepant
377 3051 526 3126 aedilicia,
539 3059 701 3126 antequam
713 3057 872 3113 corruant.
891 3048 1083 3124 praenuntiat

101 3131 206 3192 fumus
227 3132 416 3194 incendium:
440 3132 541 3194 subita
562 3142 668 3195 estex
688 3133 811 3194 homine
832 3133 984 3208 pernicies
1000 3140 1030 3191 et
1045 3146 1081 3193 eo

101 3213 278 3289 diligentius
292 3217 410 3293 tegitur,
428 3233 488 3292 quo
502 3218 629 3292 propius
642 3217 769 3278 accedit.
798 3217 900 3289 Erras,
916 3215 943 3275 si
954 3216 1082 3278 istorum

100 3297 164 3371 tibi,
182 3298 235 3374 qui
251 3308 424 3376 occurrunt,
440 3300 571 3362 voltibus
588 3301 703 3361 credis:
725 3300 880 3359 hominum
895 3298 1014 3373 effigies
1030 3298 1082 3357 ha-

100 3380 189 3457 bent,
212 3383 329 3446 animos
344 3385 491 3459 serarum,
513 3384 572 3445 nisi
588 3384 672 3459 quod
687 3383 803 3444 illarum
820 3380 1022 3458 perniciosior
1037 3387 1085 3441 est

102 3465 221 3542 primus
233 3465 389 3529 incursus:
407 3485 486 3547 quos
498 3468 655 3545 transiere,
670 3484 730 3529 non
743 3473 901 3544 quaemnt.
916 3482 1083 3543 numquam

150 3570 253 3611 eunucu
265 3571 334 3610 nuru.
353 3557 397 3612 ill.
888 3560 922 3612 22
1094 3557 1098 3563 ’
