2468 3930
295 249 465 310 EPISTUL.
479 248 573 309 MOR.
594 248 666 309 LlB.
682 249 704 307 t.
725 249 782 308 ΕΡ.
797 257 881 338 1-33
1056 251 1076 313 5

99 417 171 462 oum
185 401 280 460 mulla
293 399 495 474 percurreriS,
509 415 603 458 unum
615 414 762 476 excerpe,
780 400 864 476 quod
874 401 925 461 illo
939 401 989 461 die
1004 417 1077 462 con·

100 498 229 560 coquus.
262 483 329 542 Hoc
350 482 419 556 ipse
435 483 667 557 quoquelacio'z
689 484 896 559 expluribus,
915 501 994 560 quae
1008 486 1109 564 legia

101 565 218 643 aliquid
245 564 454 641 adprehendo.
488 565 677 626 Hodiernum
703 566 763 626 huc
792 573 854 640 est,
883 570 966 644 quod
994 570 1077 645 apud

100 651 266 726 Epicurum
280 655 410 709 nanctus
427 665 510 709 suma
521 650 662 710 -soleo
680 650 759 709 enim
776 657 805 710 et
819 651 850 710 in
864 651 962 713 aliena
978 661 1079 714 castra

103 735 246 807 transire,
264 749 327 793 non
340 739 494 807 tamquam
508 735 679 809 transfuga,
695 735 752 794 sed
767 743 920 810 tamquam
936 738 1078 813 explora-

101 815 1078 896 tor—-„Honesta,inquit,resestlaetapuupertas.“

100 904 243 964 litavere
258 918 320 961 non
335 906 383 961 est
395 907 574 976 paupertas,
591 901 618 959 si
630 902 710 962 laeta
724 911 787 963 est:
803 904 932 963 cuicum
948 921 1078 981 pauper·
1093 917 1111 972 6

101 994 161 1048 tate
175 987 255 1047 bene
270 985 427 1056 convenit,
444 984 530 1043 dives
546 991 602 1044 cst.
635 1000 697 1044 non
714 985 765 1060 qui
780 1001 886 1060 parum
901 987 1006 1063 habet,
1021 990 1079 1049 sed

102 1071 155 1146 qui
171 1071 241 1145 plus
256 1068 354 1144 cupit,
376 1083 495 1143 pauper
514 1075 570 1128 est.
608 1069 682 1142 quid
703 1068 782 1127 enim
803 1066 908 1142 refert,
935 1080 1080 1146 quantum

101 1153 144 1214 illl
157 1154 189 1212 in
204 1168 289 1226 arca,
311 1158 457 1226 quantum
481 1151 511 1210 in
525 1150 644 1212 horreis
659 1149 771 1224 iaceat,
797 1161 941 1226 quantum
962 1163 1078 1230 pascat,

102 1244 248 1312 quantum
264 1237 395 1307 teneret,
411 1235 438 1295 si
450 1235 549 1295 alieno
564 1234 704 1308 inminet,
720 1235 823 1295 sinon
839 1234 1007 1313 adquisita,
1023 1239 1080 1298 sed

102 1319 294 1395 adquirenda
314 1315 491 1393 conputatt'
506 1317 579 1392 Quis
597 1318 636 1379 sit
653 1318 823 1379 divitiarum
838 1320 965 1396 modus,
987 1337 1079 1397 quae-

100 1405 161 1464 ris:
188 1402 319 1478 primus,
339 1403 453 1462 habere
469 1403 553 1476 quod
568 1416 698 1462 necesse
713 1410 774 1476 est,
796 1403 971 1482 proximus,
996 1405 1080 1482 quod

105 1495 153 1548 sat
168 1493 225 1548 est
257 1487 344 1547 Vale.
906 1489 914 1502 ⁶

452 1603 667 1662 EPISTULA
688 1607 732 1666 111.

358 1701 468 1752 saraca
485 1702 596 1753 Lucrum
619 1713 670 1752 suo
691 1714 830 1758 saturans.

168 1820 321 1895 Epistulas
346 1821 387 1881 ad
411 1837 460 1880 me
486 1824 685 1898 perferendas
710 1822 876 1899 tradidisti,
902 1830 936 1885 ut
960 1824 1079 1900 scribis,
1097 1841 1109 1893 r

105 1905 203 1964 amico
219 1910 282 1968 tuo.
313 1905 424 1965 deinde
439 1906 587 1968 admones
600 1923 665 1981 me,
688 1923 727 1967 nc
742 1908 844 1968 omnia
859 1924 927 1970 cum
942 1923 980 1968 co
997 1909 1038 1969 ad
1051 1916 1082 1971 te

105 1986 287 2065 pertinentia
309 1990 542 2064 communicem,
572 1991 724 2066 quianon
744 1993 847 2053 soleas
870 2008 909 2052 ue
929 1990 999 2068 ipsc
1014 1994 1083 2069 qui-

106 2073 175 2132 dem
189 2071 222 2131 id
236 2073 351 2132 lacere:
369 2074 412 2132 ita
427 2073 534 2134 eadem
549 2076 682 2149 epistula
692 2076 775 2134 illum
790 2082 820 2135 et
833 2075 936 2135 dixisti
952 2074 1082 2137 amicum

105 2163 135 2216 et
150 2156 279 2231 negasti.
301 2156 406 2232 Itaque
418 2157 463 2217 sic
475 2159 576 2233 priore
587 2159 638 2219 illo
652 2160 746 2219 verbu
763 2161 851 2234 quasi
867 2158 990 2235 publico
1004 2176 1081 2220 usus

105 2255 141 2300 es
162 2247 192 2299 et
207 2240 252 2301 sic
265 2237 351 2300 illum
371 2241 530 2301 amicum
550 2240 686 2316 vocasti,
710 2244 866 2318 quomodo
888 2259 994 2304 omnes
1011 2260 1082 2304 can·

58 2362 65 2371 -
106 2323 228 2385 didatus
241 2323 367 2386 bonos
383 2323 488 2385 viros
505 2324 649 2399 dicimus,
667 2325 822 2400 quomodo
841 2326 964 2399 obvios,
982 2327 1009 2385 si
1026 2343 1087 2387 no-

105 2423 173 2466 men
196 2423 257 2467 non
279 2407 443 2483 succurrit,
457 2409 643 2470 ‘dominos
664 2410 841 2469 salutamus.
871 2409 937 2467 Hac
960 2409 1081 2469 abierit!

106 2490 1116 2568 Sedsistiquemamicumexistimas,cuin0ntan-a

105 2576 269 2636 tumdcm
291 2573 421 2636 credis
442 2584 625 2652 quantum
645 2576 732 2649 tibi,
754 2577 1004 2637 vehementer
1024 2592 1083 2636 cr-

105 2674 168 2719 ras
189 2665 226 2718 et
246 2660 438 2720 nonsatis
459 2661 565 2720 nosti
586 2661 659 2719 vim
681 2658 1023 2721 veraeamicitiae=
1051 2667 1084 2720 tu

105 2757 181 2803 vero
197 2743 300 2802 omnia
314 2758 383 2803 cum
398 2744 496 2804 amico
512 2742 661 2817 delibera,
677 2744 734 2804 sed
751 2745 790 2804 de
806 2746 875 2820 ipso
892 2745 989 2818 prius.
1011 2750 1085 2819 post

106 2824 269 2886 amicitiam
294 2826 480 2888 credendum
506 2834 568 2900 est,
595 2835 665 2888 anta
690 2828 851 2888 amicitiam
876 2827 1084 2888 iudicandum.

105 2908 159 2970 Isti
168 2924 245 2971 vero
262 2918 462 2985 praepostero
478 2910 581 2971 officia
596 2910 794 2986 permiscent,
811 2911 861 2986 qui
876 2918 981 2972 contra
995 2927 1083 2988 prae-

107 3000 196 3068 cepta
224 2992 446 3068 Theophrasti,
472 3010 541 3056 cum
567 3002 764 3069 amaverunt,
789 2992 943 3068 iudicant,
970 3002 999 3056 ct
1021 3011 1084 3054 non

106 3084 223 3151 amant,
245 3092 313 3136 cum
334 3077 554 3138 iudicaverunt.
585 3079 644 3138 Diu
664 3079 782 3154 cogita,
802 3094 839 3138 an
861 3077 915 3138 tibi
936 3079 966 3137 in
982 3076 1085 3137 amici-

107 3161 178 3221 tiam
193 3161 305 3236 aliquis
319 3161 516 3236 recipiendus
532 3160 580 3222 sit.
613 3177 682 3221 cum
697 3161 845 3236 placuerit
863 3159 944 3235 fieri,
966 3167 1030 3221 toto
1051 3161 1081 3219 il-

106 3245 167 3306 lum
196 3249 322 3318 pectore
346 3244 484 3306 admittet
513 3251 574 3304 tam
601 3245 757 3306 audaciter
787 3261 855 3305 cum
881 3243 931 3304 illo
958 3245 1085 3318 loquere

108 3343 202 3404 quam
216 3334 327 3388 lecum.
349 3328 394 3389 Tu
409 3327 531 3404 quidem
549 3329 589 3389 ita
605 3328 690 3402 vive,
703 3336 737 3389 ut
750 3326 824 3387 nihil
839 3326 892 3388 tibi
907 3328 1086 3402 committas
1099 3337 1118 3390 a

108 3412 168 3473 nisi
184 3411 268 3488 quod
285 3410 471 3472 committere
485 3410 575 3472 ctiam
589 3411 710 3473 inimico
727 3418 779 3470 tuo
797 3410 912 3487 possis.
941 3411 998 3471 sed
1013 3409 1086 3488 quia

108 3495 316 3557 interueniunt
328 3495 488 3571 quaedam,
503 3510 582 3572 quae
594 3494 785 3556 consuetudo
799 3495 872 3554 lacit
883 3510 1004 3570 arcana,
1016 3510 1084 3555 cum
