2468 3930
252 251 529 313 Eplsruhhton.
549 253 698 314 maxx,
720 253 816 316 ER&
837 260 926 330 (llo.)
1017 255 1081 319 ³99

101 412 179 465 ctam
194 419 266 464 esse
281 404 432 465 virtutem.
458 407 544 466 Hanc
560 407 590 466 in
605 413 709 482 partes
725 406 900 468 divisimus=
924 408 1123 484 oportebatll

100 488 282 564 cupiditates
292 489 453 564 refrenari,
470 498 569 551 metus
582 491 746 566 conprimi,
762 491 902 552 iacienda
918 494 1084 568 provideri,

99 573 259 634 reddenda
275 573 430 633 distribui=
446 575 725 649 conprehendimus
740 576 985 652 temperantiam,
1000 579 1083 638 lorti-

100 658 250 730 tudinem,
270 657 478 731 prudentiam,
499 657 643 720 iustitiam
663 667 693 719 et
707 675 796 718 suum
817 659 929 734 cuique
942 662 1083 723 dedimus

100 740 246 804 ollicium.
277 741 325 799 lix
346 758 408 816 quo
431 757 505 817 ergo
531 743 673 802 virtutem
693 743 918 804 intelleximus?
946 744 1085 806 Ostendit

99 828 181 886 illam
201 825 291 886 nobis
309 826 386 886 ordo
410 825 477 886 eius
498 833 528 886 et
548 827 643 887 decor
662 833 693 886 et
707 826 879 887 constantia
899 835 930 888 et
950 830 1084 890 omnium

99 913 177 970 inter
204 925 238 969 se
259 910 411 973 actionum
433 910 599 970 concordia
621 919 651 971 et
669 911 846 984 magnitudo
867 914 1084 986 superomnia

101 993 233 1054 efferens
250 1008 331 1054 sese.
358 993 437 1053 Hinc
457 994 610 1054 intellecta
629 1002 678 1055 est
697 994 749 1053 illa
762 995 852 1055 beata
867 994 928 1054 vita
943 996 1082 1058 secundo

100 1076 241 1138 defluens
263 1092 371 1151 cursu,
395 1077 510 1138 arbitrii
531 1075 579 1137 sui
594 1084 667 1138 lota.
698 1077 857 1150 Quomodo
874 1092 947 1152 ergo
964 1078 1023 1140 hoc
1038 1079 1082 1154 ip·
1092 1076 1126 1128 12

101 1177 167 1222 sum
184 1160 274 1220 nobis
288 1161 453 1235 adparuit?
479 1161 595 1221 dicamr
618 1177 784 1236 numquam
801 1163 848 1222 vir
861 1162 912 1223 ille
927 1163 1082 1238 perlectus

101 1245 296 1320 adeptusque
317 1245 458 1305 virtutem
473 1246 613 1306 fortunae
626 1245 792 1305 maledixit
822 1261 987 1320 numquam
1003 1245 1082 1307 acci-

65 1401 69 1409 ·
100 1327 203 1389 dantia
223 1329 318 1388 tristis
341 1330 472 1403 excepit.
503 1330 600 1389 civem
622 1345 694 1389 esse
715 1345 751 1388 se
765 1328 898 1389 universi
917 1336 948 1390 et
961 1329 1083 1390 militem

101 1413 231 1472 credens
251 1412 375 1474 labores
396 1414 479 1473 velut
499 1415 666 1488 imperatos
682 1412 784 1474 subiit.
809 1414 955 1489 quicquid
969 1413 1082 1474 incide·

99 1503 160 1570 rat,
183 1511 246 1555 non
267 1504 422 1572 tamquam
444 1499 556 1557 malum
577 1504 761 1572 aspernatus
783 1504 832 1557 est
853 1505 884 1558 et
903 1496 933 1557 in
954 1513 990 1557 se
1008 1512 1084 1560 casu

100 1582 248 1654 delatum,
274 1581 330 1640 sed
355 1581 444 1656 quasi
467 1582 639 1656 delegatum
659 1581 728 1641 sibi.
750 1581 844 1653 „Hoc
860 1583 1083 1657 qualecumque

100 1672 162 1737 est,
184 1663 297 1740 inquit,
319 1680 418 1724 meum
440 1672 496 1725 est.
524 1681 667 1740 asperum
683 1671 744 1736 est,
767 1665 876 1726 durum
892 1672 954 1726 est:
978 1665 1010 1727 iu
1023 1664 1084 1727 hoe

100 1751 171 1824 ipso
186 1764 334 1809 navemus
357 1754 514 1823 operam.“
541 1748 776 1810 Necessario
798 1748 1126 1825 itaquemagnus13

100 1833 295 1907 adparuit,
321 1832 384 1908 qui
405 1850 605 1908 numquam
623 1833 735 1894 malis
756 1832 956 1908 ingemuit,
978 1850 1081 1894 num·

101 1933 210 1993 quam
232 1917 277 1976 de
297 1917 378 1976 lato
400 1933 470 1981 suo
492 1924 657 1994 questus
673 1927 747 1979 est:
768 1916 1082 1980 lecitmultisintelle-

101 2009 182 2062 ctum
198 2002 245 2061 sui
259 2009 290 2061 et
303 2017 365 2061 non
380 2000 468 2062 aliter
483 2019 575 2078 quam
590 2003 619 2063 in
635 2002 769 2062 tenebris
784 2002 886 2062 lumen
901 2000 1016 2062 effulsit
1029 2002 1081 2063 ad-

99 2085 251 2160 vertitque
273 2084 304 2143 in
325 2100 359 2144 se
381 2086 515 2146 omnium
533 2086 667 2159 animos,
695 2102 765 2145 curn
788 2092 872 2145 esset
891 2086 1030 2160 placidus
1053 2091 1083 2146 et

101 2170 194 2241 lenis,
212 2169 352 2230 humanis
367 2169 541 2244 divinisque
554 2169 648 2230 rebus
664 2170 777 2243 pariter
791 2184 920 2243 aequus.
942 2168 1083 2228 Habebat
1092 2163 1125 2218 14

100 2254 269 2330 perlectum
281 2252 415 2313 animum
426 2254 465 2313 ad
480 2268 629 2313 summam
641 2253 689 2312 sui
699 2252 867 2324 adductus,
883 2267 977 2326 supra
991 2267 1083 2326 quam

99 2337 174 2396 nihil
195 2345 244 2399 est
263 2336 323 2398 nisi
344 2353 431 2397 mens
453 2338 518 2410 dei,
544 2353 584 2397 ex
605 2353 666 2410 quo
691 2352 765 2411 pars
787 2343 817 2395 et
837 2336 867 2395 in
888 2336 949 2395 hoc
973 2342 1087 2409 pectus

99 2423 227 2483 mortale
251 2420 394 2494 defluxit,
431 2421 516 2495 quod
541 2436 706 2494 numquam
735 2421 832 2493 magis
861 2418 997 2480 divinum
1024 2424 1081 2491 est,

101 2521 193 2581 quam
213 2507 265 2566 uhi
288 2505 499 2567 mortalitatem
514 2521 602 2567 suam
617 2504 730 2579 cogitat
745 2511 775 2563 et
788 2502 890 2563 scitia
905 2503 964 2563 hoc
979 2508 1082 2562 natum

99 2589 268 2664 hominem,
281 2599 316 2652 ut
330 2591 391 2651 vita
406 2591 637 2666 defungeretur,
650 2603 707 2649 nac
722 2589 845 2648 domurn
857 2587 1000 2648 essehoc
1016 2601 1082 2647 cor·

100 2691 175 2749 pua,
193 2675 248 2734 scd
265 2675 431 2750 hospitium
447 2683 477 2737 et
491 2675 613 2752 quidem
627 2674 723 2734 breve
738 2671 919 2748 hospitium,
936 2670 1021 2748 quod
1035 2686 1081 2732 re-

99 2755 300 2832 linquendum
316 2765 377 2831 est,
392 2758 444 2820 ubi
458 2767 489 2820 te
503 2776 627 2835 gravem
644 2773 715 2819 esse
728 2757 842 2833 hospiti
855 2758 971 2818 videas.
985 2755 1081 2817 Maxi·
1092 2754 1124 2810 15

99 2857 200 2914 mum,
219 2841 359 2914 inquam,
380 2844 420 2901 mi
434 2843 545 2918 Lucili,
567 2849 778 2920 argumentum
801 2848 849 2902 est
870 2841 961 2901 animi
984 2840 1022 2902 ab
1038 2841 1080 2898 al·

99 2926 178 2986 tiore
195 2922 270 2982 sede
285 2923 452 3001 venientis,
467 2929 494 2986 si
510 2928 602 3004 haec,
618 2926 772 3002 inquibus
788 2932 942 2999 versatur,
958 2921 1082 2984 humilia

99 3005 216 3070 iudicat
237 3013 430 3084 elangueo,
451 3010 478 3070 si
500 3011 585 3070 exire
604 3028 665 3072 non
685 3010 799 3071 metuit.
831 3010 889 3069 scit
903 3010 999 3080 enim,
1020 3021 1082 3079 quo

100 3093 239 3155 exiturus
260 3091 316 3164 sit,
339 3092 405 3167 qui,
425 3094 508 3153 unda
529 3095 659 3169 venerit,
681 3091 825 3153 meminit.
855 3108 915 3151 non
931 3090 1083 3161 videmus,

102 3193 194 3252 quam
214 3178 308 3237 multa
321 3192 380 3237 nos
395 3175 590 3237 incommoda
604 3178 770 3252 exagitent,
794 3190 887 3249 quam
898 3175 978 3234 male
992 3172 1081 3233 uobis

103 3261 265 3322 conveniat
281 3262 341 3321 hoc
364 3267 499 3336 corpus?
525 3276 605 3320 nuno
625 3260 665 3320 de
685 3260 799 3334 capite,
822 3274 903 3318 nunc
915 3258 955 3317 de
968 3261 1125 3332 ventrali

102 3362 183 3407 nunc
204 3347 243 3407 de
266 3352 390 3421 pectore
412 3361 448 3406 ac
470 3342 611 3405 faucibus
628 3343 792 3418 querimur.
822 3342 897 3403 alias
913 3341 999 3401 nervi
1014 3356 1082 3413 nos,

103 3430 179 3490 alias
195 3432 292 3507 pedes
307 3437 435 3504 vexant,
459 3445 540 3490 nunc
554 3427 698 3502 deiectio,
720 3443 800 3488 nunc
823 3425 988 3489 distillatio.
1030 3424 1082 3486 ali-

103 3515 228 3592 quando
250 3523 393 3591 superest
412 3513 553 3591 sanguis,
578 3513 745 3591 aliquando
770 3513 865 3574 deest.
898 3511 969 3572 hina
991 3517 1084 3586 atqua
