2468 3930
402 245 447 302 DE
462 243 620 303 MORIBUS
636 247 750 302 LIBER.
1004 247 1067 312 467

148 395 224 450 Multi
251 401 315 452 sunt
342 397 497 468 obligandi,
526 398 610 469 pauci
636 397 809 454 offendendi.
842 417 907 456 nam
932 405 1125 464 memoriam

84 479 283 535 beneficiorum
295 483 404 554 fragilis
419 486 472 549 est,
482 481 644 539 iniuriarum
663 489 755 542 tenax.

146 562 336 635 Obiurgationi
352 580 465 636 semper
480 565 584 635 aliquid
600 565 696 621 blandi
713 566 846 622 admisce.
869 569 976 624 facilius
992 572 1065 625 enim
1074 577 1124 632 129

81 653 229 717 penetrant
247 649 349 718 verba,
375 663 447 718 quae
465 649 540 704 molli
557 648 663 705 vadunt
677 649 725 704 via
742 665 824 720 quam
841 646 933 727 [quae]
950 669 1062 725 aspera.

83 745 165 784 nemo
181 731 254 786 enim
270 748 301 786 se
317 736 417 801 mutat,
440 732 486 802 qui
504 732 602 787 mutari
617 749 648 787 se
665 732 808 804 desperat.

144 812 276 880 Quotiens
291 815 395 870 scribes
416 814 521 885 aliquid
538 811 631 889 [quod]
654 815 776 871 editurus
797 833 843 885 es,
867 818 936 873 scito
955 825 1124 881 morum130

82 902 190 952 tuorum
205 904 231 953 te
246 898 405 955 hominibus
423 896 641 970 chirographum
659 898 737 954 dare.

145 980 197 1049 Qui
219 982 247 1036 in
269 997 368 1038 servos
389 981 517 1037 irascitur
538 988 565 1037 et
582 981 703 1038 crudelis
719 989 775 1052 est,
797 984 863 1038 satis
879 985 999 1040 ostendit
1013 1003 1064 1058 po·
1072 993 1121 1047 131

82 1071 206 1121 testatem
221 1066 359 1122 adversus
373 1065 480 1120 alienos
497 1065 550 1121 sibi
563 1062 673 1139 [fuisse.
696 1063 750 1140 sui]
767 1067 900 1122 defuisse.

144 1148 196 1216 Qui
212 1150 301 1204 nescit
318 1155 425 1217 tacere,
444 1149 533 1203 nescit
548 1155 575 1204 et
588 1149 673 1220 loqui.
1072 1159 1123 1212 132

141 1234 260 1289 Facilius
283 1238 324 1288 est
338 1232 456 1305 pauperi
474 1239 661 1306 contemptum
682 1233 809 1306 effugere
826 1249 909 1304 quam
927 1233 1005 1289 diviti
1020 1236 1121 1302 111133

80 1317 195 1375 vidiam.

142 1400 237 1456 Bonus
253 1401 349 1456 fruitur
364 1404 438 1457 bona
456 1401 635 1457 conscicntia.
1071 1409 1122 1462 134

142 1481 200 1559 [In]
217 1485 296 1540 malis
310 1485 468 1540 hominibus
483 1485 646 1540 tutissimum
662 1489 704 1539 est
718 1484 771 1539 cito
787 1487 896 1556 lugere.
1069 1491 1120 1546 135

141 1568 222 1623 Nulla
236 1569 338 1641 pusilla
353 1569 469 1638 domus,
489 1584 562 1639 quae
577 1569 677 1624 multos
694 1569 799 1624 amieos
814 1569 898 1641 capit.
1069 1574 1119 1630 136

142 1650 221 1709 Scire
235 1653 274 1707 uli
288 1658 453 1724 paupertate
468 1653 589 1709 maxima
605 1653 732 1708 felicitas.
1071 1658 1120 1716 137

141 1738 224 1793 Acuit
240 1737 353 1792 intentio
371 1733 495 1811 [nimiu]‚
516 1737 618 1808 frangit
633 1737 756 1792 animum
771 1735 909 1793 remissio.
1069 1742 1119 1796 138

141 1821 299 1892 Numquam
316 1822 409 1877 scelus
424 1822 532 1878 scelere
547 1820 717 1877 vincendum
735 1826 786 1876 est.
823 1893 824 1896 Ἴ
1068 1825 1120 1881 139

142 1904 236 1961 Bonus
253 1907 296 1962 vir
313 1911 368 1976 est,
392 1906 438 1976 qui
455 1922 489 1961 eo
504 1905 635 1978 perduxit
650 1901 784 1980 [adiectu]
800 1904 937 1973 animum,
962 1908 989 1958 ut
1004 1917 1061 1957 non
1069 1910 1120 1965 140

80 1994 184 2045 tantum
199 2005 319 2061 peccare
336 2006 393 2045 non
407 1990 488 2055 velit,
511 1989 660 2045 sedetiam
676 2005 732 2044 non
746 1990 845 2060 possit.

140 2072 331 2143 Regnantibus
352 2073 433 2144 peius
454 2074 539 2127 multo
560 2073 713 2143 periculum
738 2087 821 2142 quam
842 2071 907 2141 his,·
924 2072 970 2141 qui
987 2069 1115 2130 iudi-141
1181 2054 1184 2060 ⁵

80 2161 190 2210 cantura
212 2155 240 2210 hi
256 2156 329 2210 enim
344 2153 470 2227 singulos
484 2156 595 2224 timent,
618 2155 656 2210 illi
673 2156 832 2212 universos.

139 2238 281 2308 Numquid
295 2238 372 2292 sortis
384 2240 483 2293 sortem
495 2254 526 2292 se
539 2238 716 2309 gloriabitur,
732 2254 816 2308 quem
827 2238 954 2309 eorporis
969 2236 1119 2308 aegri-142

80 2321 145 2377 tudo
167 2321 250 2377 eflicit
269 2320 429 2377 infirmum?
449 2320 592 2390 Numquid
607 2321 687 2376 dives
702 2317 753 2395 [in]
768 2321 868 2392 opibus
885 2321 942 2375 suis
958 2319 1060 2391 gloria-

78 2407 165 2477 bitur,
183 2406 261 2462 cuius
272 2421 353 2478 spem
365 2407 408 2460 sur
420 2406 467 2462 vel
479 2410 615 2476 tyrannus
627 2405 758 2477 abrupit?
779 2404 921 2476 Numquid
932 2402 1060 2457 nobilitas

79 2491 254 2562 gloriabitur,
271 2488 371 2545 effecta
385 2501 594 2560 nonnumquam
608 2488 729 2560 indignis
744 2494 772 2544 et
786 2487 990 2544 miserabilibus
1001 2501 1061 2541 ser-

80 2576 182 2631 viens?
823 2608 828 2620 ·

140 2659 272 2715 Diabolus
286 2657 437 2729 aliquando
452 2674 484 2712 se
498 2656 668 2730 gloriabatur
680 2656 886 2713 interfectorem
900 2662 963 2713 tuae
975 2657 1119 2715 mise-143

79 2742 230 2813 ricordiae,
253 2759 327 2798 nunc
344 2741 544 2814 intergemiscit
558 2741 651 2797 socios
666 2745 731 2798 tuae
745 2739 932 2798 beatitudinis.

139 2825 286 2896 Fugienda
299 2833 363 2881 sunt
377 2826 505 2882 omnibus
521 2825 612 2880 modis
630 2831 656 2881 et
668 2825 860 2882 abscindenda
871 2825 929 2899 igni
941 2841 974 2881 ac
987 2826 1060 2880 terro
1069 2827 1119 2881 144

78 2915 192 2979 totoque
212 2908 328 2964 artificio
347 2909 507 2982 separanda
528 2912 647 2981 languor
667 2927 685 2965 a
706 2925 844 2983 corpore,
872 2910 1009 2982 imperitia
1024 2910 1059 2965 ab

79 2993 185 3062 animo,
200 2992 310 3048 luxuria
322 3009 339 3048 a
350 2997 461 3065 mente,
483 2993 622 3050 aeivitate
638 2992 755 3064 seditio,
775 3010 792 3049 a
810 2993 894 3048 domo
907 2991 1058 3061 discordia,

78 3094 95 3132 a
111 3077 216 3133 cunctis
232 3077 317 3132 rebus
332 3077 555 3148 intemperantia.

139 3161 212 3216 Dixit
233 3160 346 3231 quidam
366 3160 519 3215 amicorum
540 3158 634 3214 omnia
647 3175 712 3214 esse
727 3159 885 3214 communia
899 3163 926 3213 et
940 3157 1060 3214 amicum
1068 3160 1118 3214 145

78 3263 109 3300 sc
133 3246 225 3318 ipsum
247 3261 311 3300 esse
333 3245 460 3300 alterum.
487 3242 607 3297 duorum
628 3247 785 3313 temporum
811 3240 932 3297 maxime
952 3242 1058 3298 haben·

79 3329 143 3385 dam
159 3346 270 3399 euram,
294 3334 449 3395 eteorum,
474 3343 546 3397 quae
568 3325 656 3381 acturi
676 3340 788 3395 sumus,
811 3331 966 3394 eteorum,
987 3340 1059 3395 quae

79 3414 228 3484 gessimus.
248 3419 313 3486 post
325 3413 410 3469 deum
421 3411 568 3469 veritatem
583 3408 744 3469 colendam.
769 3424 841 3479 quae
853 3411 917 3480 sola
930 3409 1059 3465 homines

80 3496 132 3552 diis
146 3498 289 3569 proximos
307 3497 380 3553 iacit.

534 3585 719 3600 ““““··“
842 3588 901 3648 30*

1201 3522 1218 3573 ,1
