2468 3930
164 229 335 293 EPISTUL.
349 229 445 292 Mola.
458 230 534 291 LIB.
548 230 615 290 vll.
635 230 693 290 EP.
704 241 731 296 d.
743 240 770 295 7.
794 240 853 308 (oe.
864 238 922 305 69.)
972 231 1033 297 1⁵7

52 387 85 448 ln
109 383 196 448 exitu
215 383 326 458 discis,
349 383 451 444 autin
475 400 567 458 quam
585 400 648 444 rem
656 390 690 443 r‘
712 385 853 459 tubane,
877 393 911 445 ut
926 400 1035 444 exeam

52 467 172 532 melior.
207 468 275 528 Non
297 473 346 529 est
369 476 487 541 tamen,
511 468 595 542 quod
617 469 773 530 existimes
797 471 888 529 ullam
904 475 1035 528 aetatem

53 553 203 630 aptiorem
224 567 297 612 esse
317 551 358 612 ad
378 551 490 611 bonam
510 560 640 612 mentem
665 571 757 628 quam
779 569 911 629 quaese
931 552 1034 612 multis

54 635 289 712 experimentis,
313 636 406 711 longa
421 650 457 694 ac
473 636 624 710 frequenti
637 652 739 698 rerum
755 638 942 713 poenitentia
959 637 1033 696 edo-

54 721 143 793 muit,
167 735 247 795 quae
268 720 308 778 ad
329 719 474 778 salutaria
494 718 636 793 mitigatis
653 721 825 781 adfectibus
847 722 940 782 venit.
975 719 1035 780 boc

55 813 103 866 est
123 803 215 864 huius
239 803 313 862 boni
339 810 474 878 tempus:
497 803 638 878 quisquis
664 821 762 865 senex
787 805 827 865 ad
853 805 1035 881 sapientiam

55 885 210 964 pervenit,
230 888 319 948 annis
332 885 482 962 pervenit.
517 887 605 946 Vale.
839 905 841 911 ·

349 1021 567 1081 EPISTULA
586 1023 648 1080 VII.
671 1024 742 1094 (69.)

308 1116 419 1169 Saurea
436 1119 547 1170 Lucum
567 1131 619 1170 suo
639 1130 777 1169 susurru.

115 1219 238 1279 Mutare
259 1227 289 1280 te
308 1220 378 1280 loca
400 1227 430 1280 et
450 1221 571 1281 aliunde
593 1221 652 1281 alio
675 1219 845 1281 transsilire
860 1219 950 1278 nolo:
973 1219 1065 1295 pri-1

56 1319 153 1378 mum,
178 1303 251 1378 quia
275 1310 338 1364 tam
361 1304 507 1378 frequens
534 1303 672 1378 migratio
693 1303 844 1364 instabilis
866 1302 958 1363 animi
980 1310 1036 1362 est.

56 1388 244 1448 coalescere·
255 1386 317 1446 otio
337 1402 398 1447 non
419 1395 537 1463 polest,
559 1389 619 1448 nisi
640 1389 730 1448 desiit
752 1386 990 1462 circumspicere
1007 1395 1038 1448 et

56 1486 169 1531 errare.
190 1478 224 1531 ut
237 1472 369 1531 animum
385 1471 490 1546 possis
506 1473 677 1546 continere,
697 1473 827 1547 primum
839 1472 978 1546 corporis
994 1471 1037 1531 tui

57 1555 160 1630 lugam
181 1554 267 1615 siste.
300 1554 418 1615 Deinde
439 1556 602 1630 plurimum
619 1556 756 1616 remedia
773 1557 949 1617 continuata
965 1565 1066 1630 pro-2

56 1637 171 1699 ficiunt
194 1637 444 1715 interrumpendo
455 1657 516 1699 non
531 1646 579 1700 est
594 1640 682 1714 quies
697 1647 728 1699 et
741 1639 822 1700 vitae
835 1639 946 1715 prioris
960 1639 1036 1699 obli-

56 1723 117 1782 vio.
154 1720 223 1782 sine
240 1722 402 1782 dediscere
417 1725 525 1784 oculos
541 1730 621 1784 tuos.
658 1724 725 1784 sine
740 1740 832 1784 aures
848 1724 1039 1785 adsuescere

58 1804 233 1866 sanioribus
247 1805 361 1869 verbis.
390 1807 533 1882 quotiens
549 1809 758 1882 processeris,
779 1808 811 1867 in
827 1808 895 1882 ipso
910 1808 1039 1868 transitu

59 1889 178 1964 aliqua,
201 1905 282 1964 quae
301 1898 452 1951 renovent
474 1890 657 1966 cupiditates
679 1898 767 1965 tuas,
789 1892 844 1952 tibi
865 1899 1038 1952 occurrent.

58 1973 321 2047 Quemadmodum
337 1973 381 2048 ei,
397 1976 449 2049 qui
465 1990 600 2036 amorem
612 1991 727 2035 exuere
743 1983 879 2048 conatur,
896 1975 1068 2035 evitanda-⁹,

57 2064 107 2117 est
128 2057 228 2118 omnis
250 2058 417 2119 admonitio
439 2059 540 2119 dilecti
550 2059 707 2135 corporis.
731 2059 805 2118 nihil
820 2058 902 2120 enim
917 2059 1039 2119 facilius

59 2156 154 2216 quam
175 2156 262 2201 amor
275 2143 478 2202 recrudescit:
500 2142 542 2202 ito
563 2144 614 2217 qui
629 2144 787 2218 deponere
805 2145 868 2201 vult
885 2142 1040 2204 desideria

55 2239 161 2286 rerum
175 2225 324 2300 omnium,
344 2242 472 2301 quarum
488 2225 653 2301 cupiditate
669 2226 823 2300 flagravit,
843 2233 873 2286 et
887 2227 995 2286 oculos
1011 2232 1042 2285 et

57 2324 151 2370 aures
166 2309 264 2384 abiis,
281 2326 361 2384 quae
375 2310 505 2385 reliquit,
522 2317 647 2370 avertat.
672 2310 735 2368 Cito
750 2308 878 2369 rebellat
892 2310 1071 2368 adlectus.4

59 2407 259 2469 quocumque
280 2410 315 2454 se
329 2395 466 2468 verterit,
490 2393 622 2470 pretium
641 2392 769 2468 aliquod
784 2407 933 2466 praesens
949 2408 1041 2451 occu-

57 2475 195 2554 pationis
215 2493 292 2538 suae
310 2477 471 2553 adspiciet.
507 2478 622 2538 nullum
644 2477 712 2537 sine
727 2482 955 2536 auctoramento
978 2491 1041 2535 ma-

56 2562 122 2621 lum
137 2567 201 2621 este
222 2561 350 2638 avaritia
374 2562 537 2637 pecuniam
559 2561 718 2636 promittit,
741 2560 862 2620 luxuria
880 2562 991 2620 multos
1005 2574 1043 2618 ac

58 2645 164 2705 varias
179 2646 370 2720 voluptates,
392 2645 515 2706 ambitio
540 2662 709 2721 purpuram
730 2654 761 2706 et
786 2645 930 2720 plausum
951 2653 981 2706 et
1002 2659 1043 2702 ex

56 2727 121 2789 hoc
142 2730 309 2804 potentiam
330 2735 361 2788 et
382 2729 530 2805 quicquid
553 2727 688 2805 potentia
709 2737 820 2805 potest.
853 2729 998 2789 Mercede
1012 2735 1072 2794 teo

57 2813 135 2873 vitia
154 2812 333 2874 sollicitant=
354 2812 404 2873 hic
425 2813 479 2873 tibi
499 2815 593 2888 gratis
608 2813 774 2874 vivendum
789 2820 846 2874 est.
885 2813 938 2873 vix
960 2811 1044 2872 ellici
1131 2863 1135 2870 .

57 2903 124 2958 toto
149 2897 255 2957 seculo
281 2898 398 2972 potest,
422 2905 456 2958 ut
482 2898 554 2957 vitia
578 2906 639 2959 tam
663 2899 757 2974 longa
783 2898 902 2958 licentia
924 2897 1043 2958 tumida

60 2979 242 3056 subigantur
252 2988 282 3041 et
293 2981 397 3056 iugum
408 2982 574 3056 accipiant,
591 2982 717 3055 nedum,
733 2981 759 3042 si
774 2988 836 3041 tam
850 2982 945 3041 breve
958 2987 1043 3054 [tem-

60 3064 135 3142 pus]
150 3065 341 3127 intervallum
357 3064 548 3125 discidimus.
574 3066 842 3141 Unamquamlibet
856 3081 921 3124 rem
935 3065 988 3123 vix
1002 3063 1044 3123 ad

59 3148 231 3225 perlectum
246 3149 385 3225 perducit
399 3147 531 3209 adsidua
545 3149 647 3224 vigilia
661 3157 691 3210 et
705 3149 840 3209 intenlio.
865 3148 897 3207 Si
912 3163 960 3206 me
977 3146 1074 3221 qui-6

61 3231 133 3292 dem
149 3232 229 3293 velis
251 3231 374 3309 audire,
395 3233 456 3293 hoc
477 3233 638 3308 meditare,
656 3239 780 3304 [exerce
795 3233 851 3310 te],
866 3238 899 3291 ut
916 3237 1045 3290 mortem

61 3322 92 3376 et
104 3314 246 3392 excipias
261 3324 307 3389 et,
330 3317 358 3378 si
372 3317 478 3377 iteres
493 3317 649 3391 suadebit,
666 3331 820 3377 accersas.
858 3315 984 3374 interest
998 3313 1043 3373 ni·

60 3397 120 3474 bil,
134 3400 243 3461 illaad
257 3401 434 3462 uos.veniat
448 3417 487 3461 an
502 3402 543 3460 ad
558 3401 639 3460 illam
650 3416 718 3460 nos.
741 3399 818 3459 Illud
834 3397 1044 3473 inperitissimi

61 3482 217 3563 cuiusque
228 3482 485 3547 verborutalsum
499 3500 572 3546 esse
586 3485 641 3546 tibi
656 3484 726 3557 ipse
746 3483 917 3559 persuadet
942 3483 1044 3557 „bello
