2468 3930
248 234 418 296 EPISTUL.
432 235 527 296 MOR.
548 236 621 298 LlB.
632 235 710 299 XIX.
732 237 789 300 ΕΡ.
800 246 827 300 8.
842 242 930 313 (117.)
1020 236 1083 302 387

102 395 133 449 ut
147 388 199 449 illa
213 403 274 448 non
290 388 351 448 sint
363 390 458 463 mala,
475 389 511 464 si,
536 389 620 462 quod
635 389 782 464 sequitur,
801 391 982 452 detraxeris.
1028 390 1083 456 Sa-

99 469 215 548 pientia
229 471 351 533 ltabitus
363 473 517 548 perfectae
528 472 639 534 mentis
650 480 706 545 est,
717 489 829 550 sapere
840 490 916 537 usus
928 477 1085 550 perfectae

100 554 227 617 mentis:
250 557 407 632 quomodo
424 562 527 631 potest
540 573 616 618 usus
631 557 698 619 eius
710 559 988 632 bonumnonesse,
1005 575 1084 635 quac

101 641 170 702 sine
184 657 244 701 usu
258 641 373 702 bonum
386 657 446 701 nott
460 647 528 702 esti
570 641 728 716 Interrogo
744 650 788 717 te,
809 659 849 703 an
864 644 1016 717 sapientia
1031 659 1084 705 ex·
1093 652 1125 708 17

101 727 235 800 petenda
252 726 312 786 siti
332 725 447 786 lateris.
474 725 639 800 interrogo,
656 741 695 786 an
710 742 786 787 usus
804 727 974 802 sapientiae
989 742 1084 803 expe·

101 809 214 870 tendus
230 809 290 870 siti
309 807 424 870 lateris.
453 824 548 884 negas
569 808 649 870 enim
671 816 701 869 te
720 808 802 870 illam
820 816 1036 886 recepturum,
1058 811 1086 872 si

100 894 145 954 uti
171 909 208 953 ea
227 893 436 969 prohibearisr
465 893 551 968 quod
570 894 778 968 expetendum
803 900 864 967 est,
890 895 1004 957 bonum
1029 903 1085 958 est.

102 992 214 1053 sapere
230 978 401 1052 sapientiae
415 993 492 1038 usus
506 984 568 1052 est,
591 978 748 1052 quomodo
764 977 958 1052 eloquentiae
972 980 1085 1054 eloqui,

102 1061 260 1138 quomodo
282 1062 440 1122 octdcrum
460 1059 581 1122 videre·
603 1077 677 1136 crgo
698 1077 810 1136 sapere
824 1061 994 1136 sapientiae
1007 1079 1085 1126 usus

101 1154 159 1210 εει.
185 1161 262 1206 usus
285 1153 386 1207 autern
406 1143 576 1219 sapientiae
590 1146 782 1221 expetendus
799 1154 861 1207 esta
884 1161 996 1222 sapere
1010 1161 1084 1222 ergo

103 1230 310 1306 expetendum
325 1237 382 1290 est
405 1246 432 1288 ει
423 1229 655 1327 expetendum
670 1237 725 1304 est,
705 1229 854 1291 tbonum
869 1237 926 1291 est

167 1313 267 1374 Olim
258 1330 328 1388 rpse
342 1330 391 1376 me
405 1314 534 1386 damno,
550 1313 601 1388 qui
615 1313 684 1375 illos
700 1312 808 1388 imitor,
827 1315 898 1375 dum
914 1321 1127 1389 accusastis

104 1387 198 1459 ve'rba
211 1405 336 1494 apertae
350 1397 395 1460 rei
410 1397 554 1473 inpendo.
581 1395 631 1458 cui
650 1397 729 1459 enim
745 1361 870 1459 dub’iurn
885 1405 1084 1472 potestesse,

103 1482 187 1558 quin,
202 1481 229 1541 si
244 1489 349 1542 aestus
365 1482 476 1541 malum
488 1489 544 1553 est,
560 1489 590 1541 ει
605 1489 747 1542 aestuare
759 1484 870 1543 malum
884 1483 944 1544 siti
959 1498 986 1541 ει
978 1482 1085 1556 algor

102 1569 215 1627 malum
229 1573 286 1641 est,
302 1567 412 1625 malum
428 1565 468 1627 sit
481 1567 606 1639 algares
628 1566 653 1626 si
670 1566 731 1626 vita
744 1566 858 1627 bonum
868 1574 924 1639 est,
939 1573 969 1629 et
981 1563 1085 1629 vivere

101 1652 217 1712 bonum
232 1651 281 1715 sit.
304 1650 405 1710 omnia
420 1650 480 1710 ista
494 1650 576 1710 eirca
593 1650 784 1726 sapientiam,
800 1665 861 1711 non
873 1650 903 1711 in
915 1650 985 1725 ipsa
997 1657 1084 1714 sunt=

103 1743 134 1796 at
148 1735 237 1796 nobis
252 1733 284 1799 in
297 1732 367 1809 ipsa
379 1735 627 1795 commorandum
643 1742 699 1796 est.
720 1734 859 1796 Etiamsi
872 1734 946 1809 quid
962 1734 1086 1808 evagari
1094 1748 1126 1803 19

102 1820 190 1891 libet,
213 1819 334 1894 amplos
355 1817 447 1878 habet
467 1818 520 1878 illa
534 1819 754 1895 spatiososque
768 1834 930 1881 secessus:
953 1818 992 1881 de
1010 1819 1083 1882 deo-

102 1921 170 1963 rum
184 1911 292 1970 natura
308 1918 506 1978 quaeramus,
524 1902 715 1965 desiderum
731 1904 890 1977 alimento,
906 1903 944 1964 de
958 1901 1007 1963 his
1025 1908 1086 1963 tam

102 1987 196 2048 variis
213 1989 366 2048 stellarum
382 1987 589 2049 discursibusr
613 2004 652 2047 an
674 1988 714 2048 ad
728 1988 847 2047 illarum
862 1994 964 2049 motus
979 1993 1085 2049 nostra

103 2081 292 2144 moveantur,
309 2089 347 2132 an
364 2071 546 2145 corporibus
565 2073 700 2132 omnium
716 2071 887 2146 animisque
902 2069 984 2132 illinc
998 2071 1084 2146 inpe-

104 2163 152 2216 tus
168 2156 285 2232 veniat,
306 2172 344 2216 an
366 2162 396 2215 et
409 2155 501 2227 haec,
524 2171 603 2229 quac
617 2154 741 2216 fortuita
756 2156 904 2228 dicuntur,
919 2162 1003 2217 certa
1016 2156 1085 2229 lege

105 2241 270 2301 consulate
285 2240 346 2300 sint
358 2239 494 2312 nihilque
511 2240 541 2298 in
556 2239 617 2299 hoc
632 2239 745 2300 mundo
760 2238 951 2313 repentinum
967 2245 1019 2299 aut
1033 2254 1085 2298 ex-

103 2341 177 2400 pers
199 2325 315 2386 ordinis
336 2324 504 2384 voluteturr
525 2323 585 2383 ista
604 2322 663 2383 iam
678 2340 696 2383 a
711 2321 892 2382 lormatlone
906 2338 1024 2383 morum
1038 2337 1085 2382 re·

104 2416 272 2482 cesserunt,
289 2410 346 2470 sed
360 2411 464 2468 levant
477 2405 611 2468 animum
626 2416 656 2468 et
667 2407 861 2481 adipsarum,
879 2422 956 2481 quas
967 2411 1085 2477 tractat,

103 2509 205 2559 rerum
230 2493 468 2568 magnitudinem
496 2491 659 2553 adtolluntr
691 2491 769 2551 haec
791 2506 882 2564 vero,
910 2488 1086 2564 dequibus

103 2580 196 2653 paulo
213 2586 283 2639 ante
296 2578 445 2651 dicebam,
462 2574 601 2637 minuunt
615 2583 646 2637 et
657 2573 830 2650 deprimunt
841 2590 907 2649 nec,
919 2579 952 2634 ut
962 2573 1085 2649 putatis,

104 2670 267 2735 exacuunt,
282 2663 339 2722 sed
354 2667 528 2723 extenuant.
569 2660 705 2722 Obsecro
722 2674 789 2734 vos,
806 2666 866 2720 tam
880 2657 1131 2721 necessariamto

104 2761 208 2808 curam
225 2747 392 2808 maioribus
409 2745 649 2820 melioribusque
672 2744 804 2805 debitam
825 2744 856 2803 in
876 2758 911 2804 re
926 2740 1033 2804 nescio
1048 2758 1088 2804 an

103 2830 191 2901 falsa,
205 2836 286 2888 certe
297 2830 393 2890 inutili
402 2830 550 2891 terimust
563 2829 639 2906 quid
649 2828 722 2889 mihi
733 2830 925 2904 profuturum
937 2835 986 2888 est
997 2825 1087 2900 seire,

104 2929 144 2971 an
155 2911 238 2974 aliud
249 2913 289 2972 sit
302 2914 460 2989 sapientia,
475 2915 557 2975 aliud
569 2920 702 2990 saperet
725 2914 799 2988 quid
811 2913 882 2973 mihi
894 2913 1088 2988 profuturum
1122 2974 1126 2979 ,

104 3002 153 3056 εει
174 2994 254 3054 scire
275 2996 349 3055 illud
369 2996 484 3056 bonum
506 3013 578 3060 esse
600 3000 667 3072 [lroo
681 3014 740 3058 non
759 3004 856 3069 ecreto
898 2997 1024 3056 Temere
1038 3008 1088 3053 me

104 3096 224 3156 geram,
248 3078 357 3140 subibo
373 3080 464 3146 huius
479 3083 542 3142 voti
557 3083 668 3141 aleam:
687 3080 742 3141 tibi
762 3079 928 3156 sapientia,
950 3077 1023 3138 milti
1038 3092 1085 3137 sa-

104 3180 179 3241 pere
201 3162 371 3239 contingatz
399 3179 492 3238 pares
514 3164 639 3226 erimus.
688 3163 793 3224 Potius
814 3163 846 3223 id
867 3178 941 3237 age,
962 3168 996 3222 ut
1016 3159 1088 3221 mihi
1096 3162 1130 3217 21

104 3250 185 3310 viam
200 3255 372 3322 monstres,
393 3247 510 3322 quoad
526 3247 586 3309 ista
599 3247 786 3324 perveniam.
815 3246 880 3322 die,
903 3245 978 3321 quid
993 3244 1089 3306 vitare

105 3334 249 3408 debeam,
266 3333 341 3410 quid
355 3334 512 3409 adpetere.
535 3331 648 3407 quibus
664 3331 796 3392 animum
811 3331 964 3393 labantem
979 3327 1088 3393 studiis

104 3419 233 3482 firmem.
263 3417 537 3494 quemadmodum,
562 3432 642 3491 quae
663 3431 712 3477 me
727 3431 766 3475 ex
781 3423 960 3476 transverso
976 3411 1090 3474 feriunt

105 3509 277 3581 aguntque,
299 3503 409 3580 procul
429 3518 447 3562 a
467 3517 515 3562 me
528 3502 686 3578 repellam.
713 3501 870 3577 quomodo
886 3516 943 3622 par
958 3515 1029 3561 esse
1044 3503 1091 3560 tot
