2468 3930
134 217 196 283 ιιι
209 216 398 278 emuntur
411 213 992 290 sunucneur.non.nvtnr.n.(
1028 221 1050 289 ·)

133 372 217 432 nolit.
239 386 300 430 non
322 367 376 444 qui
397 367 504 429 iussus
531 366 646 442 aliquid
665 365 751 440 lacit,
773 366 866 427 miser
889 375 951 441 est,
979 366 1038 429 sod
1058 368 1110 443 qui

133 455 247 515 invitus
259 451 339 513 lecit.
362 453 466 526 itaque
480 452 525 511 sic
536 451 671 511 animum
684 457 951 525 eunomiumne
963 450 1109 527 quiequid

133 554 185 599 res
211 537 327 612 exiget,
349 536 381 595 id
402 536 548 595 velimusr
570 534 649 594 etin
670 534 777 609 primis
801 533 893 594 finem
918 534 1016 596 nostri
1041 534 1110 596 sine

103 633 119 683 r
133 621 252 684 tristitia
266 620 445 695 cogitemus.
466 620 546 678 Ante
559 618 599 677 ad
614 625 741 679 mortem
756 633 850 694 quarn
863 617 1007 678 advitam
1020 634 1109 694 prae·

133 705 263 781 parandi
288 720 404 765 sumus.
438 704 515 763 satis
534 702 682 763 instructo
701 701 765 762 vite
785 710 848 774 ast,
867 701 925 762 sed
938 717 998 762 nos
1018 703 1049 763 in
1064 701 1109 764 in·

135 795 302 850 strumenta
323 787 389 847 eius
410 786 492 847 avidi
512 801 634 846 sumum
656 786 770 846 deesse
789 783 904 860 aliquid
918 784 1010 847 nobis
1023 785 1108 848 vide

133 880 182 934 tur
195 879 226 932 et
239 886 361 946 semper
377 870 536 930 videbitur.
557 876 591 930 ut
604 869 680 930 satis
695 869 879 943 vixerimus,
892 884 959 930 nec
966 866 1039 930 enni
1052 886 1109 930 nec

134 954 202 1016 dies
216 956 347 1028 iaciunt,
364 954 422 1015 sed
442 955 571 1014 animus.
605 953 689 1026 Vix-i,
702 952 800 1014 Lucili
814 953 991 1029 carissimo,
1013 963 1107 1030 quan-

134 1047 198 1100 tum
213 1038 287 1100 satis
302 1045 382 1098 erat:
403 1045 531 1098 mortem
547 1038 658 1112 plenus
673 1044 834 1113 exspecto.
857 1036 945 1097 Vale.

430 1198 643 1256 EPISTULA
662 1199 698 1254 Xe
723 1199 795 1270 (δι.)

385 1295 496 1346 Saurea
512 1295 623 1346 Lucumo
642 1307 694 1347 suo
713 1306 852 1347 saturam.

104 1427 119 1480 l
195 1412 450 1486 Mentiuntur,
474 1410 539 1488 qui
561 1412 635 1473 sibi
659 1414 817 1476 obstare
841 1414 887 1474 ed
910 1406 1040 1474 studia
1063 1412 1108 1474 li·

134 1494 287 1559 beralia
327 1496 471 1557 turbam
504 1498 752 1572 negotiorum
791 1491 918 1558 videri
954 1497 1109 1559 tolutim

135 1576 277 1641 simulant
304 1580 523 1654 occupationes
552 1589 583 1642 et
608 1587 720 1657 augent
744 1587 774 1642 et
798 1574 859 1657 ipsi
888 1597 922 1642 se
947 1588 1108 1658 occupant

133 1664 237 1736 Vaco,
258 1662 370 1738 Lucili,
393 1678 471 1723 vaco
493 1671 523 1724 et
541 1664 727 1741 ubicumque
752 1682 835 1740 sum,
856 1664 898 1725 ibi
918 1673 1006 1726 meus
1031 1681 1109 1726 sum.

135 1746 229 1808 rebus
245 1747 324 1806 enim
342 1763 467 1807 menon
483 1748 587 1822 trado,
603 1749 660 1808 sed
675 1749 853 1821 commodo,
874 1754 932 1808 nec
947 1752 1112 1812 consector

135 1829 286 1907 perdendi
306 1828 454 1906 temporis
469 1842 590 1892 causas.
626 1838 657 1892 et
677 1842 872 1908 quocumque
889 1832 1011 1893 constiti
1030 1835 1111 1909 loco,

135 1915 177 1975 ibi
192 1913 393 1989 cogitationes
413 1930 498 1975 meas
518 1922 615 1976 tracto
632 1922 662 1976 et
676 1915 792 1992 aliquid
806 1916 837 1977 ln
858 1916 959 1977 animo
976 1917 1110 1978 salutare

107 2013 299 2069 econverso.
338 1999 411 2058 Cum
426 2013 475 2058 me
489 1999 595 2059 amicis
612 1999 698 2075 dedi,
711 2007 885 2062 nontamen
900 1998 972 2059 mihi
988 1999 1109 2062 abduco

136 2097 193 2141 nec
209 2097 277 2142 cum
292 2080 351 2141 illle
366 2099 485 2156 moror,
509 2083 621 2159 quibus
635 2100 685 2143 me
701 2091 823 2160 tempus
841 2083 967 2161 aliquod
982 2098 1110 2160 congre·

135 2163 219 2240 gavit
244 2172 296 2226 aut
323 2181 416 2228 causa
442 2183 482 2226 ex
507 2167 610 2228 cilicio
637 2176 708 2229 nata
733 2169 821 2244 civis,
837 2168 894 2228 sed
909 2183 978 2228 cum
993 2169 1110 2244 optimo

136 2264 262 2324 quoque
276 2265 358 2313 sum:
381 2250 526 2323 editius,
549 2252 578 2310 in
595 2267 790 2328 quocumque
803 2253 888 2326 loco,
910 2249 941 2310 in
964 2256 1111 2326 quocum·

107 2348 196 2409 aque
216 2334 322 2394 seculo
343 2334 479 2410 luerunt,
509 2335 640 2396 animum
661 2351 761 2398 meum
783 2336 876 2396 mitto.
911 2326 1111 2412 Demetrium,

134 2416 268 2478 virorum
284 2418 446 2494 optimum,
461 2434 580 2480 mecum
596 2419 778 2481 circumfero
800 2428 830 2482 et
843 2419 957 2481 relictis
972 2410 1110 2499 conchy-

134 2499 213 2563 liatis
235 2517 303 2562 cum
323 2503 374 2562 illo
395 2500 556 2564 seminudo
578 2498 705 2580 loquor,
726 2502 809 2565 illum
824 2503 966 2564 admiror.
1004 2500 1112 2587 quidni

134 2583 288 2644 admirer?
309 2585 372 2646 vidi
386 2586 460 2646 nihil
476 2587 504 2647 ei
519 2587 640 2647 deesse.
669 2587 870 2650 Contemnere
884 2584 995 2664 aliquis
1008 2588 1112 2649 omnia

134 2673 251 2740 potest,
275 2669 377 2728 omnia
395 2669 509 2729 habere
521 2686 610 2732 nemo
628 2679 739 2748 potest.
775 2670 959 2751 brevissime
976 2660 1020 2732 ad
1033 2664 1110 2732 divi-

133 2745 192 2808 tias
207 2764 263 2823 per
278 2757 484 2827 contemptum
499 2755 670 2817 divitiarum
685 2757 735 2817 via
745 2763 802 2817 est.
823 2754 993 2817 Demetrius
1008 2760 1111 2818 autem

134 2838 239 2892 noster
253 2830 299 2894 sic
312 2835 402 2909 vivit,
423 2853 484 2898 nou
506 2845 660 2916 tamquam
682 2840 901 2916 contempserit
915 2837 1031 2916 omnia,
1053 2837 1111 2901 se‘tl

133 2921 287 2992 tamquam
302 2918 369 2980 aliis
383 2916 526 2983 habenda
541 2923 723 3000 permiserit.
759 2924 846 2985 Vale.
994 2929 997 2934 “

515 3224 723 3243 n—ss-——u-ae—
