2468 3930
216 230 387 292 EPISTUL.
401 232 497 294 Mon.
511 233 586 292 LIB.
601 234 666 295 llll.
688 234 745 295 ΕΡ.
758 244 783 296 1.
796 245 823 297 2.
850 241 907 311 (88.
918 239 976 307 84.)
1024 234 1087 304 223

104 400 216 461 rurque
237 383 353 449 sanitas
372 385 491 446 mentis.
513 387 764 460 quemadmodum
782 384 817 425 **
825 388 1029 462 difficilesque
1042 388 1086 447 ia—

104 469 189 530 ciunt
211 469 322 535 oeulos
340 467 448 534 diutini
468 468 566 532 morbi
586 469 677 531 etiarn
696 471 737 532 ad
750 471 905 532 minimam
917 470 996 532 redii
1010 469 1086 531 solis

105 553 323 625 offensionem,
358 552 401 611 ita
427 552 592 613 ebrietates
617 555 780 616 continuae
804 553 934 618 efferant
958 555 1087 616 animos.

103 654 175 699 uanr
187 652 256 697 oum
273 651 368 711 saepe
390 636 475 710 apud
489 653 524 697 se
538 653 601 697 non
616 636 691 712 sint,
713 640 935 704 consuetudine
950 639 1087 701 insaniae

103 719 213 786 durata
226 720 300 781 vitia
318 719 422 780 ovino
441 727 592 795 conrepta
612 721 702 783 etiarn
722 722 789 790 sine
809 723 860 784 illo
875 725 988 790 valent·
1018 723 1126 787 Dioni

104 821 207 881 ergo,
234 819 353 880 quare
374 804 534 878 sapiens
555 821 626 866 non
655 805 796 866 debeat
822 807 959 874 ebrius
986 806 1085 868 lieri.

103 888 393 951 deformitatem
418 888 475 947 rei
505 895 541 949 et
566 889 897 963 inportunitatem¹
920 890 1086 952 ostende

102 972 321 1047 rebusnon
336 969 480 1031 verbis
505 973 591 1046 quod
612 970 787 1033 facillimum
803 981 865 1048 est,
886 975 985 1048 proba
999 976 1085 1049 istas,

104 1073 186 1132 quae
208 1055 381 1131 voluptates
400 1061 564 1129 vocantur,
595 1056 646 1116 ubi
672 1056 934 1118 transscenderint
952 1058 1085 1133 modum,

103 1155 230 1216 poenm.
249 1154 331 1201 esse.
366 1138 442 1202 Nam
466 1138 492 1199 si
517 1138 593 1199 illud
613 1140 890 1215 argumentaberis,
916 1140 1086 1216 sapientem

102 1225 198 1287 mullo
219 1224 290 1284 vino
310 1221 452 1286 inebriari
469 1230 500 1287 et
517 1223 647 1284 retinere
663 1230 780 1284 rectum
794 1230 946 1299 tenorem,
967 1222 1086 1291 etiamsi

103 1309 287 1372 temulentus
302 1306 354 1369 sit=
380 1305 450 1367 lieet
469 1306 595 1381 colligas
611 1323 667 1368 neo
683 1322 802 1370 veneno
820 1314 896 1382 poto
909 1309 1085 1373 moriturum

102 1407 161 1455 neo
187 1407 304 1466 sopore
331 1397 453 1464 sumpto
484 1390 683 1455 dormiturum
705 1406 762 1452 nee
787 1392 922 1453 elleboro
947 1398 1087 1467 accepto,

104 1475 252 1552 quiequid
263 1473 296 1535 in
307 1473 476 1535 visceribus
487 1472 632 1547 haerebit,
646 1474 813 1536 alestanum
823 1476 1084 1551 deiecturumque.

103 1560 161 1621 sed
169 1560 209 1621 si
218 1564 401 1634 tenrptantur
421 1558 534 1634 pedes,
561 1558 664 1632 lingua
685 1575 747 1618 non
767 1567 902 1623 constat:
932 1559 1094 1636 quidest„

104 1659 200 1719 quare
221 1643 305 1705 illurn
326 1641 482 1705 existimes
502 1643 533 1703 in
557 1650 645 1716 parte
671 1642 809 1706 sobrium
834 1661 920 1719 esse,
946 1646 977 1704 in
998 1651 1085 1720 parto

103 1725 247 1789 ebriuml
261 1727 350 1786 Vale.

411 1860 628 1919 EPISTULA
648 1865 683 1920 ll.
705 1865 777 1936 (84.)
880 1876 882 1883 ’

356 1954 467 2010 Seneca
484 1957 595 2010 Luorno
615 1970 666 2010 suo
686 1971 825 2016 saturnu.

165 2057 313 2120 Itinere
327 2058 418 2132 ista,
437 2075 533 2134 quae
549 2061 753 2135 segnitiem
768 2060 1111 2135 mihiexoutiunt,1

104 2150 139 2209 et
154 2141 365 2204 valitudini
388 2158 493 2203 meae
514 2144 709 2218 prodesse
729 2144 863 2206 iudico
878 2145 1082 2206 etstudiis.

104 2225 203 2300 Quare
220 2227 416 2287 valitudinem
438 2227 597 2299 adiuvent,
623 2228 726 2287 videsz
750 2244 819 2288 oum
842 2227 967 2302 pigrum,
984 2245 1032 2290 me
1053 2238 1084 2289 et

103 2312 314 2386 neglegentem
330 2311 470 2384 eorporis
485 2309 641 2373 literarum
656 2327 741 2371 amor
756 2311 855 2383 iaciat,
871 2311 971 2371 alienu
987 2328 1083 2385 opera

103 2409 265 2460 exerceor:
288 2393 397 2459 studiis
418 2410 513 2469 quare
536 2395 670 2468 prosint,
690 2394 848 2455 indicabo:
870 2394 1082 2455 electioni-

102 2476 434 2545 busnonreeessi.
458 2485 700 2551 suntautem,
721 2485 754 2538 ut
773 2477 929 2548 existimo,
950 2493 1081 2543 neeesn

101 2562 245 2636 seriae,
267 2560 397 2636 primun
417 2577 456 2621 ne
476 2562 534 2622 sim
555 2578 604 2622 me
631 2579 693 2624 uno
714 2568 885 2624 contentus.
907 2559 1018 2625 deinde
1038 2567 1081 2636 ut,

101 2659 168 2707 omn
182 2645 224 2711 ab
237 2645 460 2720 aliisquaesita
478 2661 671 2723 cognovero,
698 2653 760 2708 tum
781 2653 811 2706 et
831 2647 871 2709 de
890 2645 1022 2711 inventis
1036 2645 1082 2706 iu·

102 2727 202 2790 dioem
217 2735 248 2788 et
260 2729 392 2803 rogitem
407 2730 446 2790 de
467 2727 670 2792 inveniendis.
693 2731 745 2793 alit
763 2730 853 2791 lectio
874 2729 1029 2805 ingenium
1051 2735 1083 2789 et

100 2811 202 2873 studio
220 2812 386 2887 fatigatum,
403 2828 464 2873 non
480 2811 547 2874 sine
562 2814 663 2875 studio
678 2822 789 2890 tamen,
803 2814 910 2876 reficit.
932 2815 994 2875 Neo
1005 2812 1108 2875 seri-2

98 2894 172 2956 bere
188 2902 305 2961 tantum
320 2902 507 2961 nectentem
527 2899 631 2972 legare
648 2899 811 2961 debemus=
833 2899 993 2958 alienares
1008 2914 1080 2959 eon-

98 2979 243 3054 tristabit,
265 2979 348 3041 vires
361 2980 518 3043 exhauriet
530 2982 585 3056 (de¹
599 2979 669 3051 stilo
693 2981 791 3058 dieo),
815 2984 911 3042 altera
931 2983 1030 3042 solvet
1043 2996 1081 3040 ao

99 3063 202 3131 diluet.
222 3063 358 3133 invicem
372 3064 432 3137 huo
453 3071 482 3124 et
506 3064 557 3126 illo
580 3067 813 3135 commeandum
834 3071 881 3125 est
905 3072 936 3126 et
954 3066 1081 3129 alterum

98 3148 192 3215 abero
207 3148 455 3223 temperandum,
476 3155 509 3210 ut
530 3149 677 3225 quiequid
697 3151 828 3213 leotione
842 3147 1079 3219 oolleetumest,

99 3231 186 3299 adius
206 3231 376 3306 redigetin
399 3247 522 3308 eorpus.
558 3234 678 3308 Apes,
708 3241 740 3293 ut
766 3231 864 3304 aiunt,
894 3230 1108 3295 debernusa

98 3314 513 3391 imitari„quoa·vogantur
527 3323 558 3377 et
577 3315 807 3384 noresadnel
826 3311 1079 3381 faciendumne.-

98 3413 174 3462 neos
187 3399 453 3476 cannamomum
468 3399 614 3476 quioquid
629 3398 775 3473 adlidere,
791 3397 957 3473 disponunt
970 3412 1012 3464 an
1022 3411 1079 3473 per

98 3483 186 3554 leuas
202 3482 349 3559 d'mellum
359 3491 399 3558 et,
413 3490 447 3545 ut
456 3482 612 3559 Vergilius
627 3490 733 3551 noster
746 3482 809 3559 alt„
