2468 3930
236 244 407 307 EPISTUL.
422 242 517 305 molt.
538 244 610 303 LIB.
626 244 733 305 XVIII.
754 244 812 303 ΕΡ.
827 253 851 306 1.
866 249 954 320 (los.)
1021 244 1084 308 343

101 398 237 459 omnium
253 403 314 468 est,
334 412 430 470 supra
444 395 546 456 omnia
561 401 622 457 est:
645 396 749 471 itaque
763 396 835 456 nulli
850 413 885 457 se
899 397 943 456 rei
958 397 1083 459 submit-

233 564 391 624 Terribtles
403 566 468 623 orsu
478 563 599 635 smmae
612 566 759 637 eramque
772 566 929 640 labosque:
968 620 973 629 .

103 647 226 710 mtmine
242 647 379 723 quidem,
401 646 428 706 si
446 644 515 719 quis
529 644 621 706 rectis
639 647 738 706 oculis
753 647 861 708 intueri
874 649 925 708 illa
939 650 1040 724 possit
1055 660 1084 712 et

106 733 247 793 tenebras
259 745 468 806 perrumpere.
480 731 573 791 multa
583 745 639 805 per
651 737 772 791 noctem
782 730 886 791 habita
896 731 1005 794 terrori
1017 734 1083 795 dies

102 817 192 877 vertit
207 815 247 875 od
260 813 367 874 risum.

232 899 390 958 Terribiles
405 899 487 957 visu
498 896 617 970 formae
630 900 775 971 letumque
788 899 936 973 labosque,

103 983 226 1060 egregie
242 981 396 1056 Vergilius
414 987 534 1041 noster:
554 997 616 1040 non
631 996 671 1040 re
687 979 763 1040 dixit
783 981 985 1043 terribiles
1001 1000 1082 1061 esse,

103 1066 160 1128 sed
173 1065 279 1138 visu,
293 1065 324 1125 id
340 1071 388 1125 est
401 1063 507 1138 videri,
523 1081 585 1124 non
601 1079 682 1124 esse.
721 1063 809 1138 Quid,
823 1065 957 1140 inquam,
972 1067 1002 1126 in
1017 1068 1127 1130 istIstu

103 1157 151 1213 est
170 1157 232 1211 tam
252 1147 443 1208 formidabile
461 1164 553 1220 quam
575 1151 656 1208 lama
677 1149 832 1223 volgavit?
854 1149 1006 1224 quidest,
1030 1152 1084 1211 ob-

104 1249 193 1296 secro
208 1241 253 1306 te,
272 1231 382 1304 Lucili,
404 1247 458 1292 cur
471 1232 574 1292 timeat
589 1230 724 1297 laborem
739 1230 800 1307 vir,
823 1239 952 1292 mortem
970 1233 1085 1294 hornut

102 1319 215 1379 totlens
237 1315 308 1376 mibi
330 1323 495 1376 occurrunt
515 1316 580 1389 isti,
607 1316 659 1389 qui
680 1332 742 1376 rron
764 1324 871 1391 putant
890 1316 957 1376 fieri
978 1333 1084 1393 posse,

103 1400 251 1478 quicquid
268 1401 369 1460 lacere
389 1414 452 1459 non
472 1406 606 1474 possunt
625 1406 655 1461 et
675 1399 760 1461 aiunt
779 1416 837 1461 nos
862 1399 949 1476 loqui
968 1402 1084 1463 maiora

103 1501 196 1562 quam
216 1500 297 1559 quae
314 1483 446 1544 humana
466 1491 575 1544 natura
594 1483 760 1545 sustineam
783 1492 814 1546 at
835 1492 949 1558 quanto
971 1500 1030 1560 ago
1045 1486 1126 1547 deae

102 1569 162 1631 iltis
184 1568 294 1629 melius
315 1567 477 1628 existimor
504 1565 566 1642 ipsi
587 1584 712 1643 quoque
731 1568 809 1628 haee
823 1576 957 1644 possunt
972 1570 1083 1645 iacere,

102 1653 159 1714 sed
174 1654 291 1713 nolunt
333 1650 474 1726 Denique
492 1668 582 1727 quem
597 1668 742 1727 umquam
757 1653 816 1713 ista
831 1653 996 1715 destituere
1010 1661 1084 1714 tem·

102 1743 258 1813 ptantemr
279 1737 328 1796 cui
342 1751 404 1795 non
417 1734 735 1812 iacilioraadparuere
751 1738 781 1796 in
793 1744 884 1798 aotu‘l
902 1737 1085 1813 Nonquia

102 1818 291 1881 diflicilia
311 1827 416 1892 sunt,
432 1835 506 1880 non
529 1821 731 1894 audemus,
747 1821 813 1881 sed
830 1822 1009 1898 quianon
1025 1839 1084 1883 au-

103 1905 250 1977 demus,
271 1903 462 1963 dillieilia
480 1913 580 1965 sunt.
624 1904 656 1966 Si
671 1912 771 1965 tamen
793 1909 1010 1981 exemplum
1025 1907 1125 1967 de-al

103 1987 261 2061 sideratio,
287 1985 459 2062 accipite
485 1987 687 2062 Socraten,
715 1987 941 2064 perpessicium
967 2006 1082 2064 senem,

103 2088 158 2148 per
174 2069 277 2132 omnio
290 2086 403 2146 aspera
416 2069 570 2145 iactatum,
584 2073 728 2132 invictum
741 2080 842 2132 tamen
855 2079 885 2132 et
896 2081 1083 2150 paupertate,

102 2172 195 2231 quam
211 2155 382 2231 graviorem
397 2153 439 2214 illi
454 2155 622 2216 domestica
637 2170 732 2216 onera
749 2156 911 2228 faciebant,
930 2165 959 2218 et
972 2156 1083 2217 labori-

101 2240 177 2311 bus,
201 2247 295 2314 (quos
310 2237 455 2298 militares
471 2255 598 2314 quoque
613 2239 758 2313 pertulit)
779 2239 891 2313 quibus
907 2238 959 2300 ille
974 2240 1083 2314 (domi)

103 2323 257 2384 exercitus
272 2328 345 2398 [est]
359 2324 440 2397 (sive
452 2338 580 2383 uxorem
591 2323 657 2382 eius
674 2327 807 2398 [spectes]
823 2321 960 2382 moribus
979 2324 1083 2396 leram,

102 2406 206 2482 lingua
219 2409 420 2482 petulantem,
440 2406 507 2467 sive
527 2406 640 2467 liberos
661 2404 812 2466 indociles
834 2412 864 2465 et
883 2403 972 2466 matri
993 2422 1084 2480 quam

104 2491 183 2566 patri
202 2490 376 2551 similiores.
421 2490 472 2551 Sic
488 2491 573 2564 fere)
593 2491 688 2551 autin
704 2490 785 2550 bello
799 2489 856 2549 iuit
869 2497 922 2550 aut
935 2490 965 2549 in
979 2496 1084 2568 tyran-

101 2575 173 2634 nide
193 2574 292 2634 autin
312 2575 450 2634 libertate
463 2575 552 2634 bellis
567 2590 604 2634 ac
617 2574 756 2652 tyrannis
777 2574 928 2634 saeviore.
971 2573 1127 2648 Vigintiaa

101 2666 132 2719 et
151 2666 270 2734 septem
290 2658 379 2718 annis
400 2666 567 2733 pugnatum
590 2665 647 2719 est.
673 2665 745 2734 post
765 2658 850 2718 linita
864 2673 949 2718 arma
963 2657 1085 2734 triginta

101 2742 241 2821 tyrannis
258 2757 359 2801 noxae
374 2742 476 2802 dedita
491 2751 538 2803 est
555 2742 677 2816 civitas,
694 2741 860 2818 exquibus
876 2742 1015 2819 plerique
1029 2741 1084 2802 ini·

101 2827 171 2886 mici
186 2834 283 2886 erant
305 2824 474 2886 novissima
488 2826 641 2888 damnatio
656 2833 705 2888 est
715 2826 773 2887 sub
787 2827 976 2902 gravissimis
988 2826 1084 2887 nomi·

101 2908 193 2970 nibus
209 2910 338 2985 inpleta:
362 2910 482 2971 obiecta
497 2918 544 2971 est
558 2917 589 2970 et
601 2911 782 2985 religionum
796 2911 920 2973 violatio
935 2919 966 2971 et
979 2911 1084 2971 iuven-

99 2994 175 3055 tutis
190 2995 379 3069 corruptela,
411 3011 501 3068 quam
516 2993 667 3054 inmittere
687 2994 718 3054 iu
734 2995 827 3069 deos,
854 2994 886 3054 in
906 3001 1026 3070 petreS,
1054 2994 1084 3052 in

100 3076 324 3153 rempublicam
345 3076 446 3137 dictus
468 3085 525 3138 est
553 3086 625 3153 post
651 3078 729 3138 haec
749 3093 854 3137 carcer
874 3087 905 3139 et
924 3092 1084 3137 venenum.

100 3161 187 3221 Haeo
206 3177 308 3236 rusque
329 3177 367 3221 eo
388 3162 521 3222 animum
543 3161 680 3222 Socratis
704 3176 765 3220 non
791 3167 967 3233 moverunt,
992 3167 1025 3220 ut
1045 3175 1085 3220 ne

100 3247 219 3306 voltum
236 3245 359 3320 quidem
374 3246 532 3305 moverint.
561 3245 642 3304 illam
662 3243 829 3303 mirabilem
843 3244 965 3304 laudem
978 3250 1008 3303 et
1023 3242 1084 3302 sin·

101 3329 241 3404 gularem
266 3345 366 3404 usque
392 3328 431 3388 ad
457 3333 625 3388 extremum
650 3326 798 3387 servavit=
831 3342 889 3386 neo
911 3326 1086 3387 hilariorem

102 3411 269 3488 quisquam
289 3427 347 3472 neo
366 3410 531 3472 tristiorem
547 3411 694 3474 Socraten
712 3410 797 3470 vidit.
825 3409 962 3485 aequalis
985 3410 1041 3471 luit
1053 3409 1085 3470 in

101 3503 188 3557 tanta
200 3495 416 3573 inaequalitate
432 3497 581 3557 fortunae.
609 3494 665 3556 Vis
680 3497 808 3558 alterum
822 3495 1017 3570 exemplumt
1035 3499 1129 3556 ac-ao
