2468 3930
184 223 247 289 114
465 223 499 283 L.
521 221 668 282 ANNAEI
690 219 867 281 SENECAE

183 377 305 453 aliquos
330 373 480 436 amicitiae
500 374 599 435 Asinii
627 374 720 448 Galli,
748 372 890 450 quotiens
916 370 1020 434 Seiani
1047 372 1166 450 odium,

183 461 295 521 deinde
306 474 392 519 amor
404 464 565 532 merserat,
581 472 680 532 aequa
694 457 775 517 enim
790 455 959 517 offendisse
973 456 1057 517 illum
1071 475 1165 533 quam

183 557 305 603 amasse
317 541 524 617 periculosum
536 541 599 613 luit,
614 539 827 600 exclamabant
839 539 994 600 homines:
1011 556 1050 616 „o
1062 541 1165 617 Vatia,

154 629 268 690 lsolus
281 624 344 686 sois
356 624 490 685 vivere.“
513 630 544 683 at
558 624 608 684 ille
618 626 712 684 latere
724 623 856 696 sciebat,
872 640 933 686 non
945 624 1059 685 vivere.
1084 627 1163 686 mul·

182 718 245 772 tum
265 714 367 768 autem
386 708 527 783 interest,
547 715 648 767 utrum
662 707 724 768 vita
744 714 797 767 tua
811 707 912 768 otiosa
932 706 1023 766 sitan
1038 709 1163 782 ignava

182 808 347 868 numquam
359 791 445 851 aliter
455 790 534 851 hanc
547 791 648 852 villam
657 791 749 852 Vatia
759 791 831 851 vivo
843 790 1056 865 praeteribam,
1070 808 1162 867 quam

180 885 214 938 ut
235 875 383 936 dicerem:
412 874 522 948 „Vada
540 873 591 933 hic
610 875 687 935 situs
707 878 785 936 est“
813 874 870 934 sed
885 875 979 948 adeo,
999 875 1041 933 nri
1054 875 1163 952 Lucili,

182 959 379 1036 philosophia
394 973 514 1019 sacrum
532 958 677 1033 quiddam
692 965 740 1018 est
754 964 784 1016 et
799 956 988 1030 venerabile,
1010 963 1045 1018 ut
1061 960 1161 1034 etiam,

183 1045 209 1104 si
231 1043 304 1118 quid
324 1042 366 1101 illi
388 1041 487 1103 simile
508 1046 571 1114 est,
592 1039 752 1102 mandacio
774 1042 904 1115 placeat.
933 1041 1066 1101 otiosum
1079 1043 1161 1103 enim

182 1126 336 1187 hominem
356 1126 515 1186 seductum
541 1123 693 1186 existimat
711 1124 823 1199 volgus
846 1130 877 1184 et
900 1139 1043 1185 securum
1071 1133 1104 1186 et
1127 1141 1161 1187 sa

184 1216 372 1283 contentum,
395 1209 452 1270 sibi
471 1208 638 1280 viventem,
663 1224 794 1282 quorum
814 1206 889 1266 nihil
912 1207 963 1268 ulli
984 1209 1163 1283 contingere

183 1294 241 1354 nisi
263 1292 393 1368 sapienti
415 1299 525 1366 potest.
559 1290 610 1352 illa
631 1292 755 1367 quidem
774 1292 858 1351 nulla
879 1307 915 1351 re
934 1290 1083 1352 sollicitus
1104 1293 1162 1353 scit

155 1378 365 1442 5sibivivere.
389 1377 439 1436 ille
451 1374 548 1448 enim,
565 1376 649 1450 quod
661 1381 709 1435 est
720 1375 868 1450 primum,
882 1375 940 1434 scit
951 1375 1066 1435 vivere.
1086 1376 1162 1437 Nam

186 1461 236 1536 qui
256 1477 307 1520 res
328 1467 359 1519 et
377 1459 517 1519 homines
533 1460 624 1533 sugit,
647 1474 737 1534 quem
761 1457 961 1533 cupiditatum
978 1475 1104 1520 suarum
1116 1460 1162 1521 iu·

183 1545 311 1605 felicitas
324 1543 485 1616 relegavit,
508 1541 562 1618 qui
583 1544 660 1603 alios
682 1540 835 1603 feliciores
851 1542 956 1603 videre
976 1559 1038 1603 non
1053 1543 1161 1619 potuit,

184 1627 237 1704 qui
251 1630 334 1687 velut
349 1627 486 1687 timidum
506 1633 599 1701 atque
619 1626 702 1687 iners
724 1625 835 1686 animal
856 1632 937 1686 metu
958 1626 1091 1702 oblituit,
1111 1627 1161 1687 ille

184 1712 241 1771 sibi
253 1727 315 1770 non
326 1709 415 1782 vivit,
433 1710 504 1781 sed,
521 1709 604 1784 quod
615 1717 664 1771 est
674 1709 897 1784 turpissimum,
913 1711 1025 1784 ventri,
1042 1727 1162 1784 somno,

184 1794 315 1855 libidini:
352 1810 423 1853 non
453 1793 643 1854 continuo
672 1793 749 1853 sibi
774 1794 886 1864 vivit,
918 1792 982 1868 qui
1010 1791 1162 1854 nemini.

185 1879 263 1937 adeo
279 1884 379 1936 tamen
395 1893 506 1951 magna
518 1891 569 1936 res
585 1883 633 1937 est
653 1877 823 1938 constantia
837 1883 868 1937 et
882 1877 912 1935 in
928 1876 1088 1952 proposito
1103 1892 1162 1938 suo

184 1961 427 2036 perseverantia,
442 1967 475 2019 ut
488 1960 600 2019 habeat
614 1960 822 2021 auctoritatem
837 1960 945 2020 inertia
958 1976 1081 2036 quoque
1093 1976 1162 2035 per-

156 2045 277 2104 6tinax.
298 2044 343 2103 De
357 2043 426 2117 ipsa
438 2041 508 2102 villa
523 2043 596 2102 nihil
612 2044 666 2104 tibi
682 2060 811 2120 possum
826 2044 899 2104 certi
911 2045 1057 2105 scribare.
1078 2044 1162 2104 fron-

185 2137 246 2189 tem
268 2127 346 2186 enim
368 2128 435 2186 eius
456 2133 570 2186 tantum
591 2127 664 2188 novi
684 2134 715 2188 ct
735 2127 894 2202 exposita,
926 2144 1006 2203 quae
1028 2127 1163 2189 ostendit

186 2211 276 2272 etiam
291 2211 528 2271 transeuntibus.
560 2209 734 2286 Speluncae
749 2217 821 2271 suut
835 2211 915 2270 duae
930 2209 1032 2286 magni
1047 2211 1161 2287 operis,

186 2297 279 2357 cuivis
289 2294 360 2356 laxo
374 2295 450 2356 atrio
465 2310 572 2369 parea,
587 2297 802 2369 manufactae,
816 2311 944 2369 quarum
957 2295 1053 2355 altera
1064 2296 1163 2355 solem

185 2397 246 2440 non
261 2379 384 2455 recipit,
400 2381 495 2440 altera
509 2380 654 2455 usquein
671 2379 860 2439 occidentem
874 2385 966 2439 tenet
995 2379 1163 2453 platanona

185 2463 305 2525 medius
328 2465 413 2524 rivus
434 2469 464 2522 et
486 2464 599 2522 amari
621 2469 651 2522 et
672 2462 709 2523 ab
731 2462 902 2522 Acherusio
924 2464 993 2523 laou
1017 2469 1162 2537 recaptus

186 2548 281 2622 euripi
302 2548 394 2607 modo
416 2546 538 2621 dividit,
565 2546 684 2605 alendis
710 2544 865 2621 piscibus,
894 2545 1012 2606 etiamsi
1032 2545 1164 2605 adsidue

186 2630 397 2703 exhauriatur,
420 2629 589 2688 sufficiens.
616 2630 673 2688 scd
688 2628 746 2701 illi,
768 2646 836 2689 cum
852 2645 935 2688 mare
948 2635 1047 2704 patet,
1064 2627 1163 2704 paroi-

185 2720 248 2772 tur:
271 2728 340 2771 cum
360 2718 527 2786 tempestas
550 2712 755 2787 piscatoribus
771 2713 855 2772 dedit
869 2712 976 2786 ferias,
998 2728 1108 2773 manus
1123 2712 1166 2773 ad

157 2814 173 2870 7
185 2802 292 2870 parata
305 2794 476 2869 porrigitur.
498 2795 565 2855 Hoc
576 2802 675 2855 tamon
689 2802 737 2856 est
749 2795 1029 2857 commodissimum
1042 2795 1164 2870 invilla,

186 2880 270 2954 quod
290 2878 383 2938 Baias
405 2883 490 2938 trans
517 2880 663 2953 parietem
685 2879 792 2941 habet:
821 2879 1023 2940 incommodis
1043 2878 1165 2940 illarum

186 2970 283 3038 caret,
306 2961 515 3037 voluptatibus
537 2964 653 3024 lruitur.
685 2963 749 3023 Has
770 2964 879 3024 laudes
900 2963 967 3023 eius
988 2963 1057 3038 ipse
1074 2961 1165 3023 novit

186 3063 257 3108 esse
274 3048 356 3107 illam
371 3046 464 3108 totius
480 3047 551 3107 anni
566 3048 670 3107 credo.
692 3047 824 3108 occurrit
837 3047 917 3106 enim
931 3047 1069 3106 Favonio
1084 3054 1116 3106 et
1128 3046 1164 3106 il-

184 3132 247 3194 lum
261 3132 340 3193 adeo
356 3129 484 3206 excipit,
509 3138 541 3192 ut
554 3130 637 3191 Baiis
652 3138 750 3205 neget.
777 3131 844 3190 Non
861 3131 952 3190 stulte
968 3130 1087 3190 videtur
1101 3131 1164 3189 ele-

184 3217 269 3291 gisse
280 3217 361 3277 hunc
372 3217 471 3276 locum
483 3216 587 3288 Vatia,
603 3215 632 3274 in
649 3230 739 3290 quem
754 3213 847 3275 otium
862 3230 951 3273 suum
967 3212 1088 3288 pigrum
1102 3213 1164 3272 iam

155 3301 215 3360 Bet
236 3300 333 3362 senile
355 3300 515 3361 conferret.
548 3298 611 3359 Sed
631 3314 705 3358 non
727 3300 880 3359 multum
904 3297 950 3357 ad
969 3288 1163 3371 tranduil·
1202 3314 1207 3321 ·

184 3382 330 3445 litatem
347 3386 457 3445 locus
477 3383 642 3444 confert:
657 3381 776 3442 animus
792 3388 853 3454 est,
869 3381 922 3457 qui
936 3380 995 3440 sibi
1007 3394 1170 3440 commem.

187 3462 239 3526 det
259 3468 374 3528 omnia:
398 3467 462 3527 vidi
483 3482 541 3542 ego
562 3466 593 3526 in
613 3466 684 3526 villa
703 3464 790 3526 hilari
812 3473 843 3526 et
863 3480 994 3526 amoena
1012 3469 1163 3540 moestos,
