2468 3930
189 239 251 304 318
482 240 515 300 L.
534 239 682 299 ANNAEI
702 238 877 301 SENECAE

191 404 303 473 potest,
328 394 481 470 prospice.
509 394 727 469 quodcumque
740 395 892 453 laesurum
908 399 969 466 εει,
991 393 1085 457 multo
1102 402 1173 458 ante

191 497 281 555 quam
297 478 416 539 accidat
431 477 593 552 speculare
607 484 638 536 et
652 484 764 536 averte.
792 477 822 536 in
843 476 902 536 hoc
918 477 1022 552 ipsum
1035 476 1089 539 tibi
1105 482 1172 556 plu-

189 567 296 624 rimum
317 563 455 622 conseret
473 561 587 621 fiducia
601 567 630 620 ει
643 561 684 620 ad
698 561 889 622 tolerandum
905 577 996 621 omne
1010 561 1173 625 obfirmata

188 662 284 707 mons.
310 651 414 722 potest
426 647 576 706 fortunam
593 658 716 718 cavere,
740 645 792 718 qui
807 650 911 718 potest
924 646 1013 705 ierre.
1043 648 1172 707 certain

190 729 351 805 tranquillo
372 745 434 791 non
456 729 661 789 tumultuatur.
704 727 783 787 Nihil
804 736 928 788 estnec
949 729 1093 790 miserius
1115 746 1173 791 nec

188 813 309 874 stultius
325 829 417 888 quam
439 813 629 888 praetimere.
655 826 736 886 quae
751 811 810 872 ista
827 811 979 873 dementia
994 820 1043 873 est
1058 815 1172 876 malum

158 904 277 959 esuum
292 897 496 957 antecederet
537 895 678 971 Denique
692 902 726 956 ut
740 895 873 955 breviter
891 896 1061 970 includam,
1086 899 1172 972 quod

187 982 302 1056 sentio,
327 987 357 1041 et
376 979 454 1042 istos
475 980 610 1054 satagios
631 995 668 1038 ac
683 979 742 1040 sibi
756 980 904 1040 molestos
920 979 1094 1041 describam
1108 980 1170 1056 tibi,

187 1073 247 1125 tam
261 1065 499 1139 intemperantes
514 1065 544 1122 in
566 1061 644 1139 ipsis
659 1062 791 1123 miseriis
810 1079 901 1138 quam
917 1070 988 1124 sunt
1002 1072 1072 1125 ante
1087 1064 1170 1126 illast

188 1151 257 1225 plus
273 1149 357 1210 dolet
369 1165 460 1222 quam
474 1162 605 1208 necesso
620 1153 676 1221 cst,
693 1148 744 1220 qui
759 1154 829 1208 ante
843 1148 925 1208 dolet
936 1163 1027 1222 quam
1040 1164 1172 1210 necesse

188 1239 244 1293 est.
273 1234 381 1293 eadem
403 1233 482 1291 enim
503 1231 675 1292 infirmitate
696 1231 835 1292 dolorem
854 1247 917 1291 non
932 1231 1087 1307 aestimat,
1111 1249 1172 1308 qua

188 1332 249 1377 non
262 1322 429 1391 exspectat.
453 1315 561 1375 eadem
572 1315 805 1390 intemperantia
815 1315 902 1390 fingit
916 1315 975 1376 sibi
989 1324 1171 1392 perpetuam

188 1401 359 1461 felicitatem
388 1415 490 1470 suam,
520 1399 606 1472 fingit
633 1414 773 1459 crescere
798 1400 927 1473 debere,
955 1415 1171 1478 quaecumque

187 1486 393 1559 contigerunt,
408 1499 470 1542 uon
485 1488 600 1542 tantum
615 1483 734 1556 durare,
751 1490 789 1556 et,
807 1482 918 1544 oblitus
933 1483 1024 1545 buius
1040 1487 1170 1561 petauri,

188 1586 250 1644 quo
272 1568 407 1630 humana
427 1565 589 1641 iactantur,
612 1567 670 1627 sibi
691 1567 743 1628 uni
761 1567 951 1628 fortuitorum
967 1568 1171 1631 constantiam

157 1657 174 1712 9
187 1651 329 1727 spondet
363 1650 494 1726 Egregie
507 1650 611 1725 itaque
625 1651 747 1712 videtur
758 1650 829 1710 mihi
842 1651 1038 1713 Metrodorus
1051 1652 1171 1714 dixisse

187 1735 216 1794 in
233 1750 271 1796 ea
285 1733 432 1810 epistula,
455 1750 518 1809 qua
538 1750 675 1795 sororem
696 1735 811 1796 amisso
831 1736 963 1811 optimae
978 1736 1091 1797 indolis
1107 1737 1170 1798 lilio

186 1819 375 1893 adloquitur:
404 1821 528 1880 mutale
543 1832 586 1880 cst
606 1835 691 1881 omne
709 1822 877 1880 mortalium
896 1820 1011 1881 bonum.
1031 1862 1035 1867 -
1054 1821 1101 1882 De
1121 1821 1170 1882 his

186 1903 321 1978 loquitur
334 1900 435 1976 bonis,
450 1903 490 1962 ad
507 1919 586 1979 quae
602 1904 805 1963 concurritur:
825 1920 893 1963 nam
909 1905 983 1964 illud
994 1919 1101 1965 verum
1114 1905 1170 1965 bo-

186 2003 257 2046 num
272 2002 334 2046 non
349 1986 490 2058 moritur,
512 1995 627 2047 certum
643 1993 691 2046 est
705 1987 1000 2063 sempiternumque,
1016 1987 1172 2064 sapientia

144 2081 178 2134 10
186 2078 215 2131 et
229 2070 342 2131 virtus:
364 2070 424 2130 boc
439 2087 532 2131 unum
548 2071 695 2145 contingit
708 2071 866 2131 inmortale
880 2072 1069 2132 mortalibus.
1113 2071 1170 2133 Οε-

185 2164 282 2215 terum
297 2161 358 2215 tam
375 2153 498 2229 inprobi
512 2162 585 2216 sunt
597 2163 721 2229 tamque
736 2155 829 2228 obliti,
848 2171 908 2230 quo
924 2163 1004 2229 eant,
1020 2172 1084 2232 quo
1099 2156 1170 2217 illos

186 2238 297 2313 singuli
323 2237 389 2298 dies
410 2239 543 2312 turbent,
569 2247 603 2300 ut
622 2238 767 2299 mirentur
786 2238 902 2313 aliquid
921 2239 1009 2315 ipsos
1031 2240 1170 2301 amittere

185 2322 327 2384 amissuri
341 2339 403 2384 uno
419 2321 469 2382 dio
484 2321 595 2383 omnia.
640 2322 791 2398 Quicquid
811 2329 873 2397 est,
895 2325 944 2383 cui
964 2324 1108 2399 dominos
1122 2323 1169 2384 in·

185 2406 338 2481 scriberis,
355 2406 439 2482 apud
453 2415 483 2468 ιε
498 2413 554 2481 εει,
569 2412 653 2467 tuum
668 2423 730 2467 non
743 2413 804 2467 est:
820 2405 894 2467 nihii
905 2407 1026 2468 firmum
1037 2408 1170 2484 infirmo,

79 2496 82 2502 '
184 2489 259 2551 nibil
279 2489 378 2565 fragili
399 2497 556 2552 aeternum
577 2499 607 2552 ει
628 2489 772 2551 invictum
794 2498 852 2550 εει.
881 2498 941 2551 tam
962 2506 1095 2552 necesse
1120 2501 1170 2555 est

185 2575 285 2648 perire
301 2589 392 2649 quam
407 2575 538 2648 perdere
553 2582 583 2635 et
598 2574 658 2635 boc
673 2573 789 2649 ipsum,
813 2574 839 2634 si
854 2573 1069 2652 intellegimus,
1085 2576 1168 2637 sola-

184 2659 257 2717 tium
281 2662 329 2716 εει
353 2673 454 2732 aequo
480 2658 580 2719 animo
601 2658 747 2734 perdere,
775 2659 875 2733 [quod]
897 2660 1088 2733 pereundum
1109 2668 1168 2722 εει.

144 2752 174 2804 11
185 2740 262 2812 Quid
283 2755 356 2814 crgo
378 2741 530 2803 advorsus
550 2742 607 2803 has
632 2741 816 2802 amissiones
842 2742 945 2803 auxilii
971 2742 1168 2805 invenimus?

184 2824 1167 2903 lroc,utmemoriateneamusamissancccumipsis

185 2908 349 2967 tractum
367 2909 551 2971 excidere
566 2911 769 2986 patiamur,
790 2926 901 2985 quem
916 2927 962 2971 ex
982 2910 1068 2973 illis
1084 2927 1166 2987 per-

185 2991 366 3068 cepimus.
385 2993 501 3053 habere
512 2994 645 3070 cripitur,
659 2994 805 3055 babuisse
817 3010 991 3070 numquam.
1008 2995 1167 3071 peringra·

184 3083 233 3137 lus
249 3083 304 3150 est,
321 3078 373 3152 qui
389 3093 458 3138 cum
473 3076 588 3151 amisit,
606 3095 663 3153 pro
678 3085 805 3154 accepto
821 3078 895 3138 nihil
909 3077 1011 3139 debet.
1030 3094 1095 3139 rem
1111 3094 1166 3139 no-

183 3160 231 3221 bis
252 3160 343 3236 oripit
364 3177 471 3234 casus,
496 3177 588 3224 usum
607 3163 799 3238 tractumque
819 3164 901 3238 apud
926 3179 983 3224 nos
1009 3161 1166 3240 relinquit,

142 3253 274 3319 laquem
296 3261 354 3306 nos
376 3245 534 3322 iniquitate
554 3245 699 3307 desiderii
720 3246 919 3322 perdidimus.
963 3247 1019 3308 Dic
1032 3247 1102 3308 libiz
1125 3261 1167 3308 ex

183 3326 266 3400 istis,
287 3345 367 3404 quae
381 3330 526 3391 terribilia
540 3331 695 3406 videntur,
711 3331 784 3391 nihil
802 3339 850 3392 εει
863 3330 1019 3393 invictum.
1042 3331 1167 3407 singula

183 3411 286 3472 vicere
301 3413 359 3472 iam
375 3415 473 3475 multir
495 3415 595 3488 ignem
609 3415 744 3490 Mucius,
761 3431 882 3476 crucem
896 3417 1051 3490 Regulus,
1073 3429 1165 3477 veae·

184 3510 257 3555 num
278 3493 438 3571 Socrates,
463 3497 587 3559 exilium
602 3497 749 3575 Rutilius,
775 3508 901 3561 mortem
921 3500 1002 3561 ferro
1024 3500 1166 3561 adactam
