2468 3930
146 215 209 280 212
325 179 328 185 ’
434 215 467 274 L.
486 213 635 274 Annam
655 212 831 275 snnucnu

104 369 335 444 gosingulorum
351 382 487 427 errorem
508 368 580 426 lacit
603 367 754 442 publicus.
789 365 853 426 Sed
872 367 1133 442 quemadmodum

146 455 197 513 illa
212 452 412 524 credidimus,
430 450 475 510 sic
491 458 521 511 et
534 450 594 512 hoc
606 451 705 511 cidem
719 450 835 525 populo
852 451 1029 526 credamus,
1056 451 1132 512 nihil

147 552 219 598 esse
238 545 324 610 grato
346 537 446 595 animo
468 535 637 595 honestius.
673 550 781 595 omnes
805 533 864 595 hoc
883 535 992 608 urbes,
1023 551 1131 596 omnes

147 619 237 681 etiam
249 635 288 678 ex
302 619 441 679 barbaris
453 618 629 693 regionibus
641 625 749 692 gentes
761 620 1004 679 conclamabunt.
1030 620 1060 680 in
1071 620 1132 681 hoc

104 704 237 776 albanis
251 703 403 777 malisque
418 701 589 763 conveniet.
616 701 722 777 Erunt,
741 703 793 776 qui
803 704 980 778 voluptates
995 704 1131 766 laudent.

148 793 249 862 erunt,
273 789 324 863 qui
340 789 461 847 labores
476 787 588 846 malint.
618 793 720 860 erunt,
744 786 796 861 qui
813 786 950 847 dolorem
965 789 1131 849 maximum

147 874 259 933 malum
281 872 392 932 dicant.
425 878 527 944 erunt,
553 871 605 945 qui
625 886 664 930 ne
686 871 796 931 malum
819 871 944 944 quidem
966 872 1130 947 adpellant.

147 957 268 1017 divitias
290 956 400 1031 aliquis
422 957 461 1015 ad
482 970 632 1015 summum
651 954 767 1014 bonum
789 955 933 1015 admittet.
963 955 1043 1016 alius
1063 956 1131 1017 illas

147 1038 229 1100 dicet
242 1040 322 1100 malo
337 1039 583 1100 vitaehumanae
598 1047 751 1113 repertas,
767 1037 841 1098 nihil
856 1054 928 1100 esse
943 1055 980 1100 eo
996 1041 1131 1115 locuple·

146 1125 222 1198 tius,
245 1125 294 1184 cui
316 1124 401 1200 quod
422 1123 515 1183 donet
533 1123 655 1181 fortuna
668 1139 730 1183 non
751 1122 879 1182 invenit:
911 1122 942 1181 io
957 1130 1041 1183 tanta
1054 1124 1130 1184 iudi·

147 1209 264 1270 ciorum
285 1208 461 1267 diversitate
484 1207 676 1265 referendam
694 1206 775 1267 bene
796 1206 983 1267 merentibus
1004 1206 1132 1282 gratiam

148 1308 255 1353 omnes
270 1292 324 1351 tibi
340 1307 418 1367 uno,
435 1291 520 1366 quod
535 1291 627 1363 aiunt,
643 1305 696 1350 ore
711 1290 924 1351 adfirmabunt.
949 1288 980 1350 in
994 1289 1055 1351 hoc
1069 1299 1130 1351 tam

148 1376 268 1436 discors
283 1376 373 1436 turba
387 1374 572 1435 consentiet:
595 1390 663 1435 cum
684 1374 801 1435 interim
818 1374 944 1435 iniurias
963 1390 1019 1449 pro
1037 1375 1129 1434 bene-

147 1459 225 1520 ficiis
242 1459 416 1532 reddimus,
431 1466 462 1518 et
476 1458 574 1534 prima
593 1465 758 1533 causaest,
773 1476 828 1518 cur
844 1461 913 1534 quis
928 1458 1062 1532 ingratus
1079 1458 1129 1531 sit,

103 1543 175 1608 ilasi
196 1543 270 1603 salis
293 1549 398 1617 gratus
419 1557 490 1602 esse
514 1558 575 1601 non
596 1542 704 1616 potuit.
732 1543 778 1602 Eo
792 1544 959 1620 perductus
973 1548 1021 1602 est
1034 1541 1130 1617 furor,

146 1633 180 1687 ut
194 1625 458 1700 periculosissima
471 1641 522 1686 res
538 1625 577 1685 sit
589 1626 741 1687 beneficia
749 1626 779 1686 in
793 1627 926 1702 aliquem
936 1641 1046 1702 magna
1057 1640 1131 1686 con-

147 1711 242 1770 ferre:
264 1726 334 1770 nam
349 1710 422 1785 quia
438 1717 525 1785 putat
538 1716 628 1784 turpe
649 1726 710 1769 non
724 1711 871 1784 reddere,
893 1726 954 1771 non
969 1709 1036 1771 vuit
1048 1725 1131 1785 esse,

148 1792 197 1853 oui
211 1794 330 1854 reddat.
365 1793 430 1852 Tibi
444 1794 538 1867 habe,
562 1793 645 1868 quod
666 1793 828 1869 accepisti:
850 1811 912 1856 non
928 1801 1052 1870 repeto,
1070 1811 1130 1855 non

147 1878 247 1951 exigo.
277 1878 431 1953 profuisse
450 1883 546 1937 tutum
562 1877 610 1937 sit.
644 1877 764 1938 Nullum
785 1886 832 1938 est
855 1879 959 1939 odium
979 1879 1130 1954 pernicio·

147 1961 212 2021 sius
228 1978 319 2037 quarn
335 1977 352 2021 e
366 1961 508 2022 beneficii
528 1959 631 2021 violati
645 1962 777 2036 pudore.
804 1964 893 2024 Vale.

441 2097 656 2156 EPISTULA
682 2099 728 2154 III.
757 2102 829 2170 (82.)

401 2192 513 2245 Seneca
530 2195 642 2246 Lucrrro
663 2207 715 2246 suo
735 2206 875 2246 susurru.

121 2322 135 2374 1
207 2298 314 2358 Desii
337 2298 407 2357 iam
430 2298 474 2358 de
495 2305 532 2357 te
554 2315 645 2359 esse
666 2297 881 2359 sollicitus.
924 2298 1063 2373 „Quem
1085 2297 1131 2358 in-

146 2380 231 2456 quis,
257 2382 383 2441 deorum
407 2397 591 2456 sponsorem
613 2383 807 2457 accepisti‘l‘·‘
838 2397 907 2442 eum
925 2382 1058 2458 scilicet,
1079 2384 1131 2459 qui

145 2465 294 2526 neminem
312 2465 401 2539 saliit,
429 2465 560 2525 animum
575 2467 650 2527 recti
666 2482 703 2526 ac
721 2466 795 2526 boni
810 2472 986 2526 amatorem.
1015 2467 1051 2527 In
1065 2472 1130 2528 tuto

144 2565 218 2624 pars
240 2550 283 2607 tui
302 2549 410 2608 melior
430 2556 487 2609 est.
521 2550 625 2610 Potest
646 2551 767 2611 fortuna
788 2548 842 2610 tibi
856 2548 997 2611 iniuriam
1010 2551 1130 2611 lacere:

145 2632 230 2707 quod
245 2633 283 2691 ad
298 2647 363 2690 rem
376 2633 474 2706 magis
490 2634 636 2708 pertinet,
652 2651 712 2695 non
728 2633 835 2708 timeo,
852 2649 891 2693 ne
908 2641 941 2694 tu
956 2631 1054 2695 facias
1067 2634 1130 2695 tibi.

144 2716 173 2790 i,
196 2730 258 2789 qua
274 2714 319 2774 iro
335 2715 464 2788 coepisti
487 2722 517 2776 et
541 2716 578 2776 in
603 2719 681 2779 isto
702 2726 738 2780 te
758 2718 861 2779 vitae
881 2715 1019 2778 habitu
1040 2734 1130 2799 con·

114 2813 245 2878 qponc
263 2798 435 2872 placide,
456 2815 531 2859 non
553 2802 735 2884 molliter.
768 2802 848 2861 Male
869 2799 941 2861 mihi
963 2803 1129 2863 essemolo

145 2881 395 2956 quam-mollitam
417 2884 494 2957 [boc]
510 2901 590 2946 nunc
606 2885 651 2946 sic
666 2886 791 2961 excipe,
809 2885 1068 2962 quemadmodum
1088 2890 1129 2960 [a]

144 2968 261 3042 populo
282 2970 362 3027 solet
383 2967 443 3027 dici
460 2970 551 3045 dure,
574 2985 701 3045 aspere,
723 2969 887 3031 laboriose.
915 2970 1034 3030 Audire
1049 2970 1129 3029 sole-

144 3068 212 3113 mus
239 3053 283 3112 sic
311 3054 511 3128 quorumdam
537 3055 628 3113 vitam
656 3055 789 3129 laudari,
824 3053 934 3128 quibos
959 3053 1127 3115 invidetur:

143 3135 294 3211 „molliter
308 3137 413 3196 vivit.“
437 3137 497 3198 hoc
512 3138 629 3199 dicunt:
649 3137 769 3213 „mollis
785 3144 864 3198 est.“
888 3137 1035 3213 paulatim
1050 3138 1128 3198 enim

144 3218 335 3281 effeminatur
355 3220 474 3282 animus
496 3228 588 3298 atque
608 3221 639 3281 in
660 3222 885 3283 similitudinem
906 3220 960 3283 otii
975 3220 1025 3282 sui
1039 3229 1070 3283 et
1083 3221 1128 3298 pi-

143 3305 264 3379 gritiae,
291 3306 323 3364 in
344 3322 405 3380 qua
419 3307 511 3381 iacet,
538 3307 675 3367 solvitur.
705 3307 778 3382 quid
794 3313 889 3382 ergo?
916 3305 983 3367 viro
1001 3321 1064 3366 non
1080 3306 1129 3366 vel

144 3387 340 3463 obrigescere
352 3389 447 3450 satius
464 3397 533 3451 esti
558 3389 670 3451 deinde
688 3390 809 3451 delicati
824 3392 906 3451 idem
920 3389 1028 3451 timent
1040 3388 1128 3463 mori,

144 3470 193 3529 cui
217 3473 309 3532 vitani
336 3489 423 3533 suam
449 3475 551 3535 iecore
572 3473 710 3536 similem.
751 3474 879 3536 Multum
900 3474 1028 3536 interest
1050 3473 1128 3536 inter
