2460 3916
177 109 456 172 misiconem
477 109 655 171 Liexvll.
678 108 735 169 ΕΡ.
750 117 808 171 tn.
830 112 985 186 (lobloi.)
1030 106 1092 173 331

105 264 133 326 si
150 263 256 324 vivere
269 262 361 323 vellet
377 278 478 338 usqne
494 262 535 323 ad
550 278 689 323 crucemz
717 270 778 337 „tu
794 277 885 337 vero,
906 261 1019 339 inquit,
1034 279 1093 324 nra

103 346 247 409 debilites
267 346 353 421 licet,
381 346 454 406 dum
477 345 602 422 spiritus
621 346 652 406 in
674 361 806 422 corpore
827 347 925 407 fracto
944 354 976 407 et
994 345 1092 407 inutili

102 436 237 492 maneat.
265 429 420 506 depraves
440 429 524 505 licet,
547 431 621 490 dum
642 438 819 492 monstroso
840 437 871 490 et
885 430 1001 491 detorto
1016 436 1091 491 tenr-

102 515 193 593 porls
215 513 330 590 aliquid
354 513 490 575 accedat.
524 514 654 588 sulflgas
674 515 746 575 licet
766 522 796 574 et
817 522 936 575 acutam
963 529 1092 575 sessum

104 613 231 660 currem
245 597 409 659 subdas“=
430 604 477 658 est
493 599 567 659 tanti
582 599 693 658 volnus
709 614 799 658 suurn
816 613 955 672 premere
971 605 1002 658 et
1016 598 1092 674 pati-

101 682 179 744 bulo
202 680 338 758 pendere
360 680 546 756 districtum,
572 682 645 741 dum
666 681 788 741 differet
812 680 859 754 id,
887 682 971 757 quod
992 683 1092 741 estin

103 767 195 828 malis
220 766 384 843 optimum,
413 765 558 842 supplicii
584 765 698 825 finemt
728 773 776 825 est
797 764 872 824 tanti
890 764 1006 824 habere
1027 766 1091 825 ani-

102 866 201 923 mam,
222 857 257 911 ut
275 855 386 924 agenni
415 849 493 922 Quid
507 849 579 909 huic
594 856 684 924 optes
699 848 758 908 nisi
773 848 851 908 deos
866 846 995 908 facilest
1016 848 1092 923 quid
1100 854 1134 908 13

102 934 164 996 sibi
178 935 242 995 vult
260 932 320 995 ista
340 933 482 993 carminis
497 932 662 993 effeminati
678 931 858 1007 turpitudot
884 931 960 1007 quid
974 932 1090 992 timoris

103 1017 325 1079 dementissimi
343 1017 466 1092 pantica
493 1016 569 1092 quid
589 1022 649 1076 tarn
672 1016 765 1077 laeda
784 1018 865 1075 vitae
885 1015 1092 1076 mendicatiot

103 1101 176 1166 ‚buia
189 1109 280 1178 putes
294 1117 440 1176 umquam
452 1099 601 1162 recitasse
614 1100 784 1176 Vergilium

322 1201 413 1262 capua
429 1186 543 1246 adeone
556 1187 635 1246 mori
646 1188 786 1246 moerent
795 1180 861 1245 esi?

104 1268 197 1346 Optat
212 1268 317 1330 ultima
331 1269 480 1329 malorum
496 1276 540 1342 et,
557 1284 636 1344 quae
652 1269 714 1344 pati
728 1267 943 1342 gravissimum
958 1271 1022 1342 est,
1037 1281 1090 1326 ex·-

102 1353 189 1416 tandi
204 1368 241 1413 ac
255 1352 399 1413 sustineri
414 1352 514 1426 cupiu
536 1369 598 1428 qua
614 1353 777 1412 mercede?
797 1351 916 1412 scilicet
928 1350 1010 1410 vitae
1024 1351 1089 1410 lon·

103 1438 210 1514 gioris.
234 1436 307 1513 qnid
324 1443 424 1496 antem
439 1436 531 1497 huius
546 1435 652 1497 vivere
667 1443 736 1497 estt
757 1434 811 1496 diu
826 1435 913 1495 mori.
936 1434 1132 1499 Invenitur14

103 1520 233 1598 aliquis,
252 1521 305 1596 pai
315 1521 389 1581 velit
404 1519 482 1581 inter
498 1519 651 1597 supplicia
664 1519 825 1581 tabescere
840 1525 871 1580 et
881 1519 983 1594 perire
997 1534 1090 1579 mem·

102 1604 215 1666 bratim
234 1611 264 1665 et
283 1604 395 1666 totiens
419 1619 475 1679 per
495 1603 648 1666 stillicidia
671 1605 807 1664 emittere
828 1603 974 1676 animam,
998 1619 1091 1678 qnam

105 1689 203 1750 semel
217 1689 383 1749 exhalaret
409 1687 575 1764 invenitur,
599 1687 652 1764 qui
666 1689 739 1748 velit
752 1689 880 1750 adactus
897 1687 937 1748 ad
955 1687 1031 1748 illud
1045 1687 1089 1747 in-

104 1773 180 1834 lelix
200 1771 331 1848 lignum,
352 1773 412 1832 iam
433 1771 553 1845 debilis,
574 1772 634 1832 iam
655 1772 772 1848 pravus
794 1772 867 1832 etin
882 1772 1007 1833 foedum
1022 1787 1090 1832 sca·

105 1857 248 1934 pularnm
271 1872 309 1919 nc
329 1856 464 1932 pectoris
486 1856 576 1917 tuber
597 1856 707 1928 elisus,
737 1857 786 1916 cui
806 1860 920 1917 multae
939 1855 1090 1916 moriendi

104 1956 235 2014 causae,
257 1941 347 2002 etiarn
370 1940 445 2001 citra
469 1955 592 2002 crucem
604 1942 741 2013 fuerant,
761 1940 882 2001 trahere
899 1939 1030 2000 animam
1045 1945 1091 2000 tot

104 2031 256 2086 tormenta
268 2031 454 2087 tractnmml
474 2039 554 2100 nega
570 2039 652 2086 nune
670 2039 813 2098 magnum
824 2023 1008 2084 beneficium
1019 2038 1091 2084 esse

105 2115 251 2184 natmae,
270 2109 356 2185 quod
377 2123 508 2169 neeesse
524 2116 571 2168 est
584 2106 673 2168 mori.
697 2107 783 2169 Multi
799 2107 905 2183 peiora
920 2107 1020 2168 adhuc
1036 2123 1090 2183 pa·
1099 2116 1133 2169 15

104 2191 183 2253 cisci
202 2191 301 2268 parati
322 2201 409 2255 sunt:
437 2191 526 2254 etiam
548 2192 678 2253 amicum
699 2191 849 2267 prodere,
867 2197 901 2251 ut
915 2191 1030 2251 diutius
1045 2190 1090 2251 vi·

103 2281 193 2348 vant,
209 2283 240 2339 et
253 2275 368 2338 liberos
384 2277 423 2338 ad
440 2285 578 2352 stuprum
593 2293 686 2337 manu
701 2291 759 2335 sua
773 2275 908 2348 tradere,
923 2281 958 2334 ut
974 2273 1089 2335 contin·

103 2366 158 2437 gat
171 2362 270 2422 lucem
290 2361 397 2422 videre
416 2366 461 2422 tot
480 2361 635 2422 consciam
656 2361 817 2422 scelerum.
845 2357 1035 2419 Excutienda
1046 2358 1090 2417 vi·

103 2452 156 2505 tae
171 2442 286 2521 cupido
303 2453 351 2508 est
365 2444 608 2521 discendumque
622 2431 696 2505 nibil
709 2444 875 2518 interesse,
896 2442 1020 2518 quando
1035 2457 1090 2516 pa·
1155 2487 1158 2491 .

103 2526 207 2602 tiaris,
224 2529 309 2604 quod
324 2529 512 2606 quandoque
528 2527 702 2605 patiendum
716 2537 773 2590 est.
802 2544 895 2604 quarn
908 2527 988 2588 bene
1002 2525 1089 2587 vivas

104 2612 214 2684 relert,
235 2628 296 2673 non
318 2612 479 2690 quamdiu:
507 2628 603 2689 saepe
622 2621 724 2674 autem
745 2614 775 2675 in
789 2613 850 2674 hoc
870 2619 919 2674 est
934 2611 1029 2685 bene,
1050 2624 1090 2669 ne

103 2695 171 2756 diu.
191 2696 279 2756 Vale.

512 2793 685 2846 ἠῢ*

399 2909 617 2970 EPISTULA
634 2913 669 2970 11.
691 2913 780 2986 (tol.)

361 3005 472 3059 sarraca
490 3009 604 3061 Lucrum
623 3019 675 3060 sno
693 3019 835 3062 amurca.

170 3108 332 3183 Quomodo
352 3111 500 3172 molestus
521 3117 571 3171 est
588 3108 758 3170 iucundum
781 3109 933 3169 somnium
963 3107 1116 3185 videnti]

104 3191 160 3267 qui
177 3192 305 3266 excitat,
321 3193 419 3254 aulert
433 3193 514 3254 enirn
525 3194 726 3269 voluptatem,
743 3189 863 3253 etiamsi
877 3192 1001 3264 laisein,
1016 3193 1090 3254 elie·

105 3281 189 3336 ctum
208 3283 311 3338 tamen
331 3292 425 3339 verae
447 3278 625 3339 habentem:
647 3275 694 3337 sic
714 3276 847 3352 epistula
865 3282 918 3336 lua
931 3273 1004 3334 mibi
1019 3276 1091 3338 lecit

106 3358 255 3421 iniuriam
273 3359 432 3423 revocavit
445 3363 525 3422 enim
542 3378 592 3422 me
607 3358 783 3437 cogitationi
798 3365 889 3437 aptae
902 3356 1047 3419 traditum
1059 3366 1091 3420 et
