2468 3930
227 253 397 317 EPISTUL.
413 254 508 316 MOR.
530 254 604 314 LIB.
617 253 684 315 XV.
698 254 756 313 ΕΡ.
771 263 788 315 2
803 261 875 329 (94.)
974 253 1038 318 289

51 409 189 482 xuriem,
204 407 363 469 temeritati
380 409 483 469 irenes
497 407 641 482 iniectos,
656 406 797 482 ignaviae
809 407 965 468 subditum
978 409 1039 468 cal·

54 512 123 556 car:
138 493 227 555 etiam
242 492 367 554 remotis
381 491 462 552 vitiis
475 491 589 566 quidet
603 492 862 567 quemadmodum
870 491 1038 552 debeamus

54 581 168 654 lacere,
183 577 364 638 discendum
376 582 432 637 est.
460 575 568 650 „Nihil
583 576 689 650 inquit,
705 575 839 637 efficient
854 575 1038 636 monitiones
1046 581 1079 633 xl

55 663 198 724 admotae
218 658 498 736 gravibus'vitiisf‘
537 660 582 718 Ne
601 660 753 720 medicina
774 661 898 735 quidem
912 661 1039 722 morbos

55 745 244 807 insanabiles
265 744 373 805 vincit=
409 751 508 805 tamen
530 743 691 804 adhibetur
716 744 783 804 aliis
811 745 841 804 in
860 746 1038 820 remedium,

57 829 124 892 aliis
139 830 170 889 in
185 831 404 890 levamentum.
431 843 470 887 ne
490 829 559 904 ipsa
579 827 702 903 quadem
722 828 886 888 universae
902 830 1039 904 philoso-

57 914 148 990 phiae
162 912 226 985 vis,
258 911 329 973 licet
356 920 436 974 totas
462 913 492 970 in
514 912 574 972 hoc
589 912 671 972 vires
687 927 760 973 suas
775 912 915 986 advocet,
932 915 1039 973 duram

57 998 117 1058 iam
132 1004 165 1058 et.
176 1002 311 1057 veterem
326 997 435 1056 animis
450 995 590 1056 extrahet
604 996 811 1070 pestemr'sed
832 1013 895 1057 non
908 997 980 1056 ideo
994 995 1039 1055 ni-

56 1081 98 1142 hil
113 1086 218 1156 sanat,
235 1080 382 1155 quianon
398 1081 509 1139 omnia.
531 1079 631 1154 „Quid
647 1081 790 1155 prodest,
806 1080 918 1155 iuquit,
934 1087 1082 1156 aperte25

56 1168 267 1229 monstrarct“
295 1162 474 1224 Plurimam=
497 1163 647 1223 interdum
670 1165 751 1225 enim
773 1163 888 1224 scimus
909 1179 968 1223 nec
985 1163 1039 1222 ad-

56 1250 220 1312 tendimus.
250 1263 312 1308 non
328 1249 420 1309 docet
433 1247 616 1321 admonitio,
639 1249 695 1308 sed
712 1248 855 1322 advertit,
879 1247 935 1308 sed
957 1247 1038 1306 exci-

57 1341 115 1410 tat,
138 1333 195 1394 sed
217 1333 391 1393 memoriam
410 1331 544 1393 continet
565 1347 623 1391 uec
645 1333 756 1408 patitur
770 1333 859 1392 elabi.
889 1331 1041 1407 Pleraque

58 1423 128 1479 ante
143 1417 251 1478 oculos
267 1416 370 1493 posita
383 1415 565 1476 transimus:
581 1416 748 1476 admonere
762 1431 860 1491 genus
876 1416 1041 1476 adhortan-

57 1501 88 1562 di
102 1508 161 1562 est.
192 1499 294 1576 Saepe
310 1502 428 1561 animus
444 1501 534 1560 etiam
549 1508 655 1576 aperta
670 1500 852 1561 dissimulat.
873 1499 1041 1575 ingerenda

57 1592 106 1646 est
120 1586 224 1660 itaque
238 1584 281 1645 illi
295 1585 401 1645 notitia
415 1600 517 1644 rerum
532 1585 772 1646 notissimarum.
815 1585 869 1646 llla
889 1584 948 1644 hoc
968 1585 1039 1643 loco

56 1668 89 1731 in
103 1667 259 1730 Vatinium
274 1667 359 1730 calvi
372 1669 541 1743 repetenda
556 1670 706 1729 sententia
727 1677 788 1729 est=
814 1671 958 1745 „Factum
977 1684 1040 1728 esse

56 1749 198 1816 orabam
209 1757 290 1815 scitis
303 1760 333 1814 et
346 1754 402 1814 boo
413 1769 463 1814 vos
475 1757 553 1816 scire
569 1771 668 1816 omnes
681 1757 806 1827 sciunt,“
850 1753 918 1814 Scis
938 1751 1083 1821 amici-26

56 1838 114 1899 tias
127 1846 234 1899 sancte
249 1837 397 1898 colendas
410 1852 497 1910 esse,
514 1839 647 1899 sednon
663 1836 750 1898 lacis.
793 1839 856 1898 scis
876 1836 1040 1913 inprobum

57 1936 139 1998 esse,
162 1920 214 1997 qui
230 1921 268 1982 ab
283 1937 382 1982 uxore
399 1921 574 1997 pudicitiam
589 1924 695 1998 exigit,
712 1923 780 1998 ipse
794 1924 960 1983 alienarum
973 1937 1040 1981 cor-

56 2001 165 2082 ruptor
178 2022 319 2066 uxorum.
352 2004 431 2081 scis,
452 2012 486 2066 ut
499 2006 541 2065 illi
555 2007 596 2066 uil
611 2023 680 2068 cum
694 2007 849 2080 adultero,
872 2008 917 2067 sic
932 2006 985 2066 tibi
1000 2005 1041 2064 nil

57 2105 131 2150 csse
146 2089 260 2150 debere
275 2107 343 2151 curn
359 2090 487 2165 paelice,
506 2096 536 2150 et
550 2107 611 2151 nou
628 2091 714 2152 lacis.
730 2091 832 2166 itaque
847 2089 979 2151 subinde
993 2104 1040 2147 re-

57 2173 219 2235 ducendus
235 2189 269 2234 es
284 2176 324 2235 ed
339 2174 526 2235 memoriam.
562 2175 720 2235 nonenim
740 2173 878 2248 reposita
898 2175 949 2233 illa
969 2187 1041 2231 esse

57 2263 187 2333 oportet,
201 2257 296 2318 sedin
307 2266 461 2334 promptu.
477 2258 841 2334 quaecumquesalutaria
853 2264 931 2329 sunt,
945 2270 1041 2330 saepe

56 2340 166 2417 agitari
187 2341 313 2418 debent,
336 2358 433 2417 saepe
459 2341 591 2415 versari,
613 2349 646 2402 ut
667 2358 729 2402 non
750 2348 865 2401 tantum
889 2349 961 2401 nota
981 2341 1042 2399 sint

56 2424 164 2499 nobis,
182 2427 238 2487 sed
256 2427 345 2487 etiam
359 2433 474 2503 parata.
503 2425 602 2485 Adice
621 2442 718 2500 nuuc,
740 2425 824 2500 quod
839 2432 944 2500 aperta
965 2439 1042 2497 quo-

59 2524 120 2586 que
135 2509 291 2585 apertiora
309 2510 376 2571 ficri
401 2513 509 2571 solent.
553 2508 607 2584 „Si
622 2509 716 2570 dubia
732 2516 817 2584 suut,
833 2507 946 2584 inquit,
964 2521 1084 2583 quacun

56 2593 228 2670 praecipis,
251 2595 450 2674 probationes
469 2594 592 2654 adicere
613 2593 756 2655 debebis:
779 2609 852 2669 ergo
871 2593 956 2665 illae,
980 2607 1041 2651 non

55 2684 226 2754 praecepta
241 2679 432 2754 proficient.“
465 2677 552 2754 Quid,
567 2680 651 2755 quod
667 2679 755 2740 etiem
770 2678 838 2738 sine
855 2675 1042 2753 probationi·

56 2760 118 2822 bus
129 2761 200 2837 ipse
213 2764 365 2824 monentis
381 2764 545 2827 auctoritas
559 2766 706 2838 prodest?
722 2763 767 2824 sic
783 2764 938 2839 quomodo
954 2762 1042 2822 iuris-

58 2848 271 2907 consultorum
285 2849 388 2908 valent
402 2863 569 2923 responsa,
593 2849 711 2909 etiamsi
725 2849 801 2909 ratio
817 2865 879 2908 non
895 2848 1042 2908 redditur.

55 2927 220 2990 Praeterea
234 2931 312 3007 ipsa,
329 2947 408 3007 quae
423 2931 660 3008 praecipiuntur,
677 2949 733 3008 per
747 2949 782 2992 se
794 2934 920 2994 multum
931 2931 1045 2991 habeut

58 3013 223 3089 ponderis,
252 3016 358 3090 utique
380 3015 407 3076 si
429 3024 481 3077 aut
503 3016 629 3076 carmini
653 3017 768 3078 intexta
789 3025 861 3077 suut
876 3023 928 3076 aut
949 3028 1044 3089 prose

59 3097 200 3159 oratione
224 3098 255 3158 in
289 3100 468 3166 sententiam
500 3109 649 3176 coartata,
680 3103 759 3162 sicut
784 3101 835 3160 illa
863 3099 1042 3160 Catoniana:

58 3180 171 3260 „Em
184 3199 245 3244 aon
259 3185 340 3260 quod
352 3200 425 3260 opus
437 3193 492 3259 est,
514 3186 569 3246 sed
576 3187 656 3260 qaod
666 3202 782 3246 necesse
793 3193 844 3244 est.
885 3183 971 3255 Quod
984 3195 1044 3240 aon

58 3275 193 3343 opttsest,
206 3283 274 3330 asse
286 3285 392 3330 earam
402 3272 472 3330 est“
497 3268 603 3342 Qualia
618 3277 689 3329 sunt
709 3268 760 3328 illa
777 3275 829 3329 aut
842 3267 961 3328 reddita
977 3271 1087 3327 ora-28

59 3349 129 3411 culo
145 3357 198 3412 aut
212 3349 336 3413 similia=
363 3353 500 3429 Tempora·
511 3368 614 3428 parre.
647 3352 686 3414 Te
699 3369 794 3414 nosce.
826 3348 981 3426 Numquid
994 3363 1042 3408 ra·

59 3432 172 3496 donem
188 3435 305 3512 exiges,
325 3451 394 3497 cum
408 3439 461 3498 tibi
476 3437 588 3512 aliquis
601 3437 659 3498 hos
676 3436 786 3499 dixerit
801 3441 932 3497 versus?

104 3538 208 3581 amca
221 3540 292 3581 ran„
307 3525 352 3581 Ill.
801 3529 835 3585 19
