2468 3930
149 216 210 282 288
442 217 475 277 L.
496 215 643 276 ANNAEI
665 213 840 275 SENECAE

108 382 141 438 19
149 371 259 446 auique
274 368 422 428 debeatur
436 364 549 440 ostiolo,
565 374 673 428 natura
687 382 748 426 non
765 366 865 426 docet.
907 365 1026 426 Deinde
1042 365 1132 428 ouius

149 461 252 514 aurata
268 451 408 512 sublusio
424 459 486 523 est,
508 451 534 510 is
551 466 611 510 non
627 450 782 525 protinus,
803 465 872 510 oum
887 448 987 510 visum
1002 448 1131 525 recepit

148 537 215 597 aliis
237 550 362 611 quoque
382 540 485 609 potest
502 534 648 594 reddere=
667 533 778 594 malitia
794 532 941 594 liberatus
962 540 992 592 et
1012 533 1132 594 liberat.

146 621 214 681 Non
228 636 308 694 opus
324 627 371 679 est
383 617 603 691 exhortatione,
618 618 936 692 neeonsilioquidem,
952 624 985 679 ut
993 616 1132 679 colorum

148 704 351 779 proprietates
368 702 477 762 oculus
493 701 656 777 intellegat.
674 717 693 761 a
711 699 799 777 nigro
821 701 923 761 album
939 698 1030 762 etiam
1046 703 1131 762 nullo

111 836 114 840 .
148 794 290 848 monente
310 785 489 860 distinguet:
511 785 612 845 mulas
636 793 742 847 eontra
766 784 940 860 praeceptis
969 792 1040 860 eget
1067 783 1130 845 ani-

146 887 223 946 mus,
239 878 273 931 ut
285 870 396 943 videat,
413 868 488 945 quid
503 870 654 944 agendum
669 870 751 929 sitin
768 867 839 930 vita.
857 879 1044 944 quamquam
1057 877 1130 930 oeu-

147 956 183 1015 lis
200 971 324 1030 qunque
339 969 450 1028 aegros
465 954 603 1014 medieus
620 969 681 1013 non
703 960 818 1014 tanturn
834 960 927 1026 aurat,
945 953 1024 1026 [sed]
1041 951 1133 1014 etiam

104 1045 263 1100 admonet:
281 1055 364 1114 „nnn
382 1046 439 1111 est,
458 1037 564 1113 inquit,
583 1037 667 1112 quod
687 1038 827 1112 protinus
846 1036 1019 1097 inbecillam
1034 1036 1131 1098 aciem

147 1122 316 1183 committas
331 1121 462 1195 inprobo
477 1121 592 1181 lumini.
622 1137 640 1180 a
654 1121 789 1182 tenebris
803 1120 934 1196 primurn
949 1121 988 1181 ad
1007 1121 1131 1183 umbro-

147 1223 182 1266 sa
200 1207 352 1282 procede,
373 1204 486 1265 deinde
506 1207 576 1280 plus
591 1205 672 1265 aude
693 1212 723 1264 et
737 1205 882 1280 paulatim
903 1206 1016 1265 alaram
1030 1206 1131 1268 lucem

147 1292 209 1366 pati
225 1291 387 1351 adsuesce.
427 1305 488 1349 non
504 1296 566 1362 est,
586 1290 669 1364 quod
691 1296 764 1364 post
783 1288 884 1349 eibum
900 1289 1040 1350 studeas.
1068 1304 1131 1350 non

147 1382 203 1450 est,
219 1375 303 1449 quod
320 1372 418 1449 plenis
434 1372 531 1433 oeulis
546 1388 583 1432 ae
599 1373 784 1434 tumentibus
803 1371 947 1448 imperes.
983 1371 1132 1434 adflatum

147 1468 178 1520 et
198 1459 258 1520 vim
281 1456 402 1532 trigoris
425 1457 455 1514 in
474 1473 510 1516 os
533 1458 721 1517 occurrentis
743 1457 857 1530 evita‚“
882 1456 942 1517 alia
967 1455 1131 1530 eiusmodi,

148 1558 228 1616 quae
243 1558 304 1603 non
320 1540 420 1600 minus
436 1556 527 1615 quarn
543 1541 763 1602 medicamenta
778 1539 958 1615 proficiunt:
974 1542 1067 1603 adioit
1082 1556 1130 1600 re-

105 1625 255 1686 alrnediis
271 1624 422 1684 medicina
437 1624 607 1684 eonsilium.
623 1625 746 1700 ‚,Error‚
762 1625 867 1700 inquit,
882 1632 931 1686 est
945 1640 1041 1686 eausa
1056 1639 1129 1700 pee-

148 1708 246 1768 eandi.
262 1707 344 1768 hune
356 1705 445 1767 nobis
458 1716 624 1784 praecepta
635 1726 696 1770 nnn
709 1709 871 1784 detrahunt
881 1725 939 1769 neo
952 1715 1133 1785 expugnant

148 1791 311 1866 opiniones
326 1790 469 1852 debonis
484 1808 521 1852 ae
535 1794 623 1853 malis
638 1794 764 1854 lalsas.“
783 1793 926 1854 concedo
944 1809 1000 1868 per
1013 1809 1048 1854 se
1063 1792 1130 1854 elli-

147 1876 231 1935 eaoia
238 1883 404 1951 praecepta
415 1891 477 1935 nnn
490 1892 560 1938 esse
572 1878 612 1937 ad
620 1877 814 1938 evertendam
823 1893 950 1952 pravam
961 1876 1052 1937 animi
1062 1890 1132 1949 per-

147 1958 338 2022 suasionem:
360 1961 416 2020 sed
437 1977 498 2021 non
513 1961 581 2023 ideo
598 1962 688 2040 [nom]
704 1959 771 2021 aliis
788 1962 912 2037 quidem
927 1961 1044 2020 adiecta
1058 1975 1132 2035 pro·

147 2041 261 2106 liniunt.
281 2043 413 2105 Primum
428 2045 605 2106 memoriam
618 2052 777 2106 renovant.
797 2045 908 2105 deinde
924 2060 1003 2120 quae
1017 2043 1048 2103 in
1062 2043 1132 2105 uni·

147 2143 239 2188 verso
256 2130 414 2190 eoniusius
430 2128 625 2203 videbantur,
654 2130 683 2188 in
706 2136 809 2205 partes
832 2129 932 2188 divisa
953 2127 1130 2204 diligentius

147 2212 394 2273 considerantum
410 2220 463 2273 aut
476 2221 508 2275 tu
523 2215 582 2275 isto
597 2213 689 2274 modo
705 2213 775 2273 lieet
790 2220 820 2273 et
835 2211 1065 2274 consolationes
1085 2212 1131 2273 di·

148 2312 200 2357 eas
217 2313 427 2372 supervacuas
443 2304 474 2359 et
488 2297 732 2358 exhortationes:
748 2296 832 2373 atqui
846 2313 907 2357 non
930 2305 1001 2358 sunl
1021 2311 1131 2371 super-

105 2392 273 2456 aavaeuae,
289 2398 361 2457 ergo
377 2398 416 2441 ne
430 2383 611 2443 monitiones
627 2382 760 2457 quidem.
782 2380 933 2456 „Stultum
950 2389 1007 2454 est,
1023 2380 1130 2457 inquit,

148 2466 325 2541 praecipere
340 2481 432 2539 aegro
449 2466 522 2540 quid
535 2468 635 2527 lacere
646 2473 800 2540 tamquam
816 2482 911 2526 sanus
927 2463 1046 2540 debeat,
1060 2480 1131 2526 eum

147 2549 336 2610 restituenda
351 2550 465 2609 sanitas
481 2551 534 2621 sit,
566 2549 633 2610 sine
655 2567 717 2625 qua
736 2550 825 2610 inrita
842 2557 914 2611 sunt
933 2553 1131 2625 praecepta.“

148 2631 240 2704 Quid,
268 2632 351 2706 quod
385 2632 498 2693 habent
518 2634 601 2707 aegri
623 2634 774 2708 quaedam
794 2633 924 2710 sanique
947 2633 1129 2706 eommunia,

147 2715 186 2772 de
202 2713 313 2788 quibus
329 2715 513 2776 admonendi
529 2724 621 2780 sunt?
644 2725 799 2793 tamquam
814 2735 853 2779 ne
868 2717 959 2778 avide
973 2717 1060 2779 eibos
1076 2716 1130 2777 ad-

147 2804 260 2871 petant
278 2804 311 2858 ut
325 2799 535 2861 lassitudinem
549 2803 653 2862 vitent.
694 2802 816 2863 Habent
837 2802 987 2877 quaedam
1004 2814 1128 2876 praeoe-

104 2887 198 2955 rapta
213 2883 386 2942 eommunia
401 2899 520 2960 pauper
534 2892 564 2946 et
578 2886 675 2947 dives.
694 2884 812 2961 ‚,Sana,
837 2885 951 2962 inquit,
972 2883 1129 2945 avaritiam

147 2971 177 3024 et
190 2963 263 3024 nihil
279 2966 422 3042 habebis,
445 2971 530 3044 quod
546 2971 714 3031 admoneas
737 2977 789 3031 aut
803 2985 970 3045 pauperem
985 2976 1038 3030 aut
1053 2967 1128 3028 divi·

146 3058 220 3112 tem:
239 3049 390 3126 cupiditas
405 3053 565 3130 utriusque
580 3054 750 3116 considet.“
779 3055 865 3129 Quid,
881 3053 965 3130 quod
981 3052 1065 3113 aliud
1082 3058 1130 3114 est

145 3149 207 3193 non
220 3134 441 3210 enneupiseere
453 3138 622 3212 peeuniam,
637 3139 720 3200 aliud
730 3138 773 3200 uti
786 3139 917 3214 pecunia
928 3139 1030 3198 seire?
1041 3134 1137 3198 euius.

146 3217 230 3277 avari
251 3220 377 3281 modum
398 3221 553 3296 ignorant,
574 3221 663 3283 etiam
684 3239 746 3285 non
767 3225 850 3283 avari
870 3238 971 3284 usum.
1016 3221 1128 3296 „Tolle

145 3299 252 3376 inquit,
268 3319 405 3366 errores:
421 3321 615 3381 supervacua
628 3315 793 3383 praecepta
807 3311 907 3367 sunt.“
925 3305 1052 3367 Falsum
1067 3310 1116 3365 est

145 3392 221 3458 puta
237 3388 317 3447 enim
332 3389 488 3452 avaritiam
502 3390 685 3466 relaxatam,
705 3398 780 3468 puta
795 3390 969 3452 adstrictam
991 3405 1065 3452 esse
1085 3389 1129 3450 lu·
