2468 3930
209 251 351 311 SENECA
366 251 413 308 DE
427 252 601 310 FORMULA
616 252 808 311 HONESTAF.
825 251 945 313 VITAE.
1002 249 1064 316 469

161 404 284 472 Quatuor
298 404 429 460 virtutum
447 405 558 476 species
575 406 723 462 multorum
739 406 905 478 sapientium
922 409 1065 465 sententiis

99 487 229 543 definitae
249 492 327 555 sunt,
344 489 443 559 quibus
458 488 568 545 animus
581 488 721 545 humanus
735 496 864 562 comptus
883 490 921 546 ad
933 491 1065 548 honesta·

98 577 152 626 tem
167 572 242 627 vitae
260 571 350 642 possit
371 571 524 628 accedere:
548 571 648 628 harum
668 575 759 644 prima
778 580 821 630 est
835 574 997 646 prudentia,
1020 590 1064 631 se

98 654 191 710 cunda
202 655 430 726 magnanimitas,
445 657 525 711 tertia
536 658 720 726 continentia,
745 662 842 727 quarta
859 658 970 714 iustitia.
1003 657 1065 716 Sin·

98 740 181 810 gulae
200 738 284 809 igitur
297 738 342 794 his
356 739 472 807 officiis,
494 754 565 810 quae
585 741 681 795 subter
698 756 808 796 annexa
823 747 900 811 sunt,
915 742 1064 798 honestum

98 837 131 877 ac
144 824 215 876 bene
229 827 365 878 moratum
379 823 470 878 virum
484 822 617 879 efficiunt.

180 903 215 960 ΙΙ.
235 904 276 960 De
289 905 446 976 prudentia.

160 989 292 1059 Quisquis
307 989 391 1060 igitur
405 988 581 1060 prudentiam
595 990 675 1059 sequi
690 988 852 1059 desideras,
872 994 937 1044 tunc
955 1007 1006 1062 per
1020 1001 1090 1052 rra-1

99 1073 201 1128 tionem
214 1078 291 1127 recte
308 1072 407 1141 vives,
433 1073 457 1127 si
473 1073 567 1128 omnia
581 1072 659 1143 prius
675 1075 807 1128 aestimes
826 1077 853 1128 et
867 1088 1022 1144 perpenses
1038 1079 1065 1129 et

98 1155 258 1227 dignitatem
273 1157 358 1211 rebus
372 1172 427 1210 non
443 1171 478 1210 ex
492 1155 623 1228 opinione
633 1157 779 1212 multorum
793 1156 892 1211 seder
907 1171 1002 1212 earum
1014 1172 1063 1211 na·

97 1245 158 1294 tura
172 1240 333 1296 constituas.
356 1254 421 1293 nam
434 1240 508 1296 scire
522 1239 618 1310 debes,
634 1239 710 1310 quod
725 1239 863 1312 quaedam
880 1255 938 1294 non
949 1239 1064 1296 videan-

98 1329 140 1378 tur
153 1324 228 1377 bona
239 1338 303 1378 esse
319 1328 346 1377 et
358 1331 431 1391 sunt,
449 1323 586 1395 quaedam
601 1323 747 1379 videantur
762 1329 790 1377 et
801 1339 858 1378 non
873 1327 945 1378 sunt.
974 1323 1092 1392 Quae-b

98 1421 206 1476 cunque
225 1411 318 1461 autem
333 1423 369 1460 ex
384 1409 468 1463 rebus
483 1406 648 1462 transitoriis
664 1406 805 1478 possides,
819 1422 875 1461 non
890 1405 999 1462 mireris
1011 1422 1064 1462 nec

98 1489 191 1560 magni
207 1490 338 1545 aestimes
352 1491 473 1560 [precii],
488 1489 563 1560 quod
575 1489 712 1545 caducum
728 1495 779 1558 est,
798 1505 850 1545 nec
865 1489 940 1562 apud
952 1496 977 1545 te
990 1506 1063 1562 quae

96 1572 195 1643 habes,
211 1579 351 1644 tamquam
367 1575 461 1629 aliena
475 1573 617 1642 servabis,
639 1574 692 1629 sed
706 1590 758 1646 pro
776 1579 803 1628 te
821 1577 959 1644 tamquam
974 1580 1023 1630 tua
1038 1577 1064 1628 et

98 1655 245 1727 dispenses
261 1663 288 1711 et
301 1657 395 1712 utaris.
427 1657 457 1714 Si
472 1654 648 1729 prudentiam
663 1658 854 1729 amplecteris,
870 1659 972 1728 ubique
987 1657 1091 1718 idem3

98 1739 162 1806 eris,
181 1745 208 1795 et
226 1744 308 1810 prout
320 1755 413 1795 rerum
430 1740 586 1813 [temporis]
602 1742 725 1797 varietas
740 1741 840 1813 exigit,
855 1742 894 1796 ita
910 1747 937 1796 te
953 1757 1064 1797 accom-

98 1822 196 1879 modes
210 1825 326 1907 tempori
347 1840 400 1881 nec
419 1830 446 1880 te
468 1826 496 1879 in
517 1824 655 1896 aliquibus
677 1831 767 1880 mutes
785 1822 837 1880 sed
861 1824 954 1896 potius
974 1830 1063 1896 aptes,

98 1906 169 1961 sicut
182 1923 290 1977 manus,
309 1923 381 1978 quae
398 1909 532 1980 [semper]
548 1907 703 1965 eademest
717 1915 821 1965 etcum
836 1908 865 1963 in
879 1909 1001 1979 palmam
1017 1923 1064 1962 ex-

96 1990 219 2045 tenditur
242 1996 269 2045 et
290 2007 353 2046 curn
373 1992 401 2046 in
415 2008 540 2064 pugnum
556 1993 726 2065 astringitur.
756 1990 904 2048 Prudentis
921 1992 1091 2063 proprium4

97 2079 140 2128 est
156 2075 315 2129 examinare
329 2076 447 2129 consilia
468 2083 496 2130 et
509 2089 565 2129 non
579 2075 634 2130 cito
654 2076 728 2130 facili
750 2074 912 2130 credulitate
936 2074 973 2128 ad
992 2074 1064 2130 salsa

97 2156 216 2227 prolabi.
244 2155 284 2209 De
300 2155 392 2211 dubiis
412 2172 469 2211 non
485 2156 604 2212 definias
620 2156 673 2213 sed
688 2173 857 2229 suspensam
871 2162 935 2211 tene
953 2162 1064 2212 senten·

97 2239 172 2294 tiam.
203 2238 272 2293 nihil
291 2235 488 2312 [inexpertum]
504 2239 643 2308 affirmes,
663 2240 799 2311 quianon
815 2256 912 2310 omne,
928 2238 1004 2310 quod
1015 2253 1065 2296 ve·

98 2321 218 2377 risimile·
228 2327 284 2389 est,
307 2323 399 2377 statim
414 2327 442 2377 et
455 2338 555 2379 verum
576 2328 635 2390 est,
656 2324 728 2378 sicut
741 2329 768 2378 et
785 2323 900 2394 saepius
916 2323 992 2392 quod
1007 2322 1065 2394 pri·

99 2421 173 2461 mum
195 2405 358 2461 incredibile
378 2405 504 2476 videtur,
529 2420 586 2459 non
607 2407 740 2463 continuo
760 2406 861 2461 falsum
886 2410 937 2460 est.
966 2406 1064 2461 crebro

98 2488 235 2560 siquidem
250 2490 349 2546 taciem
367 2489 504 2546 mendacii
519 2488 625 2544 veritas
639 2491 753 2560 retinet,
768 2490 819 2559 [et]
835 2491 932 2544 crebro
947 2488 1064 2544 menda-

98 2573 171 2628 cium
187 2574 281 2646 specie
297 2575 422 2630 veritatis
439 2573 603 2630 occultatur.
629 2589 694 2629 narn
709 2575 780 2630 sicut
792 2572 944 2644 aliquando
957 2572 1065 2628 tristem

98 2657 216 2712 lrontem
243 2659 349 2714 amicus
376 2666 404 2714 et
427 2656 559 2714 blandam
583 2655 711 2714 adulator
734 2655 870 2727 ostendit,
895 2657 939 2712 sic
965 2656 1064 2712 verisi-

98 2740 277 2810 mil[itudin]e
293 2744 432 2798 coloratur
447 2741 574 2812 [veritas]
598 2748 626 2797 et
645 2748 675 2797 ut
689 2742 767 2798 lallat
782 2742 830 2797 vel
843 2741 975 2814 surripiat
990 2756 1064 2797 com·
1158 2752 1161 2758 ·

98 2824 219 2892 ponitur.
241 2821 271 2879 Si
283 2825 408 2895 prudens
420 2843 485 2882 esse
500 2824 591 2896 cupis,
606 2826 633 2880 in
650 2827 741 2882 lutura
754 2830 935 2898 prospectum
950 2822 1093 2882 intendes

98 2909 125 2959 et
140 2921 211 2976 quae
226 2914 346 2978 possunt
361 2911 530 2981 contingere,
546 2910 639 2965 animo
652 2914 699 2965 tuo
715 2916 815 2966 cuncta
829 2924 966 2982 propone.
995 2907 1065 2963 nihil

98 2989 145 3046 tibi
164 2990 286 3044 subitum
303 2992 339 3045 sit
355 2991 406 3047 sed
423 2997 509 3048 totum
524 2997 587 3047 ante
602 2994 768 3064 prospicias.
795 3008 860 3048 nam
877 2992 923 3063 qui
938 2991 1063 3063 prudens

99 3080 156 3140 est,
172 3089 228 3126 non
243 3072 328 3129 dicit:
354 3090 428 3144 „non
442 3075 538 3146 putavi
551 3073 605 3130 hoc
621 3076 719 3144 lieri‚“
741 3075 877 3152 quianon
892 3074 998 3131 dubitat
1013 3073 1064 3130 sed

99 3163 255 3228 exspectat,
272 3173 329 3212 non
342 3160 502 3230 suspicatur
516 3157 569 3213 sed
582 3164 671 3214 cavet
701 3159 904 3228 Cuiuscumque
919 3158 984 3213 tacti
998 3172 1063 3213 cau·
1075 3162 1093 3216 6

99 3257 159 3296 sam
174 3241 299 3312 require:
317 3258 379 3298 cum
395 3242 472 3296 initia
486 3240 639 3310 inveneris,
655 3241 746 3298 exitus
762 3242 908 3313 cogitabis.
939 3238 1014 3297 Scito
1036 3240 1064 3294 in

99 3324 265 3394 quibusdam
285 3330 312 3380 te
333 3325 436 3383 debere
458 3339 660 3397 perseverare,
683 3326 748 3396 quia
770 3325 901 3397 coepisti:
926 3323 1064 3396 quaedam

98 3423 167 3462 vero
189 3425 242 3465 nec
262 3409 400 3482 incipere,
424 3411 452 3466 in
472 3409 572 3481 quibus
589 3423 775 3480 perseverare
796 3409 831 3465 sit
845 3409 970 3464 noxium.
997 3407 1065 3464 Pru·

100 3487 170 3547 dens
186 3493 281 3549 tallere
305 3509 362 3549 non
377 3495 443 3563 vult,
467 3493 525 3549 lalli
541 3508 598 3549 non
613 3494 724 3566 poterit.
755 3491 837 3563 [Roni
853 3498 895 3549 est
911 3491 965 3550 viri
981 3491 1066 3547 etiam
