2468 3930
339 258 507 316 REMEDIIS
522 258 778 317 FORTUITORUM
792 259 905 316 LIBER.
1017 254 1081 321 453

146 413 198 467 bus
210 412 324 484 spoliari
340 427 479 482 nequeas,
496 427 568 482 quae
585 411 708 483 undique
726 411 900 482 comitatum,
921 412 1037 470 divitem
1055 417 1083 469 et

146 500 436 568 ornatumpraestent.

186 581 322 652 „Pauper
339 581 428 637 sum.¹⁴
449 580 480 635 ln
493 580 564 637 vita:
582 580 637 635 eris
650 579 748 634 laetior
759 579 787 633 in
798 585 896 635 morte.
923 578 1013 635 Nemo
1026 586 1081 637 tam

144 679 254 735 pauper
264 665 350 732 vixit,
371 668 401 718 ut
414 679 471 718 non
486 663 609 719 moriens
620 664 706 720 vellet
715 663 822 720 vixisse
832 665 994 735 pauperior.

185 747 231 805 Xl.
252 747 468 818 „Pecuniam
491 745 675 819 perdidi.“
717 746 848 803 Fortasse
867 753 894 802 te
918 748 965 804 illa
985 750 1108 822 perdi-l

104 831 201 887 disset.

165 915 340 985 „Pecuniam
350 913 491 985 perdidi.“
513 912 572 969 Sed
582 912 712 970 habuisti.

164 999 340 1069 „Pecuniam
349 997 489 1069 perdidi.“
510 996 632 1054 Habebis
648 1012 703 1051 nno
713 996 839 1068 periculo
850 997 951 1054 minus.

165 1083 340 1151 „Pecuniam
354 1080 494 1152 perdidi.“
526 1080 587 1138 Ote
599 1081 724 1151 felicem,
744 1081 768 1135 si
785 1096 848 1135 cum
865 1081 911 1135 illa
934 1082 1111 1148 avaritiam2

100 1166 255 1237 perdidisti.
267 1165 320 1220 sed
331 1165 355 1220 si
365 1169 460 1220 manet
470 1164 517 1220 illa
524 1165 601 1237 apud
611 1169 654 1235 te,
666 1181 696 1220 es
708 1170 802 1220 tamen
814 1169 953 1234 utcunque
964 1166 1079 1238 felicior,

103 1249 179 1320 quod
192 1254 266 1304 tanto
278 1250 352 1305 malo
365 1248 630 1305 materia-subducta
642 1253 693 1308 est.

165 1333 339 1402 „Pecuniam
351 1331 493 1404 perdidi.“
522 1331 557 1388 Et
566 1333 613 1388 illa
629 1330 766 1408 [quidem]
783 1348 867 1402 quam
878 1331 991 1386 multost
1014 1331 1107 1396 Esica

101 1433 174 1472 nunc
185 1416 213 1471 in
224 1417 271 1474 via
282 1414 447 1487 expeditior,
459 1415 534 1471 domi
546 1416 640 1473 tutior:
656 1431 713 1471 non
723 1415 850 1485 habebis,
863 1416 915 1471 sod
929 1431 987 1470 non
997 1415 1077 1473 time·

99 1501 142 1556 bis
153 1499 298 1556 heredem.
325 1500 497 1556 Exoneravit
509 1503 534 1555 te
547 1501 665 1570 fortuna,
676 1500 701 1555 si
711 1499 851 1572 intelligis,
864 1505 891 1555 et
902 1500 1002 1556 tutiore
1014 1501 1077 1557 loco

100 1585 207 1656 posuits
229 1582 363 1638 damnum
380 1586 485 1655 putas?
507 1584 662 1641 remedium
679 1588 730 1640 est.
768 1581 904 1658 [Denique
922 1584 947 1639 si
958 1583 1078 1642 amissas

101 1684 164 1724 cum
180 1667 290 1723 arnissis
310 1666 410 1722 taediis
427 1669 574 1738 conferas,
591 1669 698 1724 lucrum
714 1665 824 1742 voces.]
852 1665 962 1736 Defles,
977 1669 1077 1740 gemis,

100 1747 234 1806 miseru'm
245 1757 272 1806 te
286 1751 429 1821 clamitas,
452 1752 529 1824 quod
543 1751 644 1824 opibus
664 1768 800 1808 excussus
812 1755 866 1808 esf
886 1756 932 1808 tuo
946 1753 1012 1809 vitio
1024 1753 1078 1809 ista

99 1835 148 1890 tibi
163 1835 268 1891 iactura
282 1840 340 1890 tam
352 1835 434 1890 tristis
447 1840 496 1893 est.
510 1841 632 1892 nontam
645 1837 763 1894 moleste
774 1837 879 1904 ferres,
899 1835 923 1891 si
935 1840 1078 1908 tamquam

99 1918 259 1990 perditurus
275 1918 433 1975 habuisses.

164 2003 338 2072 „Pecuniam
349 2002 491 2074 perdidi.“
520 2002 629 2075 Nempe
654 2020 737 2075 quam
753 2010 783 2060 ut
801 2010 832 2060 tu
849 2003 983 2076 haberes,
1006 2004 1077 2060 alius

100 2091 163 2144 ante
174 2085 347 2156 perdiderat.

183 2164 338 2225 ADDITIO.
358 2168 531 2236 „Pecuniam
548 2168 657 2224 amisi.“
678 2169 792 2225 Etcum
811 2169 858 2224 illa
876 2187 958 2227 curas
976 2171 1104 2227 multas4

140 2250 351 2322 periculumque
361 2255 536 2323 perpetuum.

183 2333 321 2403 „Perdidi
335 2333 515 2406 pecuniam.“
536 2333 570 2390 Et
589 2335 715 2390 laborem
734 2335 879 2393 custodiae
898 2343 924 2392 et
936 2336 1077 2409 perdendi

141 2423 259 2473 metum=
284 2418 325 2472 sic
344 2415 492 2490 perdendo
511 2417 661 2490 pecuniam
676 2417 732 2475 duo
752 2422 841 2490 bona,
857 2421 1076 2494 unumquodque

140 2503 327 2575 praestantius
339 2500 457 2571 amissa,
468 2502 646 2559 securitatem
658 2507 684 2558 et
694 2503 834 2576 requiem,
853 2503 992 2562 invenisti.

182 2587 358 2657 „Pecuniam
367 2585 509 2659 perdidi.“
529 2585 622 2656 Bene,
642 2587 666 2642 si
678 2592 706 2642 te
718 2588 766 2644 illa
776 2604 833 2644 non
842 2587 981 2661 perdidit,
1000 2587 1106 2659 quodb

140 2672 231 2726 multis
243 2672 299 2726 iam
308 2671 522 2743 possessoribus
535 2670 607 2731 fecit.

182 2755 356 2822 „Pecuniam
375 2755 484 2811 amisi.“
527 2753 557 2812 Si
574 2760 601 2811 te
620 2754 692 2811 adeo
717 2771 773 2811 non
798 2761 862 2813 tuae
880 2772 993 2829 quoque
1012 2752 1074 2813 cr'u-

141 2836 215 2892 ciant
226 2837 348 2894 iacturae
358 2839 463 2910 tibique
473 2841 520 2897 vel
531 2840 653 2896 alienum
667 2840 742 2897 demi
755 2840 847 2912 doles,
859 2839 937 2897 disce
949 2840 995 2896 illa
1006 2856 1073 2898 con-

141 2920 267 2991 quirere,
290 2935 362 2992 quae
376 2927 423 2977 tua
440 2930 504 2978 sunt
519 2923 635 2997 propria
647 2929 729 2996 atque
742 2929 894 2997 perpetua,
917 2940 1036 2996 quorum
1047 2931 1074 2982 et

140 3003 289 3075 adquisitio
301 3004 408 3061 facilior
419 3012 446 3061 et
455 3007 602 3079 possessio
613 3008 731 3065 nobilior
747 3010 920 3079 certiorques
942 3009 1074 3065 virtutem

139 3089 162 3144 si
176 3088 346 3159 quaesieris,
364 3104 421 3144 non
433 3090 550 3146 amittes.

181 3171 320 3243 „Perdidi
330 3173 510 3245 pecuniam.“
526 3172 714 3245 Experrectus
728 3190 771 3231 esa
782 3180 810 3230 te
823 3174 938 3232 divitem
950 3173 1073 3230 somnia·
1086 3177 1105 3234 6

137 3261 199 3314 bas.

182 3340 358 3411 „Pecuniam
368 3356 500 3413 magnam
514 3341 624 3397 amisi.“
647 3339 782 3414 Magnum
797 3341 909 3416 pondus
928 3347 956 3400 et
974 3342 1076 3400 durum

139 3431 166 3480 et
177 3442 266 3497 grave
278 3426 360 3480 simul
371 3424 494 3481 custodis
512 3424 642 3481 officium.

181 3509 296 3579 „Amisi
306 3510 458 3582 pecuniam
470 3514 552 3582 quam
565 3510 722 3566 amabam.“
739 3511 825 3584 Turpi
833 3527 928 3568 amore
936 3513 1077 3569 relaxatus
1088 3513 1106 3573 7
