2468 3930
231 218 401 283 EPISTUL.
413 219 506 282 Mon.
529 221 602 281 LIB.
616 220 653 279 11.
673 219 729 279 EP.
744 229 770 282 4.
786 230 812 282 5.
827 228 883 296 (16.
896 224 952 291 17.)
1036 218 1078 284 3⁴7

101 383 175 435 tune
187 386 237 431 me
248 378 343 432 toturn
354 370 567 446 philosophiae
579 370 691 430 dabo.“
708 370 791 445 atqui
802 369 876 429 nihil
887 371 972 445 prius
985 386 1076 445 quarn

100 457 162 516 hoc
177 455 347 530 parandum
362 463 424 527 est,
447 455 533 530 quod
549 461 581 515 tu
596 452 703 514 differs
721 460 751 514 et
766 462 837 530 post
851 461 954 515 cetera
968 471 1076 530 paras:

102 540 141 599 ab
161 539 221 600 hoe
240 537 449 612 incipiendum
470 545 526 598 est.
565 537 709 611 „Parare
733 537 850 613 inquis,
872 538 955 598 unde
978 538 1076 598 vivam

102 625 207 684 volo.“
226 624 322 685 Simul
335 629 365 682 et
374 631 403 683 te
414 636 524 696 parare
536 621 637 679 disce:
651 620 677 679 si
686 619 760 694 quid
766 627 797 680 te
805 629 888 681 vetat
897 623 977 682 bene
990 621 1076 681 vive·

101 723 145 779 re,
159 707 241 766 bene
253 706 331 765 mori
346 721 408 766 non
423 711 512 765 vetat.
547 704 613 764 Non
631 710 687 778 est,
703 704 786 777 quod
799 713 966 780 paupertas
984 722 1042 768 nos
1058 710 1105 766 ad

75 789 304 866 ,philosophia
319 796 461 860 revocet,
490 804 529 846 ne
551 796 674 862 egestas
694 786 827 862 quidem.
849 790 1009 850 toleranda
1030 797 1076 850 est
1113 844 1114 847 ,

102 874 183 935 enim
198 873 238 934 ad
253 872 312 932 hoc
333 871 568 948 properantibus
591 873 638 931 vel
659 872 771 941 fames,
798 888 888 947 quam
908 875 1076 934 toleravere

88 957 228 1033 ‘quidam
243 957 274 1016 in
290 955 514 1016 obsidionibus.
541 962 571 1017 et
586 955 670 1029 quod
684 956 766 1014 aliud
784 963 849 1016 erat
862 957 942 1017 illius
960 957 1076 1032 patien-

101 1042 162 1102 tiae
182 1039 351 1116 praemium
373 1056 463 1116 quam
484 1039 516 1099 in
538 1038 694 1098 arbitrium
714 1055 776 1098 non
797 1040 908 1100 cadere
929 1039 1077 1100 victoris?

103 1133 218 1200 quanto
237 1124 296 1184 hoc
310 1125 407 1183 maius
422 1131 485 1196 est,
508 1139 569 1198 qno
585 1122 766 1197 promittitur
780 1131 928 1197 perpetua
941 1123 1074 1195 libertas,

102 1208 217 1275 nullius
240 1222 298 1267 nec
317 1207 449 1267 hominis
471 1222 529 1266 nec
549 1206 600 1266 dei
619 1207 724 1267 timor:
750 1211 780 1264 et
801 1205 924 1280 quidem
941 1207 989 1265 vel
1004 1221 1074 1265 esu-

100 1292 192 1351 rienti
214 1291 254 1351 ad
274 1292 333 1351 ista
353 1291 537 1358 veniendum
559 1297 615 1350 est.
656 1289 800 1364 Perpessi
827 1295 898 1349 sunt
923 1289 1105 1349 exercitus?

102 1375 237 1450 inopiam
254 1375 386 1435 omnium
401 1390 517 1447 rerum,
538 1371 680 1432 vixerunt
698 1371 860 1433 herbarum
875 1373 1028 1433 radicibus
1046 1379 1077 1432 et

102 1459 186 1519 dictu
200 1459 321 1518 ioedius
334 1460 466 1519 tulerunt
479 1458 598 1517 famem.
621 1458 698 1518 haec
713 1457 814 1517 omnia
829 1457 913 1531 passi
931 1466 1002 1518 sunt
1019 1472 1075 1531 pro

101 1557 215 1617 regno,
235 1558 361 1618 quoque
382 1541 481 1616 magis
502 1539 636 1613 mireris,
659 1542 773 1601 alieno:
799 1540 946 1603 dubitabit
964 1541 1074 1616 aliquis
1096 1567 1103 1573 ·

103 1627 185 1686 ‘erre
214 1632 439 1700 paupertatem,
468 1631 501 1685 ut
524 1622 658 1684 animum
678 1624 831 1684 furoribus
855 1625 983 1685 liberet?
1007 1626 1075 1685 Non

103 1717 149 1770 est
163 1725 236 1785 ergo
252 1708 338 1785 prius
353 1709 592 1783 adquirendum:
608 1709 678 1769 licet
690 1708 730 1768 ad
745 1707 970 1783 philosophiam
985 1709 1075 1770 etiam

103 1793 170 1853 sine
189 1794 298 1854 vintico
321 1793 492 1869 pervenire.
538 1792 582 1852 Ita
602 1799 670 1852 est?
700 1809 768 1854 cum
795 1791 896 1853 omnia
920 1791 1106 1867 habueris,8

103 1885 176 1937 tunc
188 1877 303 1936 habere
319 1885 349 1937 et
362 1876 541 1952 sapientiam
557 1878 665 1936 volesr
680 1876 758 1935 haec
773 1874 828 1936 erit
843 1876 980 1937 ultimum
996 1876 1075 1936 vitae

103 1960 335 2020 instrumentum
356 1967 398 2033 et,
420 1967 453 2021 ut
464 1960 508 2019 ita
522 1960 634 2032 dicam,
657 1960 922 2020 additamentum?
944 1961 989 2019 Tu
1004 1975 1076 2018 vero

103 2043 169 2103 sive
190 2043 305 2117 aliquid
321 2044 433 2104 habes:
454 2042 515 2102 iam
537 2042 765 2119 philosophare.
796 2045 878 2103 unde
899 2044 980 2104 enim
1003 2044 1076 2116 scis,

102 2143 139 2186 an
154 2126 215 2186 iam
229 2125 317 2187 nimis
333 2126 469 2188 habeas?
484 2126 553 2187 sive
570 2126 657 2186 nihil
678 2127 738 2186 hoc
754 2128 839 2202 prius
857 2144 970 2202 quaere
984 2143 1075 2203 quarn

103 2210 278 2286 quicquam.
319 2212 380 2284 „At
404 2210 581 2272 necessaria
606 2211 763 2270 deerunt“
806 2211 937 2271 Primum
964 2212 1109 2276 deesses

102 2310 163 2354 non
179 2301 330 2368 poterunt,
350 2295 422 2368 quia
435 2302 542 2356 natura
557 2294 711 2354 minimum
728 2292 809 2368 petit
830 2302 957 2356 naturae
977 2303 1077 2355 autem

103 2393 136 2436 se
152 2378 279 2453 sapiens
295 2378 519 2438 adcommodat.
550 2377 612 2439 Sed
635 2377 662 2436 si
679 2376 879 2436 necessitates
895 2379 1018 2437 ultimae
1032 2377 1076 2436 in-

102 2461 252 2533 ciderunt,
269 2461 444 2522 iamdudum
459 2463 541 2524 exiet
554 2477 573 2521 e
587 2460 649 2521 vita
663 2467 693 2519 et
706 2461 854 2521 molestus
868 2461 925 2520 sibi
938 2476 1009 2520 esse
1024 2462 1075 2519 de—

103 2544 191 2604 sinet.
228 2542 262 2603 Si
278 2560 352 2605 vero
367 2545 510 2621 exiguum
527 2546 622 2606 eritet
636 2552 808 2618 angustum,
826 2560 886 2618 quo
902 2544 1001 2620 possit
1016 2544 1077 2605 vita

101 2626 250 2702 produci,
276 2626 309 2687 id
322 2629 395 2687 boni
411 2629 550 2690 consulet
570 2645 627 2689 nec
640 2630 719 2690 ultra
734 2628 911 2688 necessaria
927 2627 1076 2688 sollicitus

101 2718 153 2771 aut
167 2711 277 2770 anxius
295 2712 393 2772 ventri
409 2718 439 2772 et
458 2713 593 2788 scapulis
614 2729 702 2773 suum
722 2712 831 2772 reddet
853 2720 882 2773 et
903 2711 1078 2787 occupatio-

101 2808 159 2854 nes
174 2793 303 2854 divitum
317 2797 632 2871 concursationesque
647 2796 687 2855 ad
704 2794 824 2855 divitias
842 2796 976 2857 euntium
989 2812 1077 2856 secu·

99 2893 155 2936 rus
171 2878 332 2953 laetusque
348 2878 459 2938 ridebit
476 2895 515 2940 ae
536 2881 630 2940 dicet:
653 2880 748 2954 „quid
770 2881 799 2938 in
821 2881 944 2956 longum
967 2881 1036 2955 ipse
1050 2886 1079 2940 te
1088 2890 1123 2944 10

100 2958 231 3020 differs?
261 2962 496 3036 exspectabisne
516 2963 630 3024 fenoris
658 2970 820 3038 quaestum
842 2972 894 3025 aut
918 2980 956 3024 ex
977 2979 1079 3023 merce

100 3044 310 3118 conpendium
323 3052 376 3105 eut
390 3045 509 3106 tabulas
526 3045 606 3106 beati
617 3047 718 3119 senis,
734 3062 801 3106 cum
817 3046 884 3107 fieri
900 3047 1001 3122 possis
1019 3054 1079 3107 sta-

102 3126 154 3187 tim
169 3125 279 3188 divesr
296 3137 508 3204 repraesentat
523 3146 600 3204 opes
615 3128 780 3204 sapientia,
802 3147 880 3205 quas
897 3132 1081 3204 cuicumque

100 3209 174 3271 lecit
194 3227 423 3286 supervacuas,
442 3211 556 3274 dedit.“
591 3214 675 3274 Haec
697 3214 737 3273 ad
757 3215 834 3273 alios
857 3214 1021 3289 pertinent:
1050 3220 1081 3273 tu

99 3292 306 3370 locupletibus
319 3295 503 3370 propiores.
519 3299 657 3357 seculum
669 3305 760 3371 muta,
777 3298 865 3357 nimis
878 3297 985 3356 habes.
1000 3295 1081 3357 idem

100 3385 203 3440 autem
217 3380 298 3440 omni
314 3380 429 3452 seculo,
447 3380 532 3455 quod
545 3388 594 3439 sat
610 3390 666 3441 est.

163 3459 303 3523 Poteram
318 3462 379 3522 hoc
395 3463 463 3523 loco
480 3463 642 3538 epistulam
660 3465 812 3540 claudere,
827 3465 885 3524 nisi
899 3472 930 3524 te
944 3463 1023 3523 male
1034 3463 1077 3525 in·
1092 3473 1125 3529 11
