2468 3930
144 188 207 254 376
438 189 471 250 L.
492 189 639 250 ANNAEI
661 187 837 250 SENECAE

144 341 335 403 Sallustium:
357 344 521 402 exercitum
535 324 659 415 arama
669 341 752 414 fecit,
766 339 798 399 id
813 345 875 413 est,
890 339 1023 414 pecunia
1035 356 1128 416 para—

146 426 196 486 vit.
224 425 285 486 hoc
305 424 467 485 Arruntius
489 440 592 484 amare
613 424 728 499 coepit:
757 423 860 499 posuit
883 424 958 484 illud
983 423 1133 485 omnibus

145 509 277 584 paginis.
304 508 376 568 dicit
396 509 531 583 quodam
549 510 635 568 locor
660 509 770 581 sapam
788 509 896 568 nastris
918 509 1032 581 fecere.
1064 509 1127 569 alio

145 595 230 653 toco=
261 591 368 665 Hiera,
391 609 450 651 rem
470 591 743 668 Syracusanorum,
770 592 875 652 hellam
896 591 980 663 fecit.
1013 591 1128 652 etalio

145 678 229 736 loco:
253 675 336 746 Quae
349 677 453 736 audita
467 677 715 736 Panhormitanos
731 676 842 736 dedere
854 674 998 736 Romana
1010 675 1125 747 fecere.

103 761 138 816 18
147 759 274 818 Gustum
289 759 342 820 tibi
357 759 431 818 dare
445 757 543 818 valuit
565 764 647 819 tatus
663 759 711 818 his
727 758 897 819 contexitur
915 758 1002 818 liber.
1046 774 1128 834 quae

147 842 229 916 apud
244 840 419 903 Sallustium
439 858 509 902 rara
529 844 665 917 fuerunt,
681 842 764 916 apud
786 842 868 902 hunc
882 843 991 902 crebra
1006 849 1080 903 sunt
1096 849 1128 902 et

146 941 246 1000 paene
261 927 418 998 continua,
435 940 492 985 nec
507 926 575 985 sine
589 942 696 986 causata
717 925 768 986 ille
781 927 860 985 enim
873 926 905 985 in
920 925 996 985 haec
1011 926 1127 986 incide·

145 1009 212 1083 bat,
232 1018 264 1070 at
277 1009 326 1069 hic
347 1009 399 1069 illa
420 1010 595 1084 quaerebat.
640 1009 727 1070 vides
741 1016 855 1082 autem,
879 1007 952 1084 quid
968 1016 1126 1085 sequatur,

103 1096 137 1151 19
145 1093 197 1152 ubi
212 1092 302 1153 alicui
316 1091 421 1153 vitium
436 1109 492 1168 pra
507 1094 648 1168 exempla
664 1100 719 1153 est.
747 1092 830 1153 Dixit
844 1092 1023 1153 Sallustium
1041 1095 1128 1168 aqam

144 1178 346 1237 hiemantibus.
389 1177 552 1236 Arruntius
576 1175 607 1235 in
630 1178 728 1252 primo
753 1175 831 1238 libro
851 1174 924 1236 belli
942 1176 1048 1236 Punici
1071 1176 1127 1236 aitz

145 1268 266 1335 repente
279 1263 418 1320 hiemavit
432 1265 598 1336 tempestas.
624 1261 727 1320 etalio
742 1261 811 1320 laco
831 1275 898 1320 cum
916 1260 1020 1320 dicere
1035 1259 1129 1320 vellet

146 1343 288 1418 trigidum
303 1361 415 1403 annum
431 1343 541 1416 tuisse,
563 1344 619 1403 ait:
629 1388 631 1392 .
641 1350 716 1405 totas
729 1345 869 1404 hiemavit
886 1360 993 1404 annas.
1022 1343 1127 1403 etalio

147 1429 230 1487 locor
262 1428 341 1488 Inde
363 1430 522 1500 recantata
547 1431 703 1488 meraniae
722 1431 799 1488 leves
816 1434 939 1503 praeter
959 1431 1081 1488 mititem
1100 1436 1128 1492 a

146 1513 328 1572 necessarios
340 1516 500 1572 nautarum
512 1511 660 1571 hiemante
673 1514 810 1586 aquilone
822 1514 908 1572 misit.
937 1527 999 1571 non
1015 1509 1126 1570 desint

148 1594 287 1654 omnibus
305 1595 382 1655 locis
402 1593 462 1654 hoc
479 1593 603 1653 verbum
620 1594 767 1654 infulcire.
813 1594 951 1667 Quodam
968 1595 1039 1654 loco
1054 1594 1126 1654 dicit

148 1677 325 1737 Sallustius:
352 1678 437 1738 Inter
456 1692 545 1736 arma
563 1681 662 1739 ciahia
685 1682 774 1753 aequi
791 1679 914 1754 honiqne
927 1678 1033 1750 famas
1043 1681 1119 1754 petit

146 1762 309 1820 Arruntius
331 1777 392 1820 non
410 1760 604 1836 temperavit,
628 1763 803 1836 quominus
819 1763 917 1836 primo
934 1761 1035 1822 statim
1048 1760 1127 1821 libro

104 1851 288 1921 inponeret:
317 1847 448 1918 iacentes
466 1861 529 1904 esse
543 1845 649 1917 famas
668 1846 707 1906 de
724 1846 848 1920 Repeto.
891 1845 975 1904 Haec
997 1860 1071 1919 ergo
1098 1851 1129 1903 et

147 1925 298 1987 eiusmodi
312 1927 394 2001 vitia,
411 1943 490 2002 quae
505 1928 595 1988 alicui
611 1930 756 2004 inpressit
768 1928 903 2002 imitatio,
919 1944 982 1988 non
995 1935 1066 1988 sunt
1078 1927 1124 1985 in·

148 2012 227 2071 dicia
240 2011 380 2071 luxuriae
401 2027 458 2070 nec
472 2012 562 2071 animi
576 2012 727 2087 corrupti=
750 2013 876 2087 propria
890 2013 1055 2071 animasse
1070 2010 1121 2068 de-

146 2095 219 2154 bent
233 2103 262 2155 et
276 2111 316 2154 ex
331 2096 400 2170 ipso
418 2104 503 2167 nata,
529 2111 568 2155 ex
590 2096 702 2171 quibus
724 2104 755 2157 tu
769 2097 913 2157 aestimes
929 2093 1057 2156 alicuius
1072 2093 1126 2152 ad·

147 2179 261 2239 lectus:
291 2179 430 2241 iracundi
451 2180 582 2240 hominis
602 2180 750 2239 iracunda
773 2175 872 2241 oratic
897 2187 958 2254 est,
983 2175 1126 2239 commoti

105 2276 137 2329 al
147 2262 237 2323 nimis
249 2264 387 2339 incitata,
409 2264 530 2324 delicati
551 2270 655 2324 tenera
670 2270 700 2323 et
713 2262 807 2324 fluxa.
852 2263 931 2337 Quot
945 2261 1033 2322 vides
1049 2261 1125 2322 istos

148 2349 252 2422 sequi,
274 2349 325 2424 qui
340 2356 391 2409 aut
406 2350 519 2409 vellunt
533 2348 659 2408 barbam
673 2356 725 2408 aut
745 2346 952 2421 intervellunt,
975 2347 1029 2422 qui
1042 2345 1128 2404 labra

147 2432 287 2508 pressius
308 2434 434 2493 tondent
454 2439 484 2491 et
504 2431 655 2492 abradunt
669 2439 791 2492 servata
805 2438 835 2490 et
854 2428 1010 2491 submissa
1025 2436 1127 2489 cetera

147 2524 242 2591 parte,
262 2514 315 2591 qui
328 2518 467 2575 lacernas
486 2514 599 2575 coloris
614 2514 735 2590 inprobi
747 2523 885 2590 sumunt,
900 2515 952 2589 qui
966 2514 1126 2589 perlucen-

146 2607 207 2658 tem
221 2607 339 2674 togam,
361 2599 414 2673 qui
429 2599 535 2658 nolunt
550 2599 652 2658 iacere
667 2600 848 2674 quicquam,
870 2598 954 2672 quod
969 2597 1126 2658 hominum

147 2682 245 2743 oculis
269 2682 400 2742 transire
424 2681 534 2741 liceat?
560 2682 681 2743 inritant
701 2683 770 2743 illos
793 2690 823 2742 et
841 2681 872 2742 in
896 2698 931 2741 se
954 2681 1125 2755 advertunt.

147 2767 253 2825 volunt
276 2764 326 2822 vel
349 2763 548 2839 reprehendi,
574 2765 646 2825 dum
673 2766 826 2841 conspici:
859 2766 929 2826 talis
956 2772 1003 2824 cst
1028 2763 1126 2825 oratio

145 2848 332 2908 Maecenatis
349 2847 544 2923 omniumque
560 2848 698 2924 aliorum,
714 2850 842 2923 quinon
859 2866 935 2910 casu
952 2854 1055 2907 errant
1070 2845 1126 2906 sed

102 2932 279 3001 nescientes
300 2931 512 3006 volentesque.
555 2932 622 2992 Hoc
644 2949 662 2992 a
682 2949 792 3008 magno
813 2933 904 2993 animi
919 2933 999 2992 maio
1015 2931 1127 2992 oritura

149 3017 304 3092 quomoda
331 3016 361 3074 in
388 3015 458 3076 vino
484 3032 546 3076 non
571 3025 641 3077 ante
666 3017 770 3091 lingua
792 3016 900 3078 titubat
924 3031 1017 3090 quam
1038 3029 1125 3074 mens

148 3100 242 3161 cessit
256 3101 341 3161 oneri
363 3106 393 3159 et
412 3098 554 3160 inclinata
567 3103 615 3160 vel
632 3101 751 3175 perdita
764 3108 824 3160 est:
847 3102 888 3161 ita
906 3102 965 3161 ista
984 3098 1125 3170 aratio,

149 3183 319 3260 quidaliud
341 3201 432 3261 quam
453 3182 606 3245 curiense
636 3183 732 3245 nulli
756 3186 920 3246 molesta
944 3190 1020 3256 est,
1047 3179 1127 3241 nisi

148 3269 294 3330 animus
320 3267 439 3330 labat:
468 3268 555 3329 ideo
581 3268 649 3329 ille
673 3276 845 3329 curetur:
873 3267 980 3328 abillo
1002 3281 1127 3339 sensus,

147 3352 185 3412 ab
207 3351 259 3414 illo
284 3354 378 3413 verba
401 3359 529 3425 exeunt,
555 3353 593 3413 ab
620 3353 671 3414 illo
688 3352 777 3412 nobis
794 3360 842 3415 est
855 3351 992 3425 habitus,
1013 3350 1126 3422 voltus,

146 3436 299 3498 *acessus
330 3437 381 3496 illa
406 3453 483 3497 sano
507 3451 544 3496 ac
567 3439 688 3497 valente
714 3436 810 3497 oratio
837 3451 962 3514 quoque
986 3432 1126 3508 robusta,
