2468 3930
179 206 350 279 nrlsrun.
365 217 459 280 Mon.
479 219 552 279 Lm.
567 219 616 278 111.
638 219 696 281 ΕΡ.
711 227 775 284 aa.
794 225 920 297 (mm.)
994 223 1036 286 65

62 388 121 432 nec
143 368 244 431 minus
265 369 305 429 de
323 370 391 431 aliis
411 369 549 446 cynicis,
576 372 628 446 qui
644 370 782 431 libertate
796 371 973 446 promiscua
987 375 1036 435 usi

61 463 136 516 sunt
152 461 182 514 et
196 453 306 515 obvios
320 461 516 527 monuerunt,
541 454 672 514 dubitari
688 456 781 528 solet,
807 470 846 515 an
859 456 920 516 hoc
935 457 1036 516 lacere

62 535 234 598 debuerint.
258 535 331 610 quid
347 537 436 610 enim,
452 535 479 597 si
495 538 564 611 quis
579 538 692 598 surdos
707 537 847 611 obiurget
860 546 912 600 aul
927 547 1035 600 natura

61 621 212 682 morbove
231 625 354 681 mutost
379 619 516 694 „Quare
539 621 655 695 inquis,
678 619 782 681 verbis
798 628 941 695 parcam?
967 631 1065 696 gra-2

61 705 137 765 tuita
147 710 228 764 suut.
252 719 313 763 non
329 717 458 777 possum
473 703 560 778 scire,
575 720 614 764 an
629 704 657 764 ei
669 704 846 779 profuturus
861 704 928 779 sim,
944 722 1035 780 quem
1100 760 1103 767 .

63 786 231 849 admoneor
255 784 329 846 illud
343 784 418 858 scio,
435 785 525 845 alicui
541 803 590 846 me
605 788 802 862 prolaturum,
820 789 847 848 si
859 790 969 849 mullos
980 789 1034 848 ud-

61 885 222 932 monuero.
244 870 420 944 spargenda
432 885 542 930 manus
558 878 613 931 est.
637 887 698 931 non
713 875 815 945 potest
831 871 912 944 lieri,
928 880 959 933 ut
974 889 1034 933 non

61 953 228 1029 aliquando
247 951 395 1013 succedat
413 953 508 1013 multa
530 952 697 1027 temptanti.
705 959 723 988 “
762 953 843 1026 Hoc,
869 955 909 1013 mi
930 954 1064 1029 Lucilia

62 1051 124 1097 non
140 1036 282 1097 existimo
297 1051 408 1110 magno
422 1034 489 1095 viro
504 1036 691 1096 faciendum=
713 1036 835 1096 diluitur
850 1037 916 1096 eius
931 1045 1034 1098 aucto-

61 1121 136 1181 ritas
147 1135 205 1180 nec
220 1119 313 1179 habet
328 1119 411 1194 apud
425 1134 480 1179 eos
492 1119 568 1179 salis
585 1118 746 1193 ponderis,
764 1134 844 1192 quos
859 1127 967 1193 posset
982 1121 1035 1179 mi-

60 1220 121 1265 nus
138 1203 330 1264 obsolefacta
344 1201 514 1276 corrigerez
545 1201 719 1278 sagittarius
734 1217 796 1262 non
811 1201 975 1276 aliquando
991 1203 1034 1262 le·

60 1286 123 1347 rire
137 1285 238 1358 debet,
254 1285 311 1345 sed
324 1285 488 1360 aliquando
505 1285 657 1346 deerrare.
678 1285 746 1346 Non
762 1291 809 1345 ast
827 1301 893 1358 ars,
908 1287 936 1344 si
955 1299 1035 1361 quae

62 1370 103 1430 ad
117 1369 261 1430 effectum
276 1384 351 1429 casu
373 1366 508 1429 veniunt.
532 1368 681 1444 sapientia
698 1385 748 1429 ars
763 1374 825 1428 esta
851 1375 966 1428 certum
980 1383 1034 1443 pe-

60 1460 120 1526 tat,
135 1453 228 1528 eligat
240 1452 448 1526 protecturus,
464 1452 502 1511 ab
517 1451 582 1527 his,
598 1467 676 1527 quos
691 1452 880 1528 desperavit,
901 1452 1035 1526 recedat,

62 1552 124 1596 non
138 1544 240 1597 tamen
255 1535 314 1596 cito
331 1536 484 1610 relinquat
498 1543 528 1596 et
542 1536 572 1595 in
587 1534 657 1611 ipsa
670 1535 884 1611 desperatione
898 1543 1036 1596 extrema

60 1619 198 1680 remedia
218 1623 351 1692 temptet
384 1617 653 1679 Marcellinum
673 1627 843 1680 nostrum
865 1634 934 1693 ego
949 1621 1065 1679 non-4

62 1703 150 1762 dum
165 1702 348 1775 despero.
376 1702 546 1762 etiamnunc
568 1702 683 1762 servari
710 1709 824 1777 potest,
851 1703 908 1764 sed
930 1703 956 1762 si
976 1702 1035 1762 cito

63 1784 108 1844 illi
123 1801 229 1846 manus
245 1784 418 1859 porrigitur.
441 1791 489 1845 est
504 1785 626 1859 quidem
638 1786 813 1860 periculum,
829 1801 868 1845 ne
880 1785 1035 1860 porrigen-

61 1877 125 1929 tem
140 1869 250 1928 aahaa
272 1883 383 1944 magna
397 1870 428 1928 in
442 1867 493 1928 illo
508 1869 621 1942 ingenii
636 1869 682 1928 vis
697 1876 753 1944 est,
769 1868 825 1929 sed
839 1869 898 1927 iam
910 1869 1036 1929 tenden-

61 1952 102 2013 tis
124 1950 154 2011 iu
174 1967 313 2026 pravum.
336 1951 530 2012 nihilominus
552 1952 642 2013 adibo
662 1952 723 2012 hoc
744 1951 912 2028 periculum
933 1957 964 2011 et
983 1967 1036 2010 au-

63 2036 144 2096 debo
166 2035 209 2109 illi
231 2036 311 2095 mala
332 2051 390 2096 sua
410 2035 583 2095 ostendere.
605 2035 708 2095 Faciet
728 2034 812 2111 quod
826 2036 919 2095 soleta
943 2034 1064 2098 advo-5

63 2119 145 2179 cabil
167 2117 236 2180 illas
259 2118 399 2191 facetias,
427 2135 506 2194 quae
519 2119 614 2180 risum
629 2133 760 2178 evocare
774 2118 946 2192 lugentibus
963 2133 1035 2192 pos-

63 2208 149 2277 sunt,
175 2209 207 2262 et
220 2201 250 2261 in
265 2217 300 2262 se
313 2202 457 2278 primum,
484 2203 594 2262 deinde
616 2202 646 2260 in
668 2217 727 2261 nos
746 2201 903 2262 iocabitur.
926 2201 1035 2270 omnia,
1151 2269 1153 2274 .

63 2301 144 2361 quae
157 2285 294 2346 dicturus
305 2301 383 2358 sum,
396 2283 568 2359 occupabit.
585 2283 766 2345 scrutabitur
778 2283 901 2344 scholas
913 2289 1040 2342 nostras

63 2377 92 2429 el
107 2367 220 2429 obiciet
235 2367 432 2443 philosophis
445 2366 609 2442 congiaria,
625 2366 748 2439 amicas,
764 2365 874 2440 gulam.
897 2365 1039 2424 ostendet

62 2453 134 2512 mihi
151 2451 243 2512 alium
258 2451 288 2527 in
307 2451 465 2524 adulterio,
489 2451 580 2510 alium
600 2450 630 2510 in
651 2449 781 2525 popina,
808 2447 897 2507 alium
912 2445 943 2507 in
959 2447 1037 2506 aula.

62 2535 207 2597 ostendet
226 2532 298 2594 mibi
324 2534 458 2610 lepidum
481 2533 698 2610 philosophum
717 2533 907 2604 Aristonem,
936 2530 988 2604 qui
1010 2529 1069 2590 in6

62 2618 235 2694 gestatione
257 2617 437 2678 disserebat.
460 2617 520 2678 hoc
536 2618 617 2678 enim
632 2616 671 2676 ad
686 2615 823 2676 edendus
838 2628 949 2689 operas
963 2620 1038 2672 tem-

63 2719 122 2777 pus
137 2702 332 2779 [ac]ceperat.
354 2701 394 2761 de
416 2699 503 2762 cuius
527 2708 611 2762 secta
625 2716 693 2760 cum
710 2705 920 2778 quaereretur,
943 2695 1037 2758 Scau·
1133 2722 1139 2737 ι

62 2802 117 2846 rus
138 2785 193 2844 ait:
215 2783 342 2859 „utique
362 2783 583 2859 Peripateticus
604 2800 665 2845 non
687 2788 763 2843 est.“
785 2783 824 2842 dc
845 2781 954 2842 eodem
970 2797 1038 2841 cum

64 2869 276 2929 consuleretur
296 2867 389 2928 lulius
412 2868 594 2944 Graecinus,
615 2868 662 2927 vir
676 2866 833 2942 egregiuS,
857 2865 932 2940 quid
947 2865 1038 2924 senti·

63 2959 125 3012 rel:
148 2966 232 3025 „nou
248 2967 387 3026 possum,
401 2948 507 3026 inquil,
522 2950 576 3011 tibi
591 2951 702 3010 dicere.
725 2947 831 3010 nescio
847 2948 943 3021 enim,
966 2946 1039 3022 quid

65 3035 104 3094 de
119 3034 217 3108 gradu
239 3034 345 3108 saciat,
354 3037 373 3067 “
393 3040 549 3108 tamquam
563 3033 603 3093 de
617 3032 776 3094 essedario
791 3031 1039 3103 interrogaretur.

64 3117 131 3178 llos
151 3116 226 3176 mihi
248 3117 461 3191 circulatores,
487 3117 539 3193 qui
559 3117 784 3193 philosophiam
802 3114 963 3173 honestius
987 3115 1067 3171 nei

65 3200 235 3274 glexissenl
250 3216 342 3275 quam
355 3199 506 3273 vendunt,
522 3200 552 3260 in
568 3199 677 3261 faciem
692 3201 817 3274 ingeret.
840 3192 982 3256 constitui
996 3200 1040 3252 ta·

66 3299 136 3343 men
158 3283 357 3344 contumelias
379 3284 511 3358 perpeti:
540 3291 664 3344 moveat
682 3284 732 3342 ille
753 3281 825 3340 mihi
841 3280 955 3351 risum,
982 3292 1043 3350 ego,

66 3366 199 3428 tortasse
213 3364 255 3427 illi
269 3366 409 3427 lacrimas
424 3367 572 3441 movebo,
593 3373 646 3427 aut
661 3367 688 3426 si
706 3364 807 3424 ridere
821 3358 1041 3438 perseverabit,

66 3450 211 3525 gaudebo
220 3456 376 3525 tamquam
390 3448 420 3509 in
435 3449 538 3525 malis,
566 3451 648 3525 quod
669 3448 711 3508 illi
731 3463 829 3522 genus
843 3443 981 3505 insaniae
997 3442 1043 3504 hi·

108 3553 210 3593 seneca
227 3553 298 3592 rara.
318 3536 362 3594 111.
862 3537 879 3589 d
