2468 3930
199 202 264 267 aas
481 199 514 258 a.
535 196 682 258 aunam
703 194 881 273 sennenn

200 370 262 433 quo
277 351 428 428 loquebar
443 351 544 424 modo,
560 351 681 423 stultus,
697 345 815 411 etiamsi
829 348 929 409 bonae
943 348 1111 411 voluntatis
1127 357 1183 424 est,

199 436 370 500 autminus
391 451 484 510 quam
505 434 597 494 debet
617 440 670 495 aut
689 441 829 508 tempore
849 439 902 493 aut
922 448 984 508 quo
1006 448 1072 493 noa
1092 431 1186 495 debet

198 523 270 583 locu
285 519 395 581 reddit.
416 518 449 579 id
465 519 549 593 quod
559 517 754 579 referendum
765 523 822 590 est,
837 515 966 579 effundit
977 523 1072 593 atque
1082 515 1184 579 abicit

170 605 275 668 salira
300 603 331 663 in
358 601 544 678 quibusdam
567 602 663 662 rebus
686 601 852 663 verborum
877 598 1053 677 proprietas
1079 607 1130 665 est
1156 608 1185 662 et

200 688 393 750 consuetudo
415 685 567 747 sermonis
588 685 704 760 antiqui
726 685 879 761 quaedam
901 684 1129 749 efficacissimis
1155 693 1186 746 et

200 772 303 834 officia
324 771 505 832 docentibus
527 770 608 830 notis
629 770 739 845 signat.
768 769 814 831 sic
834 774 917 831 certe
932 770 1069 831 solemus
1082 768 1184 844 loqui:

199 857 269 933 „ille
283 854 326 915 illi
340 854 467 930 gratiam
478 853 609 914 retulit.“
629 855 780 913 reterre
794 859 843 913 est
852 854 942 927 ultra
961 853 1045 929 quod
1058 852 1183 928 debeas,

199 941 331 1000 adferre.
361 955 421 998 non
448 937 578 1000 dicimus
605 936 769 1012 gratiam
794 936 981 998 reddidit.
1014 936 1185 999 reddunt

200 1021 282 1084 enim
302 1031 333 1084 et
355 1023 407 1099 qui
427 1028 634 1098 reposcuntur
652 1026 684 1081 et
701 1021 753 1097 qui
772 1019 859 1082 inviti
880 1028 911 1083 et
933 1021 986 1097 qui
1005 1019 1135 1083 ubilibet
1155 1027 1186 1082 et

201 1107 253 1183 qui
270 1123 325 1183 per
339 1108 440 1168 alium.
463 1124 525 1168 non
540 1107 670 1167 dicimus
683 1103 867 1181 reposuit
878 1104 1119 1167 beneficium
1133 1111 1185 1167 aut

199 1191 330 1252 solvit.
349 1192 464 1254 nullum
479 1191 558 1251 enim
573 1189 663 1250 nabis
679 1189 801 1265 placuit,
818 1189 903 1264 quud
915 1190 979 1251 aeri
994 1190 1095 1250 alienu
1112 1204 1183 1250 con·

157 1284 191 1337 10
199 1275 289 1351 venit,
305 1275 443 1336 verbum.
486 1276 650 1335 Referre
664 1280 726 1333 est=
745 1273 785 1334 ad
800 1289 885 1346 eum,
902 1289 922 1334 a
936 1289 997 1349 quo
1014 1273 1180 1348 acceperis

197 1375 262 1420 rem
284 1360 380 1419 rernm
407 1358 486 1418 baec
507 1374 571 1420 vox
592 1356 746 1433 siguificat
766 1358 968 1420 voluntariam
988 1357 1184 1419 relationemz

199 1443 252 1518 qui
265 1443 376 1514 retulit,
392 1443 461 1516 ipse
475 1459 511 1502 se
524 1441 698 1518 adpellavit.
734 1440 866 1518 Sapiens
882 1441 986 1503 amnia
999 1438 1187 1501 examinabit

199 1542 320 1586 secum:
345 1532 491 1602 quantum
506 1525 668 1602 acceperit,
684 1541 703 1586 a
718 1543 789 1600 quo,
808 1525 942 1601 quando,
958 1521 1018 1599 ubi,
1034 1524 1185 1600 quemad·

198 1610 333 1670 modum.
356 1611 460 1686 itaque
475 1625 623 1684 negamus
635 1625 820 1685 quemquam
835 1608 916 1671 scire
930 1607 1056 1685 mam
1066 1607 1186 1669 reterre

198 1692 258 1754 nisi
280 1693 466 1769 sapientem
494 1711 555 1754 non
576 1694 674 1768 magis
699 1710 790 1769 quam
809 1693 993 1757 beneficium
1007 1693 1084 1755 dare
1099 1693 1184 1768 quis·

200 1793 292 1853 quam
307 1778 366 1839 scit
379 1777 439 1838 nisi
453 1777 589 1852 sapiens,
603 1776 653 1837 hic
668 1776 794 1852 scilicet,
811 1778 864 1854 qui
877 1778 976 1853 magis
988 1777 1060 1839 dato
1070 1776 1186 1852 gaudet

157 1867 189 1919 11
199 1878 291 1936 quam
306 1862 384 1922 alius
402 1870 541 1937 accepto.
575 1862 641 1922 Hoc
657 1861 769 1937 aliquis
783 1862 862 1923 inter
875 1862 927 1923 illa
940 1867 1088 1936 numerat,
1104 1874 1184 1936 quae

201 1946 339 2006 videmur
360 1946 561 2021 inopinata
583 1945 723 2006 omnibus
745 1945 850 2007 dicere
869 1936 1055 2023 (παράδοξα
1076 1943 1184 2007 Graeci

200 2035 324 2102 vocant)
339 2038 370 2090 et
384 2030 439 2091 aitz
459 2046 570 2105 „nemo
585 2046 660 2104 erga
674 2029 733 2091 scit
747 2035 868 2105 praeter
881 2029 1054 2104 sapientem
1070 2029 1184 2089 reterre

198 2113 346 2188 gratiamt
374 2131 448 2189 ergo
464 2130 536 2188 nec,
558 2114 763 2189 quadrabat,
785 2113 930 2174 creditori
951 2129 1009 2176 suc
1030 2126 1184 2189 reponere

199 2198 364 2273 quisquam
380 2197 439 2259 scit
452 2199 553 2258 aliast
570 2214 638 2270 nec,
655 2214 724 2259 cum
735 2198 808 2259 emit
817 2198 951 2274 aliquam
961 2213 1038 2270 rem,
1054 2196 1184 2274 pretium

200 2282 350 2344 venditori
369 2284 593 2359 persolveret“
636 2282 681 2341 Ne
696 2282 785 2343 nabis
801 2281 855 2345 fiat
868 2281 993 2354 invidia,
1009 2281 1088 2347 scito
1103 2279 1185 2343 idem

199 2365 302 2427 dicere
313 2367 493 2443 Epicurum:
515 2366 711 2427 ldeuudorus
725 2375 808 2428 carte
823 2366 865 2427 ait
879 2366 1001 2439 „solum
1012 2365 1182 2441 sapientem

157 2450 189 2502 12
198 2452 313 2512 reterre
330 2453 457 2526 gratiam
474 2449 585 2512 scire.“
626 2450 745 2512 Deinde
759 2450 840 2511 idem
854 2448 1035 2524 admiratur,
1051 2464 1122 2513 cum
1139 2446 1183 2509 di·

199 2535 311 2595 cimus:
335 2537 442 2609 „solus
458 2535 583 2610 sapiens
597 2535 655 2595 scit
669 2551 781 2595 amare.
811 2534 898 2596 solus
921 2534 1049 2609 sapiens
1066 2532 1184 2595 amicus

199 2623 276 2677 est.“
299 2619 383 2692 atqui
398 2627 428 2679 et
442 2619 555 2679 amoris
571 2626 601 2678 et
610 2617 761 2679 amicitiae
772 2633 846 2694 pars
859 2619 1032 2681 estrelerre
1040 2616 1184 2693 gratiamr

197 2702 290 2759 immo
309 2701 369 2762 boc
384 2700 481 2776 magis
496 2704 623 2777 volgare
637 2710 686 2764 est
699 2709 731 2763 et
746 2701 777 2763 in
793 2703 898 2778 plures
913 2702 996 2764 cadit
1008 2717 1101 2778 quam
1111 2715 1185 2762 vera

198 2783 338 2843 amicitia.
381 2785 499 2846 Deinde
520 2785 601 2846 idem
620 2787 801 2861 admiratur,
822 2785 908 2864 quud
925 2787 1057 2849 dicimus
1071 2785 1184 2862 „iidem

198 2866 257 2925 nisi
271 2868 302 2926 in
318 2869 458 2943 sapiente
472 2886 533 2930 non
550 2875 657 2945 esse‚“
671 2877 826 2947 tamquam
840 2886 904 2932 nen
913 2870 984 2946 ipse
994 2870 1077 2931 idem
1088 2869 1184 2933 dicate

197 2966 236 3010 an
250 2951 304 3011 tibi
318 2953 439 3014 videtur
452 2955 545 3014 fidem
560 2955 688 3030 babere,
712 2955 764 3031 qui
783 2955 900 3015 reterre
920 2954 1050 3029 gratian
1066 2951 1186 3017 nescitt

155 3035 345 3097 labeslaum
365 3036 469 3112 itaque
492 3039 640 3100 infamare
661 3055 720 3100 nos
741 3047 897 3114 tamquam
914 3037 1109 3101 incredibilia
1123 3036 1184 3099 iae·

196 3127 294 3181 lantes
310 3129 341 3181 et
355 3121 455 3184 sciant
468 3124 552 3199 apud
569 3123 738 3199 sapientem
754 3138 827 3184 essa
841 3121 912 3199 ipsa
932 3122 1079 3196 honesta,
1101 3119 1185 3197 apud

195 3205 320 3280 volgum
341 3206 504 3268 simulacra
524 3225 626 3270 rerum
648 3208 846 3270 honestarum
869 3213 899 3269 et
913 3207 1046 3283 effigies.
1087 3204 1184 3267 Nemo

196 3290 310 3351 reterre
330 3290 459 3366 gratiam
480 3291 539 3353 scit
558 3291 618 3353 nisi
642 3293 778 3369 sapiens.
825 3290 941 3354 Stultus
968 3305 1115 3368 quaque,
1138 3295 1184 3351 ut·

197 3388 328 3450 cumque
350 3375 408 3436 scit
429 3382 459 3437 et
482 3377 742 3452 quemadmodum
757 3382 875 3452 potest,
896 3376 1027 3437 retemta
1054 3372 1186 3439 scientin

154 3453 237 3516 ltili
248 3457 352 3533 potius
364 3476 456 3535 quam
469 3464 612 3523 voluntas
622 3462 717 3525 desit:
732 3461 812 3522 velle
823 3477 885 3522 nun
897 3459 1037 3523 discitur.
1052 3458 1186 3536 Sapiens
