2468 3930
261 266 429 329 EPISTUL.
447 268 540 330 molt.
562 270 698 329 LIB.IV.
720 270 779 329 ΕΡ.
794 278 820 331 1.
842 278 855 343 (
891 273 912 342 .)
1031 267 1073 331 69

100 437 174 484 esse
189 421 241 498 qui
255 428 382 482 mortem
391 422 492 481 timeat
505 437 595 497 quam
607 420 660 496 qui
671 428 867 482 senectutem.
885 438 954 481 narn
970 439 1072 497 quem-

101 506 268 567 admodum
282 512 426 566 senectus
443 505 680 566 adulescentiam
699 505 850 580 sequitur,
871 502 913 567 ita
927 521 1010 566 mors
1025 521 1083 566 se-.

101 596 264 650 nectutem.
287 588 390 649 vivere
405 588 502 648 noluit
516 586 567 664 qui
581 589 657 648 mori
673 605 733 648 non
744 590 817 648 vult.
841 589 901 649 vita
912 590 992 648 eninr
1004 605 1073 649 cum

103 672 287 750 exceptione
307 672 413 752 mortis
429 673 500 731 data
521 678 581 731 est:
608 671 648 731 ad
660 671 740 731 hanc
755 673 822 732 itur.
846 688 938 746 quam
952 672 1022 734 ideo
1037 672 1072 732 ti·

102 772 188 818 mere
203 754 353 816 dementis
369 762 430 827 est,
458 757 530 830 quia
547 761 629 815 certa
643 762 874 831 exspectantur,
902 756 994 816 dubia
1010 770 1072 814 me—

102 847 237 902 tuuntur·
271 839 356 899 Mors
376 838 590 899 necessitatem
608 837 700 898 habet
717 854 847 912 aequam
869 847 899 899 et
919 838 1115 901 invictam=11

105 923 176 1000 quis
193 924 279 999 queri
296 927 398 997 potest
411 921 442 980 in
457 938 494 983 ea
508 921 688 982 condicione
706 938 740 981 se
755 938 842 996 esse,
862 922 893 980 in
908 939 970 998 qua
984 938 1072 983 nemo

103 1023 167 1068 non
182 1013 249 1067 estt
263 1005 361 1082 prima
374 1013 473 1066 autem
488 1022 561 1081 pars
574 1013 622 1065 est
638 1003 798 1078 aequitatis
810 1006 988 1080 aequalitas.
1012 1005 1074 1065 Sed

104 1105 188 1152 nunc
204 1105 430 1165 supervacuum
445 1095 493 1149 est
507 1096 633 1150 naturae
648 1103 773 1148 causam
791 1102 897 1162 agere,
918 1097 998 1164 quae
1012 1104 1072 1148 non

104 1176 195 1234 aliam
209 1174 304 1234 voluit
323 1175 421 1247 legem
442 1180 578 1234 nostram
598 1187 669 1232 esse
690 1186 780 1246 quam
801 1186 902 1231 suam:
928 1170 1073 1246 quicquid

105 1255 285 1333 conposuit,
310 1257 450 1328 resolvit,
469 1254 616 1331 quicquid
628 1251 768 1328 resolvit,
795 1253 941 1329 conponit
957 1254 1072 1313 iterum.
1085 1257 1115 1308 12

49 1411 52 1416 .
104 1341 169 1400 lam
179 1356 254 1401 vero
268 1339 295 1399 si
308 1341 356 1399 cui
367 1339 500 1414 contigit,
515 1346 547 1399 ut
559 1337 641 1398 illum
654 1345 797 1399 senectus
809 1338 914 1397 leviter
927 1336 1074 1397 emitteret

106 1439 169 1484 non
182 1429 308 1499 repente
322 1424 461 1484 avulsum
478 1423 565 1494 vitae,
582 1422 639 1482 sed
654 1420 818 1482 minutatim
834 1421 1032 1481 subductum:
1055 1435 1072 1480 o
1102 1459 1104 1463 -

105 1523 167 1568 nae
179 1506 263 1568 illum
278 1521 370 1582 agere
383 1507 497 1581 gratias
512 1506 559 1566 dis
575 1504 717 1566 omnibus
734 1505 830 1579 decet,
847 1505 931 1580 quod
947 1504 1073 1568 satiatus

106 1591 147 1650 ad
160 1587 296 1665 requiem
310 1589 424 1650 homini
439 1588 653 1662 necessariam,
668 1591 753 1650 lasso
768 1594 892 1663 gratam,
908 1592 1073 1665 perductus

106 1681 164 1734 est
194 1673 292 1734 Vides
307 1673 458 1748 quosdam
473 1679 615 1748 optantes
628 1679 769 1746 mortem,
796 1681 825 1734 et
840 1669 962 1747 quidem
977 1675 1074 1749 magis
1096 1698 1098 1702 ’

107 1772 200 1832 quarn
212 1757 314 1832 rogari
336 1757 415 1818 solet
434 1757 505 1816 vita.
527 1755 632 1816 nescio
644 1764 730 1817 utros
746 1756 914 1817 existimem
929 1757 1074 1818 maiorem

106 1840 197 1900 nobis
208 1841 339 1900 animum
350 1840 432 1916 dare,
448 1840 500 1915 qui
516 1840 688 1915 deposcunt
701 1847 828 1901 mortem
842 1856 882 1900 an
896 1844 948 1916 qui
962 1840 1073 1901 hilares

106 1939 175 1984 eam
189 1924 343 2004 quietique
359 1924 570 2000 opperientur,
587 1923 730 1998 quoniam
744 1924 818 1984 illud
832 1940 872 1984 ex
884 1925 970 1986 rabie
985 1925 1073 1984 inter-

106 2007 178 2069 dum
193 2022 229 2067 ac
249 2007 408 2082 repentina
426 2007 632 2081 indignatione
648 2007 696 2080 fit,
723 2006 799 2067 haec
811 2023 850 2066 ex
864 2007 975 2069 iudicio
991 2012 1073 2067 certo

106 2091 306 2166 tranquillitas
322 2097 379 2150 est.
401 2091 483 2153 venit
496 2090 605 2166 aliquis
621 2091 661 2150 ad
675 2097 802 2150 mortem
817 2092 926 2152 iratus:
948 2098 1074 2152 mortem

105 2174 278 2234 venientem
290 2189 379 2234 nemo
394 2172 499 2234 hilaris
514 2172 641 2250 excipit,
663 2173 721 2235 nisi
742 2175 794 2248 qui
816 2191 851 2234 se
873 2176 912 2235 ad
926 2173 1007 2234 illam
1022 2175 1074 2233 diu

105 2265 346 2332 conposuerunt.
378 2257 490 2318 Fateor
508 2271 582 2332 ergo
603 2257 643 2316 ad
656 2256 809 2316 hominem
828 2258 899 2316 mihi
916 2273 1019 2318 carum
1036 2273 1073 2316 ex
1083 2267 1116 2321 13

104 2341 244 2416 pluribus
264 2356 313 2401 me
334 2341 435 2401 causis
456 2337 645 2416 frequentius
666 2341 799 2413 venisse,
827 2346 860 2399 ut
881 2341 1006 2413 scirem,
1035 2355 1073 2398 an

105 2423 192 2484 illum
206 2422 317 2485 totiens
335 2425 475 2485 eumdem
489 2424 671 2498 invenirem,
687 2421 835 2499 numquid
849 2437 918 2483 cum
933 2422 1073 2496 corporis

104 2507 222 2569 viribus
234 2508 420 2569 minueretur
432 2509 522 2568 animi
534 2509 630 2583 vigor.
644 2506 695 2583 qui
707 2504 753 2566 sic
765 2505 923 2566 crescebat
933 2505 983 2578 illi,
998 2521 1073 2579 quo-

104 2590 197 2651 modo
212 2591 400 2652 manifestior
410 2593 508 2653 notari
520 2595 599 2652 solet
613 2591 790 2665 agitatorum
804 2588 924 2664 laetitia,
940 2605 1008 2650 curn
1025 2604 1073 2649 se·

105 2674 200 2749 ptimo
214 2675 314 2750 spatio
330 2677 450 2751 palmae
471 2676 728 2751 adpropinquant.
750 2672 877 2734 Dicebat
891 2673 1012 2749 quidem
1026 2673 1118 2739 ille14

103 2757 229 2832 Epicuri
250 2756 422 2834 praeceptis
443 2759 634 2834 obsequens:
656 2758 806 2833 „primum
821 2773 946 2832 sperare
961 2773 996 2818 se
1010 2758 1075 2817 nul-

104 2840 315 2902 lumdolorem
328 2857 400 2903 esse
411 2840 442 2901 in
453 2843 505 2903 illo
521 2841 812 2903 extremoanhelitm
828 2841 855 2900 si
870 2851 968 2902 tamen
983 2847 1074 2914 esset,

104 2922 218 2984 habere
233 2924 420 2999 aliquantum
439 2925 471 2986 in
488 2926 556 3000 ipsa
574 2926 720 2986 brevitate
735 2924 845 2985 solatii.
866 2926 981 2986 nullum
995 2924 1075 2984 enim

103 3006 243 3068 dolorem
258 3009 479 3082 longumresse,
495 3007 547 3084 qui
562 3024 690 3083 magnus
705 3017 760 3068 est.
797 3007 934 3068 Ceterum
950 3023 1074 3068 succur-

103 3105 209 3150 surum
231 3089 290 3151 sibi
311 3091 400 3150 etiam
421 3091 451 3152 in
472 3092 541 3167 ipsa
563 3091 760 3152 distractione
782 3091 900 3151 animae
921 3091 1075 3165 corporis-

104 3188 180 3248 que,
195 3172 224 3234 si
239 3190 309 3234 oum
324 3174 458 3235 cruciatu
472 3175 504 3235 id
517 3176 618 3247 lieret,
634 3181 705 3249 post
719 3174 803 3234 illum
820 3174 957 3234 dolorem
972 3189 1007 3233 se
1020 3172 1074 3231 do·

101 3257 166 3316 lere
179 3272 242 3318 nou
257 3272 363 3332 posse.
383 3274 444 3319 non
460 3258 599 3318 dubitare
614 3265 714 3319 autem
729 3272 779 3331 se,
801 3257 873 3330 quin
890 3256 993 3316 senilis
1012 3254 1075 3314 ani-

101 3354 153 3398 ma
166 3339 197 3399 in
213 3340 320 3415 primis
336 3339 428 3402 labris
449 3346 533 3402 esset
555 3356 612 3400 nec
634 3356 744 3415 magna
764 3340 795 3399 vi
818 3339 1039 3399 distraheretur
1058 3353 1076 3397 a

102 3436 244 3497 corpore.
267 3421 367 3497 Ignis,
391 3424 441 3497 qui
456 3426 607 3484 valentem
621 3421 777 3483 materiam
796 3421 972 3496 occupavit,
995 3437 1076 3496 aqua

101 3512 133 3565 et
152 3504 304 3568 interdum
324 3503 412 3567 ruina
425 3507 667 3581 exstinguendus
683 3513 744 3567 est:
769 3506 835 3581 ille,
859 3504 912 3579 qui
926 3504 1076 3567 alimentis
