2468 3930
211 220 279 284 268
499 222 532 283 L.
553 219 700 280 ANNAEl
724 218 901 280 SENECAE

211 372 298 431 rudi
324 373 476 445 seculo,
507 388 580 446 quo
610 371 735 432 adhue
765 370 940 433 artificia
972 374 1135 437 deerant
1162 384 1200 438 et

168 455 296 530 idipso
323 471 393 514 usu
419 454 676 514 discebantur
702 455 831 528 utilia,
856 472 931 517 uon
956 459 1087 519 credo.
1132 459 1199 522 Sint

209 543 278 599 licet
296 537 449 617 fortunata
464 543 622 617 tempora,
648 553 716 598 cum
732 538 761 597 in
782 539 884 600 medio
899 540 1035 601 iacerent
1046 543 1198 605 mnelicia

209 628 336 681 naturae
350 620 526 696 promiscue
541 621 662 693 utenda,
678 630 842 696 antequam
856 622 984 685 avaritia
999 633 1093 700 atque
1106 627 1197 689 luxu·

208 705 255 764 riu
271 704 480 765 dissociavere
495 705 640 764 mortales
655 713 685 765 et
699 705 739 764 ad
752 706 892 779 rapinam
906 723 946 766 ex
962 711 1122 770 consortio
1134 711 1196 771 dis-

210 803 342 863 currere,
357 804 419 848 non
435 796 522 846 erant
535 788 576 846 illi
591 789 748 862 sapientes
763 787 836 860 viri,
853 789 973 852 etiamsi
986 793 1139 854 faciebant
1152 796 1197 854 fa-

167 873 318 931 blcienda
344 871 544 945 sapientibus.
589 870 737 933 Statum
763 872 915 946 quidem
942 875 1101 949 generis
1129 876 1196 938 hu⁴

209 957 309 1014 mani
333 955 545 1015 uenalium
571 953 775 1030 quisquam
802 957 1036 1032 suspexerit
1060 960 1196 1033 magis,

209 1054 266 1098 nec
279 1038 306 1098 si
322 1037 371 1098 cui
387 1038 537 1113 permittat
551 1038 628 1099 deus
642 1046 763 1099 terrena
777 1040 908 1099 formare
922 1047 953 1100 et
966 1041 1039 1101 dare
1053 1043 1197 1115 gentibus

209 1138 321 1194 mores,
338 1122 419 1181 aliud
435 1122 617 1195 probaverit,
636 1139 724 1195 quam
741 1123 826 1197 quod
841 1124 924 1197 apud
937 1123 1007 1185 illos
1022 1124 1119 1185 fuisse
1133 1141 1196 1186 me-

209 1213 353 1280 moratur,
368 1205 453 1281 apud
468 1220 548 1280 quos

541 1291 618 1348 nelli
629 1289 804 1362 subiaceant
816 1305 893 1349 aruo
907 1293 1011 1363 coloci,

336 1390 374 1432 ne
386 1376 509 1446 mpnme
522 1373 640 1446 quidem
653 1378 707 1430 cul
715 1374 829 1446 pertin·
842 1375 933 1433 limite
949 1390 1089 1450 campana

333 1456 388 1529 fus
400 1462 482 1515 cram
495 1459 527 1514 in
539 1454 667 1514 mediam
681 1455 864 1528 mouebant
876 1459 1001 1531 ipswue
1015 1461 1101 1519 felliu

336 1542 435 1599 omnia
448 1540 568 1598 liberius
581 1541 663 1597 nullo
674 1544 811 1612 poscente
823 1538 954 1611 ferebat.

165 1623 287 1697 389uid
302 1621 457 1682 hominum
478 1621 530 1680 illo
545 1635 659 1694 genere
682 1620 823 1680 felicius?
864 1623 895 1682 in
915 1639 1077 1686 commune
1095 1638 1198 1684 rerum

210 1713 318 1765 natura
340 1703 527 1765 fruebantur.
566 1702 740 1764 sufficiebat
760 1705 812 1764 illa
831 1712 864 1765 ut
884 1723 996 1782 parens
1010 1709 1048 1768 'in
1072 1709 1198 1768 tutelam

209 1787 357 1850 omnium:
382 1787 460 1847 haec
480 1794 545 1847 erat
565 1787 756 1862 publicarum
777 1805 872 1864 opum
892 1806 1003 1852 secura
1024 1791 1197 1867 possessio.

209 1871 317 1947 quidni
338 1887 398 1946 ego
418 1871 491 1930 illud
512 1869 789 1945 locupletissimum
808 1873 978 1935 mortalium
996 1889 1095 1948 genus
1110 1873 1196 1934 dixe·

207 1955 279 2027 rim,
303 1956 332 2013 in
357 1971 418 2029 quo
439 1970 606 2030 pauperem
628 1954 764 2016 invenire
780 1973 841 2017 aon
858 1963 992 2033 possest
1032 1957 1152 2031 Inrupit
1166 1958 1196 2017 in

206 2054 258 2097 res
283 2038 397 2113 optime
418 2039 537 2113 positas
551 2037 679 2098 avaritia
694 2047 739 2110 et,
759 2041 831 2101 dum
845 2041 995 2102 seducere
1009 2040 1125 2115 aliquid
1142 2057 1195 2102 cu·

207 2124 253 2197 pit
266 2129 358 2196 alque
372 2122 402 2180 in
421 2137 510 2182 suum
527 2128 660 2194 vertere,
682 2124 783 2185 omnia
804 2123 876 2186 fecit
895 2122 995 2184 aliena
1008 2131 1038 2184 et
1052 2124 1083 2184 in
1099 2139 1195 2198 angu-

207 2214 288 2266 stum
313 2221 352 2265 ex
377 2206 517 2265 inmenso
541 2206 667 2266 redacta
691 2215 902 2283 paupertatem
926 2208 1024 2269 intulit
1049 2215 1080 2268 et
1103 2209 1197 2268 multa

165 2298 200 2353 39
208 2289 461 2364 concupiscendo
474 2289 578 2349 omnia
588 2288 696 2349 amisit.
727 2290 812 2351 Licet
825 2291 929 2366 itaque
942 2292 1014 2352 velit
1025 2307 1106 2351 nunc
1122 2307 1196 2351 cou-

208 2390 332 2434 ourrere
346 2382 375 2434 ct
385 2387 544 2448 reparare,
563 2373 650 2448 quod
666 2373 809 2448 perdidit
844 2375 1017 2447 licetagros
1032 2375 1115 2447 agris
1132 2375 1196 2434 adi·

209 2458 282 2529 ciat,
306 2457 439 2517 vicinum
460 2459 507 2517 vel
526 2457 622 2530 prelio
641 2458 756 2530 pellens
768 2457 817 2518 vel
831 2455 949 2518 iniuria.
992 2457 1063 2516 licet
1077 2458 1106 2514 in
1123 2474 1195 2532 pro-

209 2539 376 2601 vinciarum
390 2541 521 2615 spatium
536 2556 609 2599 rura
621 2540 726 2600 dilatet
741 2547 770 2598 el
787 2538 1018 2614 possessionem
1036 2548 1127 2600 vocet
1141 2558 1197 2616 per

208 2640 267 2684 sua
281 2626 403 2698 longam
418 2622 702 2699 peregrinationem,
717 2622 801 2682 nulla
816 2637 876 2682 uos
889 2621 993 2684 finium
1013 2626 1195 2698 propagatio

208 2722 247 2766 eo
272 2709 413 2781 reducet,
443 2707 525 2767 unde
550 2704 766 2766 discessimus:
803 2720 872 2765 cum
895 2706 998 2766 omnio
1020 2707 1194 2780 fecerimus,

164 2791 330 2851 temedium
352 2791 546 2850 habebimus:
571 2788 746 2848 universum
770 2787 969 2850 habebamus.
1013 2789 1106 2851 Terra
1126 2791 1196 2866 ipsa

207 2873 334 2935 fertilior
354 2882 419 2934 erat
435 2872 604 2932 inlaborata
621 2878 651 2931 et
670 2871 699 2930 in
720 2888 798 2933 usus
813 2874 999 2948 populorum
1013 2890 1074 2934 non
1090 2875 1197 2949 diripi-

207 2959 320 3018 entium
335 2959 430 3031 larga.
471 2953 619 3030 quicquid
638 2962 745 3015 natura
761 2960 943 3030 protulerat,
966 2957 998 3018 id
1014 2974 1076 3017 non
1093 2957 1194 3018 minus

206 3041 365 3102 iuvenisse
381 3055 472 3114 quam
487 3039 642 3099 inventum
657 3048 827 3100 monstrare
847 3042 934 3101 alteri
954 3043 1097 3116 voluptas
1118 3050 1193 3114 erat,

206 3141 264 3185 nec
283 3125 335 3186 ulli
351 3131 402 3184 aut
422 3137 589 3197 superesse
609 3129 729 3198 poterat
751 3132 803 3185 aut
821 3125 948 3185 deesset
972 3125 1049 3185 iuter
1065 3139 1194 3184 concor-

207 3209 264 3270 des
280 3207 482 3268 dividebatur.
522 3208 657 3267 nondum
681 3207 829 3269 valentior
844 3208 1023 3283 inposuerat
1036 3207 1195 3269 infirmiori

207 3309 339 3354 manum.
382 3291 516 3353 nondum
539 3307 653 3352 armus
673 3291 910 3365 abscondendo,
930 3291 1014 3367 quod
1035 3292 1094 3353 sibi
1115 3291 1194 3353 iace-

206 3383 267 3449 ret,
285 3376 377 3438 alium
392 3375 578 3438 necessariis
596 3391 720 3450 quoque
739 3378 928 3437 excluserat:
957 3391 1014 3451 par
1033 3381 1101 3436 erut
1119 3376 1192 3437 alle·

170 3459 268 3520 ‘1rius
284 3476 320 3520 ac
335 3461 383 3521 sui
399 3477 483 3521 cura.
519 3462 614 3520 Arma
628 3458 794 3520 cessabant
806 3460 1044 3534 incruentaeque
1059 3458 1193 3521 humano
