2468 3930
400 247 446 302 DE
459 245 706 304 PAUPERTATE.
982 241 1043 305 461

127 399 300 458 Abstrahunt
315 405 419 455 erecto
431 399 560 470 divitiae,
574 399 713 470 honores,
728 399 884 472 potentiae,
903 403 930 454 et
942 403 1129 472 eetero,31,28

66 502 137 557 quae
151 484 282 557 opinione
293 482 437 540 hominum
451 499 517 540 cara
534 490 612 555 sunt,
626 485 718 557 pretio
731 501 782 540 suo
795 484 871 541 vilio.
896 480 1043 539 Nescimus

65 569 214 626 aestimare
226 585 286 635 res,
308 567 344 624 de
362 569 462 641 quibus
478 583 535 623 non
549 585 613 624 eum
627 570 715 636 fama,
738 567 790 624 sed
808 583 871 623 eum
885 583 979 622 rerum
993 582 1043 622 na·

64 659 127 708 tura
148 651 360 708 deliberandum
381 656 433 708 est
462 651 536 708 Nihil
557 651 661 708 habent
682 653 736 708 ista
751 650 945 724 magnificum,
969 650 1045 722 quod

66 742 174 794 mentes
195 740 305 793 nostras
326 736 355 792 in
376 751 408 792 se
428 734 533 806 trahat,
557 742 670 809 praeter
690 735 762 805 hoo,
790 735 866 806 quod
886 735 980 792 mirari
999 736 1045 790 illa

66 818 273 877 consuevimus.
308 836 365 874 non
390 819 464 874 enim
484 820 549 890 quia
570 817 795 894 concupiscenda
815 824 899 888 sunt,
927 818 1044 876 lauden·

65 911 128 974 tur,
160 904 213 959 sed
240 904 305 974 quia
330 904 571 976 concupiscuntur.

127 987 205 1044 Hane
220 987 438 1060 praecedentem
453 1003 582 1043 caussam
595 987 699 1044 habent
714 987 842 1045 divitiam
865 992 971 1042 mutant
984 988 1126 1063 ani-8731

65 1089 142 1141 mos,
161 1071 322 1144 superbiam
335 1078 362 1128 et
376 1072 564 1144 arrogantiam
579 1073 704 1145 pariunt,
723 1071 856 1129 invidiam
867 1070 992 1140 trahunt,
1009 1087 1043 1127 eo

66 1171 156 1228 usque
171 1147 293 1214 mentem
310 1157 444 1228 alienant,
465 1162 495 1211 ut
509 1158 582 1212 soma
596 1157 734 1229 pecuniae
750 1173 802 1213 nos
821 1156 904 1219 etiam
917 1155 1044 1212 nocitura

66 1240 194 1296 delectet.
216 1239 296 1297 Bona
311 1241 387 1297 omni
402 1241 483 1314 eulpa
498 1238 595 1298 carere
611 1241 706 1298 decet=
728 1245 892 1314 petraeum,
913 1254 970 1295 non
981 1255 1043 1294 cor·

65 1329 196 1397 rumpunt
216 1325 337 1396 animos,
357 1342 413 1381 non
430 1326 590 1382 sollicitant:
614 1327 746 1382 extollunt
762 1326 875 1398 quidem
890 1325 998 1380 animos
1017 1330 1044 1380 et

67 1407 217 1475 delectant,
241 1409 293 1465 sed
315 1410 376 1467 sine
396 1415 514 1467 tumore.
549 1410 627 1474 Onne
641 1413 715 1467 bona
729 1416 806 1480 sunt,
828 1408 961 1465 fiduciam
975 1407 1043 1464 laei-

65 1499 127 1547 unt=
152 1492 265 1550 divitiae
278 1493 433 1552 audaciam.
460 1511 532 1566 quae
546 1497 620 1551 bona
631 1501 708 1565 sunt,
726 1493 946 1568 magnitudinem
958 1492 1043 1548 animi

66 1575 146 1634 dant:
169 1578 282 1634 divitiae
298 1578 483 1636 insolentiam.
