2468 3930
176 223 238 287 426
487 226 518 281 L.
530 223 668 282 ΑΝΝΑΕΙ
686 222 850 281 SENECAE

175 397 241 436 mcn
262 380 308 435 ille
329 384 412 450 atquc
426 379 530 434 laetitia
544 380 579 434 ab
595 378 649 447 eis,
673 378 721 447 qui
740 375 808 433 nihil
826 375 1009 449 perdiderunt
1030 375 1158 450 nihilque

175 464 357 532 invenerunt,
372 463 511 520 veraciter
526 462 712 534 exprimatur,

127 555 163 610 36
235 546 324 612 „Huic
339 551 449 614 tamen,
467 546 569 617 inquit,
586 545 672 600 furori
688 550 794 600 certum
810 551 920 616 tempus
936 548 994 599 est:
1010 543 1157 603 tolerabile

178 635 219 686 est
235 629 323 684 semel
338 629 367 683 in
383 645 456 685 anno
477 629 611 691 insanire,
641 629 672 683 ln
692 626 858 700 Capitolium
877 627 1012 700 perveni:
1038 629 1158 700 pudebit

175 713 333 787 publicatae
349 712 521 779 dementiae,
546 712 622 785 quod
638 712 690 768 sibi
711 728 803 769 vanus
823 713 900 768 luror
916 711 1037 767 attribuit
1056 711 1156 768 olficiia

175 797 246 853 alius
262 796 373 852 nomina
388 795 442 852 deo
461 797 573 863 subicit,
590 797 660 852 alius
675 795 761 852 horas
773 796 833 853 Iovi
843 796 971 865 nunciat,
986 795 1059 850 alius
1076 796 1156 852 lictor

176 885 231 946 est,
247 880 318 935 alius
338 885 450 947 unctor,
466 882 514 952 qui
525 897 600 938 vano
610 888 687 936 motu
698 880 876 936 brachiorum
888 880 1010 935 imitatur
1024 895 1155 952 unguen·

174 971 240 1020 tem.
265 970 329 1019 sunt
350 979 422 1035 quae
436 966 535 1021 Iunoni
549 981 582 1021 ac
596 964 742 1021 Minervae
757 965 873 1036 capillos
889 963 1054 1034 disponant:
1069 964 1154 1036 longe

174 1065 191 1104 a
211 1049 329 1120 templo,
349 1064 406 1103 non
427 1054 532 1104 tantum
546 1066 563 1104 a
577 1049 726 1104 simulacro
741 1053 846 1104 stantes
862 1047 964 1120 digitos
978 1052 1094 1104 movent
1108 1064 1151 1103 or·

173 1131 298 1188 nantium
313 1131 407 1187 modo.
426 1138 489 1188 sunt
504 1148 577 1204 quae
589 1132 735 1205 speculum
745 1137 872 1198 teneant,
884 1138 948 1186 sunt
962 1132 1012 1202 qui
1020 1130 1059 1186 ad
1073 1131 1154 1188 vadi·

173 1215 268 1271 monia
283 1231 335 1270 sua
358 1215 428 1271 deos
451 1215 606 1285 advocent,
633 1220 697 1271 sunt
717 1216 763 1288 qui
784 1216 893 1271 libellos
909 1209 1035 1272 offerant.
1048 1219 1076 1270 et
1093 1216 1153 1270 illos

175 1314 289 1354 causam
304 1315 384 1354 suam
399 1300 528 1356 doceant
554 1300 653 1357 doctus
667 1298 862 1366 archimimus,
878 1315 968 1355 senex
981 1297 1038 1353 iarn
1053 1297 1154 1354 decre·

172 1383 262 1455 pitus,
284 1382 407 1454 quotidie
427 1384 456 1438 in
472 1383 606 1456 Capitolio
622 1384 737 1439 mimum
754 1385 870 1455 agebat,
886 1383 967 1454 quasi
983 1381 1022 1437 dii
1035 1381 1155 1438 libenter

174 1472 347 1539 spectarent,
364 1483 448 1537 quem
462 1467 591 1524 homines
606 1468 764 1523 desiccante
782 1484 866 1523 omne
880 1467 935 1522 illic
950 1462 1088 1522 artificum
1103 1482 1153 1539 gc-

174 1566 227 1605 nus
245 1551 419 1622 operantium
435 1551 488 1607 diis
503 1552 704 1608 immortalibus
720 1551 862 1614 desidet‘*

238 1639 265 1689 et
279 1635 365 1705 paulo
381 1642 460 1706 posta
935 1677 937 1683 ·

127 1713 162 1771 87
239 1717 292 1787 ,,Ηί
311 1722 420 1790 tamen,
440 1720 542 1791 inquit,
567 1719 674 1776 etiamsi
688 1734 897 1791 supervacuum
910 1733 1008 1788 usum,
1024 1732 1082 1773 non
1096 1723 1152 1772 tur-

173 1816 239 1872 pem
255 1816 307 1856 nec
322 1802 453 1858 infamem
468 1803 523 1859 deo
540 1803 714 1875 promittunt:
730 1801 831 1858 sedent
846 1801 986 1873 quaedam
1000 1801 1031 1856 in
1041 1799 1152 1873 Capito·

174 1885 226 1953 lio,
242 1901 314 1956 quac
330 1903 362 1941 se
379 1888 478 1943 alove
490 1888 577 1942 amari
591 1891 688 1958 putant
701 1886 758 1942 'nec
771 1887 886 1942 lunonis
902 1884 1032 1956 quidem,
1051 1885 1076 1939 si
1092 1901 1152 1940 cre·

175 1968 244 2024 dere
257 1970 349 2041 poitis
365 1971 450 2040 volis,
462 1971 708 2040 iracundissimae,
723 1975 854 2041 respectu
869 1968 1038 2025 terrentur.“
1127 1979 1130 1986 ·

128 2057 165 2114 88
236 2052 314 2109 Hanc
330 2054 485 2111 libertatem
496 2054 587 2111 Varro
602 2070 659 2110 non
672 2053 783 2110 hahuit:
803 2051 995 2109 tantummodo
1012 2051 1153 2124 poeticam

173 2135 345 2210 theologiam
360 2137 573 2211 reprehendere
594 2155 680 2195 ausus
703 2139 770 2206 est,
787 2137 898 2195 civilem
917 2151 973 2191 non
995 2151 1081 2191 ausus
1102 2140 1152 2202 est,

174 2236 258 2293 quam
272 2221 325 2277 iste
340 2222 469 2278 concidit.
494 2221 554 2280 Sed
570 2224 593 2278 si
610 2237 710 2280 verum
728 2220 920 2290 attendamus,
935 2219 1076 2275 deteriora
1090 2225 1153 2274 sunt

157 2299 292 2386 templa,
308 2306 356 2361 ubi
370 2304 443 2362 haec
457 2312 592 2379 aguntur,
604 2322 688 2379 qnam
702 2303 828 2374 theatra,
841 2305 889 2360 ubi
908 2303 1061 2375 linguntur.
1077 2302 1153 2357 unde

173 2388 202 2443 in
215 2388 259 2445 his
274 2390 363 2445 sacris
379 2390 468 2447 civilis
481 2390 641 2464 theologiae
658 2388 711 2445 has
725 2396 820 2461 partes
835 2388 928 2461 potius
944 2387 1029 2459 elegit
1042 2383 1153 2443 Seneca

173 2473 304 2545 sapienti,
328 2480 358 2528 ut
376 2489 425 2530 eas
446 2475 474 2530 in
491 2476 575 2531 animi
591 2474 728 2546 religione
743 2488 800 2527 non
814 2472 918 2529 habeat
932 2468 985 2526 sed
999 2470 1027 2524 in
1047 2470 1152 2526 autibus

173 2555 270 2629 fingat.
293 2557 331 2612 ait
346 2558 435 2613 enimc

64 2610 123 2804 s
235 2639 333 2709 „Quae
344 2641 438 2696 omnia
453 2642 566 2713 sapiens
578 2643 702 2699 servabit
711 2645 854 2713 tamqnam
864 2638 974 2710 legibus
986 2637 1081 2706 iussa,
1097 2651 1152 2691 non

174 2727 316 2793 tamquam
331 2724 385 2779 diis
402 2727 510 2795 grata.“

128 2800 163 2857 39
237 2807 361 2876 etpaulo
379 2812 457 2877 post:

236 2887 343 2959 ,‚Qnid,
370 2890 446 2961 quod
468 2897 495 2947 ct
509 2890 697 2962 matrimonia,
725 2892 829 2964 inquit,
855 2889 974 2946 deorum
990 2889 1152 2961 iungimus?

172 2978 201 3028 et
213 2989 250 3028 ne
263 2973 310 3045 pie
327 2974 454 3047 quidem,
471 2977 585 3031 fratrum
603 2991 636 3032 ac
651 2992 794 3032 sororum:
811 2974 958 3032 Bellonam
970 2971 1052 3028 Marti
1067 2973 1152 3027 eollo·

172 3073 284 3128 camus,
294 3057 422 3114 Vulcano
433 3060 590 3127 Venerem,
602 3060 731 3133 Neptuno
744 3058 891 3119 Salaciam.
909 3056 1048 3129 quosdam
1059 3063 1151 3111 tamen

172 3142 294 3199 caelibes
307 3143 498 3215 relinquimus,
510 3145 590 3216 quasi
600 3144 721 3201 conditio
733 3143 876 3212 deiecerit,
887 3140 1055 3214 praesertim
1067 3155 1152 3212 quum

172 3226 312 3297 quaedam
331 3228 435 3285 viduae
456 3230 525 3298 sint,
548 3234 578 3284 ut
597 3229 751 3302 Populonia
770 3229 818 3286 vel
832 3227 956 3299 Fulgora
970 3228 998 3280 et
1013 3223 1081 3281 diva
1094 3222 1151 3277 Ru-

171 3312 261 3380 mina,
278 3312 379 3382 quibus
393 3328 449 3367 non
463 3314 549 3368 miror
563 3313 710 3384 petitorem
725 3312 880 3370 defuisse.“

103 3395 138 3527 p*
234 3393 373 3464 „Omnem
393 3397 474 3452 istam
496 3396 647 3469 ignobilem
669 3397 787 3453 deorum
810 3398 934 3464 turbam,
960 3409 1045 3465 quam
1066 3393 1151 3463 longo

169 3492 243 3534 aevo
270 3479 356 3551 longa
382 3479 541 3552 superstitio
566 3481 724 3553 congessit,
751 3481 807 3551 sic,
832 3480 935 3553 inquit,
961 3475 1143 3534 adorabimus
