2468 3930
146 237 211 302 39⁰
434 236 468 294 L.
488 234 637 295 ANNAEI
659 234 836 295 SENECAE

147 406 291 452 semones
321 405 361 449 ex
380 387 441 448 hoe
462 396 602 464 tempore
621 395 682 447 tam
702 395 833 463 angusto
854 397 885 448 et
900 388 1011 464 rapido
1024 397 1056 450 et
1069 403 1128 452 nos

146 479 304 536 auferente
319 471 392 547 quid
406 471 491 532 iuvat
505 472 653 532 maiorem
670 479 788 547 partem
807 473 925 532 mittere
943 472 975 532 iu
996 481 1130 534 vanum!

102 558 244 620 stLdiee
263 572 360 630 nune,
381 557 465 630 quod
486 555 645 616 adsuescit
663 558 784 616 animus
803 556 958 617 delectare
972 572 1010 617 se
1023 557 1128 632 potitis

110 648 113 653 '
147 657 238 717 quam
253 655 364 700 sanare
378 648 410 700 et
423 638 650 714 philosophiam
664 641 918 701 oblectamentum
929 640 1043 715 facere,
1058 657 1129 703 cum

144 724 314 785 remedium
333 724 383 784 sit.
427 725 508 784 Inter
528 722 710 799 sapientiam
728 731 760 784 et
777 739 891 800 sapere
911 725 986 800 quid
1009 725 1129 786 intersit

144 810 267 869 neseio:
295 808 361 869 seio
382 824 451 868 mea
470 825 532 869 non
553 809 719 881 interesse,
740 809 837 868 sciam
850 809 910 870 Ista
923 824 963 870 en
978 809 1127 870 nesciam.

146 894 197 953 dio
218 892 306 952 mihis
334 908 419 965 oum,
440 893 514 967 quid
536 892 614 952 inter
633 893 813 967 sapientiam
827 899 858 953 et
872 908 984 969 sapere
998 892 1127 969 intersit,

146 975 298 1050 didicero,
320 975 460 1051 septena
479 993 535 1038 cur
548 991 621 1050 ergo
639 977 742 1050 potius
756 977 835 1037 inter
847 978 1001 1038 voeabula
1015 993 1064 1037 me
1076 993 1127 1038 sa·

146 1061 278 1134 pientiae
292 1061 412 1122 detines
427 1076 519 1134 quum
533 1060 612 1120 inter
626 1065 743 1134 operat
762 1062 812 1121 fae
827 1077 876 1121 me
890 1062 1062 1135 fortiorem,
1078 1063 1127 1122 fac

145 1145 342 1219 securiorem,
358 1146 407 1204 fac
421 1144 561 1205 fortunae
575 1159 696 1220 parem,
711 1144 759 1204 fac
773 1146 976 1220 superiorem.
996 1161 1127 1222 possum

145 1235 247 1370 Ilmlem
261 1228 405 1304 superior
418 1245 505 1303 esse,
528 1230 555 1289 si
569 1227 712 1289 direxero
727 1229 782 1308 [eo]
797 1243 905 1305 omne,
925 1229 1011 1306 quod
1027 1230 1126 1292 diseo.

175 1327 193 1370 o
205 1328 232 1371 e.

533 1519 743 1535 Q

435 1698 470 1780 L.
496 1694 637 1781 LIIIIIEI
662 1694 836 1782 trualt

500 1849 552 1900 ab
579 1850 766 1903 LUCILIUIII

191 1967 681 2069 EPISTULARUM
723 1970 1078 2072 utulllllll

525 2139 661 2201 LIBER
680 2139 744 2203 XX.

561 2285 703 2298 ψ

441 2377 657 2437 EPISTULA
683 2383 705 2437 l.
733 2380 822 2454 (118.)

395 2473 505 2526 Sennea
524 2477 635 2528 Lucuro
655 2488 707 2529 suo
726 2486 866 2528 ennursrr.

116 2592 130 2645 1
205 2577 311 2653 ExigIs
328 2593 347 2637 a
366 2594 416 2637 ure
435 2579 659 2654 frequentiores
679 2579 845 2655 episurlas=
866 2576 1002 2639 rationes
1018 2581 1124 2642 confe-

142 2678 262 2722 ramusz
289 2661 440 2721 solvendo
461 2678 522 2722 non
544 2664 615 2724 eris.
660 2664 851 2724 convenerat
867 2662 1006 2738 quidem,
1025 2672 1126 2725 uttua

142 2745 247 2821 priora
260 2751 380 2803 essent:
402 2751 436 2804 tu
449 2746 612 2821 scriberes,
622 2761 682 2822 ego
693 2749 904 2808 rescriberem.
927 2747 1057 2809 sednon
1070 2763 1124 2810 ero

143 2826 291 2888 difficilis:
313 2827 392 2886 bene
408 2829 491 2888 credi
506 2829 559 2889 tibi
570 2831 647 2892 scio.
666 2830 772 2907 itaque
781 2834 813 2892 in
823 2839 1021 2892 antecessum
1031 2831 1125 2908 dabo,

142 2926 200 2972 neo
211 2908 330 2985 faciam,
347 2912 430 2986 quod
442 2913 557 2988 Cicero,
572 2914 619 2974 vir
629 2915 861 2992 disertissimus,
877 2917 979 2976 facere
990 2916 1125 2977 Atticum

142 2995 234 3069 iubet,
250 3001 285 3055 ut
297 2999 432 3070 „etiamsi
444 3014 508 3059 rem
522 3001 636 3061 nullam
649 3001 774 3074 babebit,
789 3002 871 3076 qood
881 3003 914 3062 ia
929 3000 1053 3062 buccam
1069 3017 1124 3062 oe-

112 3083 232 3152 rmrit,
251 3082 390 3142 sotbmf‘
431 3081 603 3159 Numquam
619 3091 721 3159 potest
735 3085 862 3159 deesse,
882 3084 966 3161 quod
981 3083 1124 3161 scribant,

141 3173 175 3225 ut
189 3164 291 3225 omnia
304 3166 364 3238 illa,
381 3183 461 3242 quae
476 3166 632 3230 Ciceronis
649 3169 766 3243 inplent
780 3168 937 3242 epistulas,
952 3175 1124 3228 transeame

141 3251 208 3324 quis
231 3250 412 3311 candidatus
437 3253 559 3313 laboret.
596 3255 663 3327 pots
687 3255 808 3326 aleno,
833 3255 900 3327 quas
923 3255 988 3313 satis
1011 3253 1126 3314 anuo

145 3338 259 3392 Μ.
290 3337 356 3408 ques
378 3340 563 3396 emotum
586 3337 699 3404 fiducia
720 3337 872 3410 Operam,
895 3339 963 3412 quis
981 3337 1124 3413 Pompeii,

232 3431 320 3513 trcoe
335 3425 429 3494 petat
456 3436 546 3494 quom
566 3421 662 3482 durus
680 3423 720 3481 rit
734 3421 892 3494 fenerator
913 3420 1077 3494 Caeciius,
1103 3438 1126 3482 o

248 3504 345 3561 utura
368 3505 531 3564 oenaeofmts
556 3506 723 3580 propinque·
743 3520 894 3565 summm
917 3515 1033 3566 movere
1062 3521 1127 3567 nort
