2460 3916
391 368 425 450 b.
446 366 585 450 ttttffl
612 367 783 451 tanturn

453 496 503 546 ΑΙ)
531 495 721 547 LUCILIUM

147 589 1028 801 EPlsTULAtlifflvMORfflUM

512 904 663 914 —a--uun

403 1007 619 1071 EPISTULA
645 1011 667 1065 1.
693 1008 764 1080 (42.)

353 1099 463 1159 senoco
480 1105 591 1158 Lucruo
611 1116 663 1156 suo
683 1114 821 1156 sanuruu.

167 1203 229 1262 lam
249 1202 302 1264 tibi
322 1205 380 1265 iste
399 1207 553 1281 persuasit
573 1207 671 1267 virum
691 1221 726 1266 se
741 1204 855 1264 bonum
870 1209 962 1262 esset
987 1206 1099 1279 atquil

102 1286 303 1349 virbonus
325 1295 397 1349 tam
419 1291 493 1352 eito
515 1307 584 1352 nee
604 1289 693 1350 fieri
714 1293 845 1364 potest
866 1302 935 1347 nee
958 1287 1072 1348 intet-

102 1371 189 1445 legi.
209 1371 273 1431 sois
286 1387 376 1447 quem
388 1390 469 1435 nune
483 1375 579 1437 virum
593 1375 706 1434 bonum
721 1373 841 1434 dioamt
860 1371 949 1434 buius
964 1386 1072 1432 secun

103 1454 163 1514 dae
176 1461 275 1514 notae·
297 1473 366 1516 nam
380 1457 428 1517 ille
443 1460 517 1519 alter
527 1460 658 1520 fortasse
669 1466 821 1532 tamquam
833 1455 967 1532 phoenix
979 1457 1073 1516 semel

103 1553 185 1598 anuo
205 1538 448 1614 quingentesimo
468 1544 612 1604 nascitur.
651 1541 714 1602 Nee
734 1548 782 1600 est
800 1542 908 1600 mirum
923 1555 961 1600 ox
982 1539 1072 1600 inter-

104 1621 186 1682 valia
204 1637 314 1698 magna
334 1625 487 1698 godmari:
509 1626 673 1687 mediocria
691 1632 723 1685 et
741 1625 771 1684 in
785 1624 903 1687 turbam
915 1625 1074 1684 nascentia

106 1719 201 1780 saepe
219 1705 340 1767 fortuna
360 1708 515 1784 producit,
539 1711 652 1770 eximia
670 1725 744 1770 vero
764 1709 834 1784 ipse
853 1708 974 1769 mnae
991 1723 1072 1768 eom»

104 1788 234 1849 meadat.
271 1789 334 1850 Sed
349 1790 406 1852 iste
421 1794 545 1853 muitum
559 1794 659 1853 adhue
673 1792 761 1852 abest
772 1793 813 1852 ab
826 1807 883 1866 oa,
901 1791 988 1867 quod
1002 1805 1100 1868 pro-2

104 1871 213 1932 fitetm.
242 1881 275 1934 et
294 1874 320 1933 si
339 1875 446 1950 eoiret,
469 1877 542 1952 quid
556 1884 638 1938 esset
653 1877 701 1937 vir
713 1876 828 1950 bonum
850 1876 986 1937 nondum
1001 1890 1072 1936 esse

104 1969 140 2016 se
159 1956 311 2032 erederet,
334 1959 466 2020 orasse
487 1962 576 2021 etiam
596 1960 662 2021 fieri
683 1976 778 2035 posse
792 1960 979 2036 desperaret.
1014 1959 1073 2034 „At

106 2039 182 2099 maie
203 2039 355 2102 existimat
375 2043 413 2103 de
433 2045 550 2105 malis.“
583 2045 643 2105 hoe
664 2045 754 2105 etiam
769 2044 843 2103 mali
864 2044 990 2117 iaeiunt,
1015 2057 1073 2102 nee

104 2123 166 2182 ulla
185 2123 283 2185 maior
301 2141 404 2200 poen-a
423 2129 576 2202 nequitiae
594 2135 644 2188 est
664 2144 756 2204 quam
777 2128 860 2202 quod
879 2127 938 2187 sibi
956 2143 992 2186 ae
1006 2126 1072 2186 suis

105 2204 255 2281 dispone„
290 2208 350 2282 „Aa
364 2209 428 2271 adit
441 2226 511 2284 eos,
533 2212 585 2286 qui
600 2212 700 2271 subita
714 2218 745 2271 et
757 2226 867 2284 magna
881 2210 1015 2285 patentia
1027 2211 1101 2272 ins

104 2297 243 2365 potenter
256 2297 408 2354 utuntur.‘⁴
439 2293 520 2354 idem
532 2295 636 2368 iaaiet,
659 2293 818 2354 cumidem
829 2295 968 2368 potnerit.
996 2293 1072 2353 Mul-

103 2381 217 2446 torum,
244 2377 317 2449 qaia
336 2377 475 2442 iubeattla
495 2385 580 2452 sunt,
605 2379 698 2437 latent
716 2376 804 2451 vitia,
826 2392 888 2435 non
900 2374 1003 2435 minus
1018 2392 1073 2438 au-

104 2473 192 2530 sura,
208 2473 277 2520 oum
291 2459 350 2520 iilis
360 2460 443 2521 vires
452 2477 530 2525 suae
542 2457 727 2537 placuerint,
742 2475 833 2537 quam
844 2457 909 2534 itia,
925 2474 1004 2532 quae
1014 2459 1074 2547 iam

104 2540 232 2603 felicitas
254 2544 379 2618 aperuit.
412 2544 610 2606 instrumenta
628 2543 687 2604 iilis
708 2542 908 2619 explioandee
919 2540 1074 2619 nequitiae

104 2625 225 2685 desunt.
267 2625 319 2687 Sia
337 2633 401 2688 tuto
423 2644 552 2704 serpens
567 2631 656 2690 otiam
669 2628 816 2704 pestifera
829 2633 981 2702 tuaatntur,
1004 2627 1104 2689 dum4

103 2709 183 2782 riget
202 2708 329 2786 {rigores
352 2726 417 2770 non
436 2712 548 2777 desunt
568 2720 639 2775 urna
657 2713 700 2773 iili
717 2728 850 2786 venena,
874 2711 931 2773 sed
944 2717 1073 2787 torpent.

104 2790 266 2854 Multorum
286 2795 450 2856 erudelitas
468 2805 501 2858 et
521 2796 642 2859 ambitio
658 2797 834 2871 enimenin,
857 2804 890 2857 ut
904 2796 990 2871 paria
1004 2810 1074 2871 pes-

106 2875 191 2937 simis
204 2878 332 2952 audeat,
352 2880 493 2940 iorttmae
507 2882 615 2943 favore
630 2881 776 2942 detieitur.
805 2880 916 2940 eadem
930 2881 1008 2940 velie
1023 2895 1073 2939 eo·

103 2974 254 3034 gnoseos:
280 2962 322 3022 da
343 2979 453 3038 passe,
482 2972 627 3039 quantum
646 2966 759 3027 votum.
805 2961 982 3037 Meministi,
1009 2969 1103 3022 erma

106 3044 231 3117 quando
252 3042 484 3107 **adfirmares
505 3064 576 3109 esse
597 3049 626 3107 in
642 3054 693 3107 tua
709 3053 873 3122 potestate,
894 3046 1013 3106 dixisse
1027 3060 1076 3104 me

105 3127 268 3189 volaticum
283 3144 354 3189 esse
368 3146 405 3189 ae
419 3131 517 3190 levem
532 3139 605 3191 otte
619 3147 680 3190 non
691 3131 803 3206 podem
815 3131 881 3189 eius
892 3136 1005 3200 tenere,
1020 3127 1077 3186 sed

106 3218 259 3283 pennam?
288 3212 429 3274 mentitus
445 3230 527 3274 sum=
551 3215 653 3288 pluma
667 3213 833 3283 tenebatur,
857 3227 947 3287 quam
961 3206 1078 3269 remisit

105 3299 137 3352 et
157 3295 241 3370 mgtt.
278 3297 354 3370 seis,
378 3312 456 3372 quos
478 3303 587 3372 postea
606 3297 659 3355 tibi
674 3295 844 3356 exhibuerit
857 3294 962 3366 ludos,
986 3308 1076 3368 quam

105 3378 198 3438 muita
218 3377 247 3438 in
264 3388 358 3454 eaput
373 3395 461 3440 ouum
476 3395 586 3440 casura
599 3378 797 3454 temptaverit.
830 3393 891 3438 non
907 3375 1028 3437 videbat
1041 3391 1076 3436 se

107 3461 304 3535 perationem
318 3462 456 3538 perieuta
469 3463 499 3522 in
512 3480 601 3523 suam
614 3478 713 3523 ruere.
733 3477 795 3522 non
808 3459 967 3536 cogitabat
984 3475 1075 3535 quam
