2468 3930
207 226 268 290 126
495 225 528 284 L.
547 224 694 285 ANNAEI
714 223 889 285 SENECAE

164 374 361 443 aeexsorbet.
404 376 450 435 De
470 373 646 434 hortamen
663 389 861 449 quaeremus,
879 389 953 449 pars
967 389 1088 435 summa
1101 372 1184 438 vitae

206 469 307 522 utrum
322 462 381 534 [ea]
394 458 475 532 faex
486 458 525 518 sit
535 473 574 516 an
585 456 821 532 liquidissimum
832 473 870 516 ac
882 456 1079 532 purissimum
1092 459 1182 534 quid·

208 545 292 617 dam,
321 544 347 602 si
372 541 464 602 modo
486 556 575 601 mens
598 541 666 600 sine
688 540 798 600 iniuria
820 547 869 601 est
888 547 919 601 et
938 539 1048 617 integri
1069 557 1182 605 sensus

209 625 341 687 animum
356 627 460 687 iuvant
473 640 531 684 nec
546 623 697 684 delectum
712 631 743 684 et
754 631 979 698 praemortuum
993 639 1108 700 corpus
1123 634 1181 687 est

209 712 371 785 plurimum
395 709 476 768 enim
497 709 605 781 refert,
629 708 720 768 vitam
741 706 851 783 aliquis
874 708 1018 768 extendat
1038 724 1077 767 an
1101 725 1182 771 mor·

164 799 279 854 tltemz
299 800 329 852 at
349 793 375 852 si
391 793 496 853 inutile
510 790 685 851 ministeriis
700 806 814 865 corpus
829 798 890 864 est,
914 790 1022 866 quidni
1043 799 1184 867 oporteat

209 878 341 937 educere
375 875 506 937 animum
536 873 747 935 laborantem?
780 882 810 936 et
834 874 968 935 fortasse
992 877 1086 950 paulo
1112 884 1183 937 anta

210 976 301 1037 quam
323 959 425 1034 debet,
449 958 699 1030 faciendumst,
722 973 775 1031 ne,
798 973 867 1018 eum
887 956 955 1019 lieri
978 957 1116 1033 debebit,
1137 960 1181 1020 la-

210 1059 280 1104 cere
294 1059 355 1103 uon
372 1043 492 1118 possis=
507 1049 538 1102 et
552 1056 619 1101 eum
631 1041 728 1102 maius
742 1042 908 1116 perieulum
920 1041 961 1102 sit
970 1043 1049 1103 male
1059 1043 1182 1103 vivendi

211 1143 302 1204 quam
321 1127 381 1188 cito
395 1127 557 1199 moriendi,
580 1126 688 1187 stultus
704 1132 765 1199 est,
788 1125 840 1199 qui
860 1142 922 1186 non
939 1124 1051 1200 exigua
1064 1133 1182 1201 tempo·

209 1214 252 1274 ris
267 1211 410 1271 mercede
424 1225 553 1285 magnae
576 1209 622 1269 rei
646 1210 744 1268 aleam
768 1208 899 1269 redimit.
927 1210 1048 1271 Paucos
1067 1210 1183 1284 longis·

211 1298 289 1357 sima
315 1302 458 1354 senectus
487 1293 526 1352 ad
552 1298 679 1353 mortem
704 1293 771 1352 sine
795 1290 904 1352 iniuria
922 1294 1059 1368 pertulit,
1081 1294 1182 1354 multis

211 1381 293 1439 iners
319 1376 380 1436 vita
402 1377 469 1435 sine
488 1392 547 1436 usu
568 1376 616 1436 sui
637 1375 743 1436 iacuit:
770 1382 882 1451 quanto
899 1375 1011 1437 deinde
1026 1377 1180 1442 crudelius

168 1462 330 1523 bbiudicas
346 1459 463 1534 aliquid
477 1475 515 1518 ex
531 1460 593 1519 vita
607 1458 782 1534 perdidisse
794 1460 933 1534 quamvis
946 1459 1103 1521 finienda?
1115 1460 1182 1522 Noli

211 1561 261 1605 me
275 1543 387 1605 invitus
403 1542 522 1614 audire,
537 1550 689 1618 tamquam
705 1543 745 1601 ad
761 1551 789 1604 le
804 1543 862 1602 iam
879 1543 1028 1619 pertineat
1041 1546 1100 1605 ista
1113 1559 1183 1604 sen·
1214 1599 1217 1603 ,

211 1628 320 1701 tentia,
346 1633 376 1686 et
400 1625 474 1702 quid
495 1627 595 1686 dicam
613 1625 755 1690 aestima:
777 1643 838 1688 non
858 1626 1029 1702 relinquam
1045 1635 1183 1689 senectu-

212 1723 288 1785 tem,
314 1710 341 1769 si
362 1726 411 1771 me
430 1717 523 1771 toturn
549 1709 622 1769 mihi
647 1711 830 1784 reservabit,
845 1719 940 1772 totum
961 1717 1061 1772 autem
1081 1711 1121 1773 ab
1134 1710 1183 1770 illa

213 1801 300 1872 parte
315 1793 453 1854 meliore:
469 1803 499 1854 at
513 1794 539 1853 si
554 1794 690 1869 coeperit
704 1801 866 1854 concutere
880 1802 1024 1870 mentem,
1040 1796 1067 1856 si
1081 1794 1183 1871 partes

214 1878 281 1939 eius
302 1879 490 1951 convellere,
513 1879 539 1937 si
561 1877 633 1937 mihi
654 1895 716 1938 non
736 1878 829 1937 vitam
848 1878 1019 1954 reliquerit,
1044 1878 1101 1940 sed
1121 1879 1184 1938 ani·

170 1973 311 2034 temam,
337 1962 492 2036 prosiliam
514 1977 551 2021 ex
579 1959 719 2023 aedilicio
740 1961 821 2036 putri
840 1978 877 2023 ae
901 1962 1009 2024 ruenti.
1042 1962 1184 2024 Morbum

211 2053 311 2106 morte
334 2063 395 2108 non
415 2045 542 2119 fugiam,
558 2046 715 2106 dumtaxat
735 2045 902 2105 sanabilem
923 2061 981 2106 neo
1001 2045 1185 2107 officientem

217 2129 327 2190 animo.
362 2146 425 2191 non
446 2130 583 2189 adferam
602 2129 676 2189 mihi
697 2145 804 2191 manus
826 2138 953 2206 propter
973 2130 1125 2191 dolorem:
1140 2129 1184 2189 sie

216 2214 292 2275 mori
306 2214 387 2274 vinei
403 2219 458 2274 est.
480 2214 561 2274 hunc
580 2221 680 2274 tamen
702 2214 730 2273 si
745 2212 845 2274 sciero
861 2221 1010 2289 perpetuo
1024 2212 1097 2274 mihi
1112 2229 1185 2274 esse

216 2296 406 2374 patiendum,
425 2298 532 2372 exibo,
551 2314 612 2358 non
630 2304 757 2372 propter
770 2297 886 2372 ipsum,
908 2298 966 2358 sed
980 2297 1052 2371 quia
1066 2297 1185 2373 inpedi-

215 2391 316 2443 mento
339 2381 411 2442 mihi
434 2383 553 2442 futurus
576 2388 623 2441 est
645 2382 684 2442 ad
699 2397 804 2456 omne,
827 2389 954 2458 propter
969 2381 1054 2455 quod
1067 2379 1186 2442 vivitur.

214 2465 376 2528 Inbecillus
399 2474 446 2527 est
466 2472 496 2526 et
514 2465 660 2540 ignavae,
683 2465 736 2542 qui
759 2474 884 2540 propter
898 2466 1036 2527 dolorem
1052 2463 1187 2537 moritur,

171 2552 341 2622 37stultus,
366 2551 418 2624 qui
439 2549 557 2609 doloris
580 2564 676 2610 eausa
695 2549 779 2611 vivit.
817 2549 881 2610 Sed
901 2549 932 2609 in
951 2549 1075 2623 longum
1097 2562 1187 2609 exeo.

216 2640 263 2692 est
278 2640 437 2706 praeterea
451 2631 586 2705 materia,
603 2648 683 2707 quae
697 2634 811 2693 ducere
826 2633 905 2693 diem
923 2632 1031 2709 possit.
1067 2640 1099 2694 et
1112 2647 1188 2707 quo-

216 2715 308 2773 modo
336 2715 427 2774 linem
448 2716 597 2789 inponere
617 2716 698 2777 vitae
721 2716 845 2792 poterit,
876 2717 929 2792 qui
956 2716 1106 2797 epistulae
1126 2730 1190 2775 non

218 2803 339 2872 potesta
381 2798 458 2857 Vale
479 2814 562 2874 ergo.
601 2800 684 2874 quod
698 2801 840 2862 libentius
862 2817 953 2877 quarn
967 2800 1072 2861 mortis
1087 2813 1190 2861 moras

217 2881 351 2941 lecturus
367 2898 411 2942 es.
454 2883 543 2943 Vale.

504 3001 722 3060 EPISTULA
746 3002 806 3058 Vll.
833 3003 905 3073 (59.)

471 3097 707 3149 sarracenerum
724 3108 775 3148 suo
792 3108 930 3148 sanorem.

191 3238 205 3289 l
279 3217 452 3293 Magnam
473 3233 521 3276 ex
542 3216 712 3293 epistula
739 3222 803 3277 tua
825 3215 988 3292 percepi
1011 3217 1192 3290 volupta-

219 3311 307 3364 tem:
331 3303 470 3377 permitte
490 3299 569 3361 enim
589 3300 661 3360 mihi
682 3300 724 3361 uti
743 3299 848 3361 verbis
870 3300 1000 3375 publicis
1021 3315 1080 3360 nec
1093 3296 1197 3358 illaad

221 3386 474 3462 significationem
489 3383 624 3446 Stoicam
642 3400 765 3446 revoca.
802 3382 906 3444 vitium
921 3399 993 3444 esse
1008 3384 1198 3458 voluptatem

222 3470 385 3531 eredimus.
421 3469 461 3530 sit
475 3485 565 3530 sane:
588 3484 704 3543 ponere
723 3475 823 3528 tamen
838 3467 920 3527 illam
934 3468 1072 3529 solemus
1086 3465 1128 3526 ad
1145 3464 1198 3524 de·
