2468 3930
177 212 241 276 408
338 229 343 238 ·
464 215 496 273 L.
518 213 665 272 ΑΝΝΑΕΙ
685 211 861 274 SENECAE

173 365 315 439 publicus
333 364 535 437 relinquatur:
564 361 722 437 proprium
743 362 831 423 nobis
849 375 886 422 ac
897 362 1052 436 peculiare
1062 379 1154 426 mane

132 448 254 520 1ofiat.“
299 448 350 507 Isti
373 463 445 507 vero
467 444 538 505 mihi
559 446 771 506 detunctorum
786 446 854 509 loeo
871 453 950 507 sunt.
973 449 1158 522 quantulum

175 533 253 591 enim
272 546 291 590 a
312 532 418 590 funere
439 530 550 590 absunt
569 536 599 589 et
614 530 737 602 quidem
751 529 879 604 acerbo,
900 530 953 605 qui
967 532 1008 590 ad
1022 533 1108 593 laces
1122 537 1157 593 et

175 631 282 674 cereos
297 615 422 673 vivuntt
449 613 536 672 Hanc
554 612 645 673 vitam
659 628 750 688 agere
765 612 875 673 eodem
889 620 1028 690 tempore
1041 615 1155 678 multos

173 696 380 767 meminimus,
406 697 484 757 inter
509 713 588 772 quos
609 702 639 756 et
658 697 787 756 Acilium
808 697 932 771 Butam,
957 699 1155 773 praetorium.

174 782 222 842 cui
243 790 314 857 post
335 781 545 856 patrimonium
562 781 669 855 ingens
691 788 902 856 consumptum
919 780 1056 843 Tiberius
1078 800 1154 859 pau·

133 882 166 935 11
175 872 323 941 pertatem
340 864 497 925 confitenti
512 881 610 938 ‚,scrc‚
631 864 736 939 inquit,
755 875 949 941 experrectus
961 870 1022 927 es.“
1064 866 1154 926 Reci-

174 948 257 1010 tabat
271 947 434 1008 Montanus
449 947 543 1008 lulius
555 963 686 1021 carmen,
702 948 867 1010 tolerabilis
880 954 972 1024 poeta
983 956 1013 1010 et
1022 949 1156 1013 amicitia

172 1032 283 1092 Tiberii
298 1041 389 1093 notus
404 1044 434 1092 et
452 1032 573 1106 frigore.
601 1037 686 1092 ortus
702 1038 732 1091 et
747 1047 878 1092 occasus
894 1031 1095 1094 libentissime
1109 1033 1154 1094 in·

174 1114 304 1176 serebat.
330 1116 447 1192 (itaque
471 1131 540 1176 cum
560 1113 768 1189 indignaretur
787 1115 910 1190 quidam
924 1115 1009 1177 illum
1023 1123 1087 1179 toto
1103 1118 1155 1178 die

173 1199 322 1259 recitasse
347 1207 376 1259 et
400 1206 526 1274 negaret
551 1199 757 1258 accedendum
787 1200 828 1259 ad
854 1199 1048 1261 recitationes
1077 1201 1153 1276 eius,

172 1283 259 1342 Natta
278 1282 416 1342 Pinarius
441 1284 496 1342 ait:
525 1299 703 1357 „numquam
726 1299 847 1359 possum
870 1284 1022 1346 liberabas
1046 1301 1154 1360 upac'

132 1373 298 1443 ltparcius
311 1384 376 1426 snm
389 1369 472 1427 iilum
486 1368 593 1426 andire
609 1367 648 1426 cb
661 1373 728 1426 ortu
741 1369 785 1427 cd
796 1370 976 1443 ccccsum.“)
1005 1366 1081 1431 Cum
1094 1367 1154 1429 hos

173 1466 283 1509 versus
300 1450 475 1510 recitasset:

257 1533 369 1609 Incipit
381 1535 520 1594 ardentes
532 1534 665 1594 Pbocbus
673 1535 844 1609 producere
853 1538 1002 1610 flammas,

257 1634 402 1692 spcrperc
414 1635 446 1678 sc
459 1619 627 1678 rubicunda
644 1619 722 1692 dies,
739 1620 800 1678 iant
816 1621 905 1680 tristis
918 1619 1049 1681 hirundo

257 1706 373 1775 crucis
387 1703 523 1762 reditura
537 1703 615 1762 cibos
628 1703 773 1762 inmittere
786 1705 865 1764 nidis

258 1787 361 1860 incipit
373 1793 403 1846 ct
414 1788 496 1846 molti
504 1788 631 1862 partitos
644 1801 696 1845 ore
710 1788 873 1847 ministrat:

173 1868 277 1929 Varus
294 1884 391 1943 eques
403 1869 575 1943 Romanus,
595 1867 635 1928 M.
650 1869 762 1928 Vinicii
776 1884 896 1943 comes,
920 1884 1082 1930 coenarum
1098 1867 1152 1928 bo·

175 1968 282 2012 narum
306 1954 494 2026 adsectator,
523 1968 601 2028 quas
622 1951 804 2026 inprobitate
824 1952 947 2028 linguae
971 1951 1152 2024 merebatur,

134 2044 168 2099 13
176 2037 372 2096 exclamavit:
395 2038 518 2114 ,incipit
533 2036 614 2096 Buta
629 2037 787 2097 dormire.“
808 2035 927 2098 Deinde
942 2052 1011 2098 cum
1022 2035 1153 2100 subinde

173 2121 349 2180 recitassem
397 2176 401 2185 .

258 2208 318 2264 ium
332 2220 388 2264 suc
399 2210 534 2281 pastores
547 2205 668 2264 stabulis
682 2210 817 2264 armenta
831 2206 975 2279 locarant,

258 2278 317 2348 ictis
330 2289 406 2349 dure
418 2291 521 2366 sopitis
534 2304 595 2349 nox
606 2291 698 2365 picra
711 2290 829 2349 silentia
842 2290 931 2350 terris

259 2374 377 2448 incipit:

174 2453 256 2514 idern
270 2457 371 2515 Varus
387 2453 498 2529 inquit=
521 2456 620 2528 ‚,Quid
632 2452 728 2517 dicas?
749 2458 807 2515 inm
820 2471 882 2516 nox
901 2451 964 2516 est?
982 2456 1029 2516 abc
1042 2459 1073 2515 ct
1083 2453 1153 2514 Bae

175 2545 235 2599 tana
254 2540 418 2600 sciutcb0.“
460 2537 540 2598 Nihil
559 2544 624 2599 erat
644 2539 745 2599 notius
763 2538 821 2598 hac
836 2539 901 2598 eius
917 2538 1020 2599 vitain
1034 2544 1152 2599 coutra-

173 2622 252 2682 rium
274 2622 464 2682 circumacta.
498 2638 605 2696 quam,
633 2628 666 2681 ut
688 2622 766 2696 dixi,
788 2623 870 2682 multi
891 2622 1001 2682 eodem
1016 2629 1154 2698 temporo

134 2712 311 2779 14egerunt.
357 2704 456 2764 Causa
477 2713 577 2765 autem
598 2711 646 2764 est
666 2705 707 2764 ita
728 2706 852 2766 vivendi
876 2704 1075 2781 quibusdam,
1091 2720 1153 2766 non

176 2786 247 2863 quia
268 2786 383 2863 aliquid
404 2786 577 2847 existiment
598 2794 719 2848 noctem
738 2790 838 2866 ipsam
852 2788 966 2850 habere
979 2787 1152 2860 iucundius,

175 2870 230 2930 sed
249 2869 320 2944 quia
332 2870 404 2928 nihil
420 2870 503 2931 iuvat
513 2871 669 2948 publicum
681 2878 711 2931 el
722 2875 824 2947 gravis
837 2874 935 2934 malae
948 2871 1153 2934 conscientiae

173 2956 227 3014 lux
249 2960 296 3013 est
314 2960 344 3013 et
365 2954 466 3013 omnia
490 2955 720 3031 concupiscenti
743 2964 795 3019 aut
820 2955 1039 3031 contemnenti,
1062 2960 1154 3030 prout

173 3054 284 3113 magno
297 3047 348 3099 aut
359 3054 455 3113 parvo
468 3048 569 3115 empta
580 3048 659 3113 sunt,
675 3040 797 3102 lastidic
811 3048 859 3101 est
869 3042 969 3101 lumen
981 3039 1152 3115 gratuitum.

172 3122 334 3184 Praeterea
355 3121 505 3184 luxuriosi
521 3125 611 3184 vitam
628 3140 715 3185 suam
729 3141 801 3185 esse
815 3125 846 3184 in
862 3123 1065 3196 sermonibus,
1081 3123 1153 3182 dum

173 3207 287 3279 vivunt,
303 3209 418 3268 volunt.
438 3224 508 3267 nam
522 3208 549 3267 si
563 3215 688 3283 tacetur,
704 3210 834 3284 perdere
848 3224 884 3269 sa
899 3214 1006 3284 putant
1017 3221 1152 3283 operam.

173 3291 275 3366 itaque
291 3293 370 3351 male
384 3290 512 3365 habent,
529 3291 671 3367 quotiens
689 3294 811 3366 iaciunt
828 3292 912 3368 quod
927 3291 1050 3352 excidat
1062 3290 1151 3350 fama

172 3374 257 3436 multi
271 3376 354 3435 bona
369 3375 545 3450 comedunt,
561 3375 644 3436 multi
662 3377 777 3438 amicas
791 3376 912 3436 habent.
941 3382 973 3435 ut
985 3375 1062 3434 inter
1075 3371 1153 3435 istos

172 3474 284 3517 nomen
305 3459 459 3535 invenias,
485 3475 564 3535 opus
586 3467 714 3521 estnon
735 3467 848 3521 tantum
868 3459 1057 3520 luxuriosam
1076 3471 1151 3532 roan,
