2468 3930
210 244 382 307 EPISTUL.
396 245 491 307 Mola.
518 247 590 308 LIB.
605 248 655 308 111.
683 248 740 309 ΕΡ.
756 256 783 312 6.
797 258 823 313 7.
846 257 903 326 (ii.
920 255 978 324 ib)
1040 251 1082 341 63

167 397 232 459 Sed
246 396 354 474 accipe
367 398 427 458 iam
441 399 524 473 quod
539 399 638 462 debeo
653 407 684 461 et
697 403 781 461 valea
803 404 948 477 „Divitiae
961 411 1031 464 suut
1043 406 1086 465 ad
1094 415 1113 471 lt

100 485 196 558 tepent
212 487 341 543 naturae
353 486 707 559 conposirapcupertcs.“
741 485 808 547 Hoc
820 501 916 562 saepe
929 486 1001 547 dicit
1010 487 1082 563 Epi-

102 582 196 628 curus
223 567 311 627 aliter
337 574 428 640 atque
449 567 550 626 aliter:
584 569 642 628 sed
660 585 826 645 numquam
848 571 938 633 nimis
963 571 1082 646 dicitur,

102 649 187 726 quod
204 665 370 724 numquam
391 651 467 711 satis
489 649 626 712 discitur.
649 653 834 727 quibusdam
848 656 984 716 remedia
998 672 1081 718 mon-

101 735 237 811 stranda,
251 733 435 810 quibusdam
449 733 631 796 inculcanda
645 743 726 797 sunt.
755 739 843 798 Vale.

396 870 615 929 EPISTULA
635 874 695 931 Vll.
716 874 787 944 (28.)

359 965 470 1019 saraca
488 967 598 1020 Lucuro
616 981 668 1022 suo
688 981 827 1026 susurru.

166 1068 234 1128 Hoc
255 1066 309 1127 tibi
334 1068 391 1128 soli
413 1074 504 1144 putas
526 1070 680 1131 accidisse
696 1077 726 1130 et
740 1071 899 1131 admiraris
915 1071 1003 1144 quasi
1018 1085 1110 1138 rernl

102 1167 224 1225 novam,
241 1151 325 1225 quod
340 1152 585 1227 peregrinatione
599 1161 661 1213 tarn
675 1155 768 1228 longa
782 1160 812 1213 et
827 1161 870 1214 tot
880 1155 1017 1215 locorum
1030 1172 1082 1215 va·

101 1235 261 1295 rietutlbus
276 1251 338 1296 non
353 1236 527 1298 discussisti
537 1236 689 1298 tristitiam
700 1238 941 1313 gravitatemque
953 1238 1083 1299 meutist

103 1319 269 1379 animum
284 1318 402 1379 debes
419 1327 581 1394 mutare,
602 1337 676 1380 non
698 1323 858 1381 coelum.
879 1322 950 1383 licet
962 1328 1083 1382 vastum

102 1401 261 1463 traieceris
276 1418 373 1477 mare,
390 1404 468 1477 licet,
485 1411 517 1464 ut
531 1405 572 1465 ait
585 1404 740 1480 Vergilius
755 1413 875 1479 noster,

349 1493 505 1562 terraeque
517 1490 661 1564 urbesque
675 1491 833 1552 recedunt:

102 1578 273 1645 sequentur
292 1577 338 1642 te,
366 1586 562 1646 quocumque
583 1575 779 1648 perveneris,
804 1571 888 1633 vitia.
919 1573 986 1635 Hoc
1002 1574 1110 1644 idemq

104 1655 244 1729 querenti
259 1653 379 1714 cuidam
393 1654 538 1716 Socrates
550 1656 607 1717 altr
629 1656 724 1732 „quid
739 1658 857 1718 mireris
873 1656 946 1718 nihil
960 1658 1014 1719 tibi
1029 1675 1083 1733 pe-

101 1736 327 1812 regrinationes
347 1739 516 1814 prodesse,
542 1756 611 1800 oum
633 1747 663 1800 te
684 1740 903 1803 circumferas?
925 1743 1035 1817 premit
1053 1748 1084 1802 te

103 1822 213 1882 eadem
227 1837 329 1895 causa,
346 1839 426 1898 quae
441 1824 587 1898 expulil.“
623 1824 702 1899 Quid
715 1833 864 1886 terrarum
878 1823 985 1886 iuvare
995 1827 1082 1886 novi-

102 1912 151 1965 tas
165 1911 287 1980 potestt
309 1905 389 1982 quid·
407 1906 539 1982 cognitio
561 1908 687 1970 urbium
703 1918 754 1970 aut
774 1911 932 1971 locorum?
957 1910 989 1970 in
1011 1910 1082 1970 inri-

102 1996 165 2049 tum
189 1990 270 2051 cedit
290 1990 349 2050 istu
369 1991 500 2052 iactatio.
538 1992 664 2066 Quaeris
686 2009 782 2069 quare
802 2001 833 2054 te
854 1995 927 2068 luga
947 1994 1007 2055 ista
1020 2010 1082 2054 non

104 2073 249 2134 adiuvctt
269 2081 369 2134 tecum
384 2075 474 2149 iugis.
498 2091 577 2136 onus
592 2077 684 2137 animi
703 2078 920 2152 deponendum
936 2085 998 2139 estc
1020 2094 1082 2138 non

103 2164 175 2218 ante
189 2153 243 2218 tibi
258 2158 339 2219 ullus
359 2158 492 2234 placebit
510 2161 607 2220 locus.
639 2161 742 2221 Talem
764 2177 844 2221 nunc
860 2177 932 2222 csse
946 2161 1109 2226 habitumd

102 2248 187 2302 tuum
210 2242 326 2317 cogita,
355 2245 476 2318 qualem
496 2243 650 2318 Vergilius
672 2251 778 2305 noster
798 2247 877 2306 vatis
892 2246 1008 2306 inducit
1021 2245 1082 2304 iam

102 2324 273 2386 concitatae
287 2334 317 2387 et
330 2325 491 2401 instigatae
504 2328 694 2402 multumque
707 2327 849 2388 habentis
862 2329 894 2388 in
908 2345 944 2390 se
957 2327 1082 2402 spiritus

102 2426 164 2471 non
179 2425 243 2470 surr

229 2495 393 2554 bacchatur
407 2501 501 2569 caus,
519 2511 659 2570 mapuum
674 2497 703 2555 se·
708 2500 831 2570 pectore
839 2496 937 2570 possit

229 2582 395 2639 cucurrisse
408 2580 505 2640 deum

101 2660 200 2721 Vadis
214 2661 275 2721 huc
290 2662 369 2735 illuc,
392 2669 426 2723 ul
442 2663 580 2723 excutias
596 2660 735 2723 insidens
751 2663 891 2738 pondus,
914 2663 999 2738 quod
1014 2664 1083 2739 ipsa

101 2745 265 2806 iactatione
289 2744 514 2808 incommodius
539 2747 588 2820 fit,
611 2747 690 2807 sicut
710 2747 741 2805 in
761 2747 832 2806 navi
852 2762 947 2807 onera
969 2747 1083 2808 inmota

102 2830 204 2889 minus
220 2836 346 2904 urgent,
368 2829 569 2906 inaequaliter
583 2831 748 2891 convoluta
764 2830 852 2891 citius
869 2847 936 2892 eam
953 2836 1080 2907 partem,

101 2911 131 2973 in
149 2929 239 2989 quam
256 2913 432 2988 incubuere,
453 2915 640 2988 demergunt.
664 2913 815 2990 Quicquid
829 2916 915 2990 lacis,
932 2923 1082 2976 contrata

102 2997 179 3058 lacis
194 3003 225 3056 et
239 3005 324 3059 motu
338 2997 407 3073 ipso
423 3014 519 3060 noces
532 2997 600 3057 tibi:
624 3014 749 3073 aegrum
765 2999 845 3058 enirn
861 3000 1012 3060 concutis.
1042 3001 1109 3058 Atl

102 3096 171 3141 cum
186 3081 269 3141 istud
284 3082 434 3141 exemeris
451 3084 578 3153 malum,
602 3083 700 3142 omnis
721 3082 845 3142 mutatio
868 3083 927 3142 loci
949 3082 1083 3142 iucunda

101 3163 168 3224 flet:
191 3165 220 3224 in
237 3163 359 3226 ultimas
374 3167 538 3240 expellaris
554 3171 652 3225 terras
673 3164 789 3237 licebit,
816 3163 846 3224 in
863 3164 1000 3239 quolibet
1013 3164 1081 3223 bar—

99 3246 206 3308 bariae
222 3249 334 3323 angulo
352 3246 532 3322 conlocaris,
548 3248 707 3324 hospitalis
723 3247 776 3309 tibi
788 3249 839 3308 illo
849 3250 1083 3323 qualiscumque

102 3332 195 3401 sedes
212 3333 277 3392 erit.
298 3333 396 3407 magle
412 3334 480 3408 quis
494 3333 617 3393 veneris
630 3349 722 3408 quarn
735 3349 806 3407 quo,
821 3329 955 3405 interest,
971 3337 1002 3390 et
1011 3331 1082 3392 idco

102 3416 177 3476 nulli
192 3416 262 3478 loco
284 3416 428 3477 addicere
450 3418 598 3478 debemus
620 3416 763 3476 animum.
786 3414 933 3475 cumbae
955 3430 1081 3490 persua·

102 3499 372 3562 sionevivendum
393 3507 455 3562 est=
477 3518 558 3578 „non
575 3516 642 3561 sum
658 3499 711 3561 uni
725 3499 836 3575 angulo
858 3505 962 3573 natus,
985 3499 1083 3574 patria
