2468 3930
227 239 397 301 EPISTUL.
411 240 506 302 Moti.
519 240 589 300 ΜΒ.
605 241 685 302 Xtv.
699 241 756 301 ΕΡ.
771 251 798 304 a.
812 251 838 304 a.
853 252 909 320 (91.
921 251 979 319 aa.)
1021 243 1084 310 275

101 391 251 453 submittit
265 388 407 464 animum,
422 397 482 450 stat
493 399 599 451 contra
608 392 776 452 fortunam:
790 392 820 452 in
834 393 970 469 quolibet
980 411 1083 456 rerum

99 474 207 536 trabitu
220 490 256 536 se
272 475 369 534 virtus
385 481 498 534 servat
525 474 556 533 id
572 481 672 534 autern
686 492 780 536 unum
795 476 910 538 bonum
926 487 981 553 est,
999 480 1082 553 quod

99 573 266 634 numquam
283 558 471 632 defringitur.
497 558 527 617 ls
543 565 599 632 est,
615 559 750 633 inquam,
767 559 877 621 beatus
894 578 986 637 quem
1001 564 1083 623 nulla

99 659 151 704 res
171 640 320 702 minorem
340 641 420 700 lacit.
450 647 534 700 tenet
554 657 673 701 summa
694 649 723 702 et
742 658 781 702 ne
802 644 856 703 ulli
880 645 1002 720 quidem
1023 645 1083 706 nisi

100 724 160 787 sibi
171 732 220 787 est
232 723 366 785 innixus.
384 741 454 785 nam
471 723 523 798 qui
538 724 642 800 aliquo
654 726 768 786 auxilio
788 728 964 802 sustinetur,
981 737 1083 804 potest

100 810 220 871 cadere.
237 810 265 869 si
280 809 368 869 aliter
382 816 438 883 est,
454 807 601 883 incipient
615 810 740 870 multum
755 809 785 867 in
800 811 890 870 nobis
903 813 1005 872 valere
1021 829 1082 873 non

100 901 215 954 nostra.
245 893 315 969 quis
327 901 428 954 autern
441 893 506 952 vult
520 898 663 952 constare
678 893 799 953 fortuna
813 900 865 954 aut
879 896 947 968 quis
963 913 998 956 se
1009 913 1082 971 pru-

101 978 178 1038 dens
193 976 234 1037 ob
249 976 348 1037 aliena
361 977 507 1036 miraturi
550 975 628 1048 Quid
650 983 697 1036 est
719 975 810 1035 beata
823 979 905 1039 vita?
933 980 1104 1052 securitasa

100 1069 130 1122 et
143 1068 293 1136 perpetua
311 1058 522 1134 tranquillitas.
568 1058 647 1119 hanc
674 1059 758 1119 dabit
777 1059 870 1119 animi
891 1062 1079 1134 magnitudo.

100 1145 186 1206 dubit
201 1143 372 1204 constantia
389 1142 469 1202 bene
483 1143 607 1203 iudicati
622 1149 723 1203 tenax.
758 1144 807 1202 Ad
827 1143 903 1204 haec
924 1146 1085 1219 quomodo

100 1229 299 1304 pervenitur?
330 1228 357 1287 si
371 1226 484 1286 veritas
499 1234 562 1286 tota
581 1232 746 1301 perspecta
761 1233 817 1286 est.
835 1228 860 1286 si
877 1234 1018 1288 servatus
1035 1237 1082 1289 est

100 1314 130 1372 in
150 1312 245 1372 rebus
262 1311 389 1385 agendis
405 1311 491 1383 ordo,
507 1310 635 1381 modus,
664 1310 772 1382 decor,
794 1311 920 1370 innoxia
938 1312 1081 1372 voluntas

100 1411 136 1456 ac
151 1396 297 1470 benigna,
314 1396 428 1454 intenta
441 1392 552 1454 rationi
568 1409 625 1453 nec
640 1396 784 1468 umquam
802 1394 840 1453 ab
855 1395 907 1453 illa
920 1395 1081 1471 recedens,

101 1477 239 1544 amabilis
255 1478 345 1538 simul
359 1477 578 1552 mirabilisque.
595 1476 729 1552 denique
750 1478 929 1538 utbreviter
945 1477 997 1539 tibi
1019 1480 1080 1540 ior-

100 1564 211 1622 mulam
228 1562 374 1633 scribam,
396 1561 488 1621 talis
513 1561 662 1621 animus
684 1576 773 1620 esse
794 1563 1080 1638 sapientisviri

100 1645 229 1720 debet,
246 1647 375 1719 qualis
390 1645 498 1704 deum
514 1645 669 1704 deceat.
692 1642 770 1716 Quid
785 1653 885 1719 potest
902 1647 1103 1710 desiderarat

100 1730 136 1803 is,
151 1731 201 1790 cui
219 1727 321 1789 omnia
336 1728 465 1789 honesta
481 1728 680 1802 contingunt?
695 1744 764 1788 narn
782 1729 808 1787 si
819 1738 953 1805 possunt
966 1731 1081 1806 aliquid
1198 1760 1201 1766 ·

101 1831 163 1875 non
183 1813 315 1873 honesta
336 1813 476 1873 conterre
498 1810 699 1887 adoptimum
721 1819 846 1886 statum,
865 1813 898 1852 **
916 1815 947 1873 in
963 1814 1011 1874 his
1026 1816 1082 1875 erit

102 1896 193 1957 beata
204 1895 276 1971 vita,
291 1897 358 1956 sine
373 1896 484 1971 quibus
499 1912 559 1955 non
578 1903 633 1956 est.
650 1903 680 1955 et
695 1894 770 1970 quid
785 1899 905 1958 stultius
920 1897 1082 1974 turpiusve

103 1998 194 2057 quarn
209 1981 322 2041 bouum
336 1980 493 2055 rationalis
514 1979 605 2038 animi
626 1996 665 2039 ex
686 1979 918 2042 inrationalibus
936 1989 1081 2043 necteret

101 2065 229 2140 Quidam
237 2073 337 2126 tamen
345 2064 448 2138 augeri
456 2061 727 2124 summnmbonum
734 2063 878 2138 iudicant,
891 2065 964 2141 quia
971 2072 1103 2141 parunt>

100 2152 225 2225 plenum
242 2149 280 2208 sit
294 2148 425 2208 fortuitis
441 2147 694 2222 repugnantibus.
716 2148 878 2223 Antipater
893 2165 1018 2224 quoque
1035 2149 1080 2208 in-

99 2241 144 2293 ter
159 2249 289 2308 magnos
307 2240 411 2292 sectae
422 2231 513 2291 huius
528 2237 671 2290 auctores
692 2231 809 2305 aliquid
830 2248 865 2291 se
884 2233 1020 2292 tribuere
1034 2233 1081 2291 di-

100 2317 139 2377 cit
155 2317 306 2388 externis,
322 2316 379 2375 sed
396 2316 541 2389 exiguum
557 2314 732 2374 admodum.
758 2315 845 2373 vides
858 2322 974 2386 autem,
990 2317 1081 2390 quale

100 2401 147 2473 sit,
164 2403 276 2462 solete
291 2416 353 2460 nou
371 2415 443 2459 esse
456 2403 639 2470 contentum,
657 2396 715 2456 nisi
731 2397 842 2472 aliquis
858 2397 1011 2474 igniculus
1026 2397 1080 2458 ad-

100 2485 231 2546 luxerita
265 2484 348 2558 quod
369 2490 472 2558 potest
491 2481 522 2541 in
539 2481 598 2540 hac
621 2482 756 2541 claritate
771 2483 846 2542 solis
863 2481 978 2542 habere
997 2482 1080 2541 scin-

99 2569 381 2629 tillamomentumt
402 2566 526 2627 Sinon
543 2581 585 2625 es
601 2564 908 2626 sotahonestate
923 2571 1102 2630 conten-6

100 2661 174 2726 tus,
195 2667 362 2711 neccsse
377 2659 436 2711 est
456 2658 520 2710 aut
536 2647 704 2725 quietern
725 2649 830 2708 adici
851 2651 966 2722 velis,
988 2665 1081 2726 quam

101 2727 281 2816 ἀοχλησίαν
296 2742 409 2796 vocant
424 2734 546 2806 Graeci,
576 2741 641 2793 aut
667 2733 922 2808 voluptatemz
947 2733 1081 2793 horum

101 2817 627 2893 alterumutcumquerecipi
647 2824 790 2892 potest.
818 2817 1081 2878 vacatenimani-

102 2919 168 2964 mus
183 2902 325 2964 molestia
343 2902 420 2961 liber
433 2902 473 2960 ad
489 2901 660 2975 inspectum
683 2899 820 2960 universi
840 2901 977 2977 nihilque
997 2900 1080 2962 illum

102 2994 211 3048 avocat
226 3003 245 3047 a
260 2988 514 3061 contemplatione
542 2992 677 3048 naturae.
707 2986 867 3044 alterum
888 2985 1001 3057 illud,
1022 2999 1080 3043 vo-

104 3071 409 3147 luptas,bonun1
433 3069 586 3144 pecoris
607 3074 669 3128 est.
705 3068 854 3127 adicimus
875 3067 1016 3128 rationali
1035 3067 1080 3125 in-

102 3155 264 3229 rationale,
285 3153 414 3215 honesto
435 3152 646 3222 inhonestum,
671 3166 782 3224 magno
808 3153 973 3226 [pusillan
994 3152 1022 3209 ra·
1040 3149 1085 3209 ad

102 3241 230 3311 beatam]
246 3237 339 3298 vitam
355 3239 426 3298 lacit
436 3236 563 3297 titillatio
577 3233 726 3310 corporis.
749 3232 826 3306 Quid
843 3248 916 3306 ergo
935 3231 1104 3302 dubitatis7

103 3323 207 3384 dicere
221 3321 302 3382 bene
316 3338 387 3382 esse
401 3319 532 3392 homini,
548 3319 575 3379 si
592 3321 694 3393 palato
709 3317 788 3377 bene
804 3323 872 3376 esti
904 3324 932 3376 et
946 3316 1028 3377 hunc
1049 3324 1081 3377 tu

104 3423 164 3468 non
186 3408 257 3467 dico
272 3407 349 3466 inter
362 3406 446 3467 viros
462 3418 620 3476 numeras,
647 3402 705 3460 sed
724 3402 802 3462 inter
816 3399 973 3476 homines,
994 3401 1081 3461 cuius

103 3507 256 3552 summum
269 3490 384 3551 bonum
400 3488 564 3564 saporibus
582 3495 612 3547 et
627 3485 781 3549 coloribus
796 3502 833 3548 ac
846 3487 931 3548 sonis
944 3491 1084 3546 constatt

821 3571 877 3637 tit*
