2468 3930
207 237 380 300 nrrsrun.
395 238 489 300 1101.
510 239 583 300 tm.
600 240 666 300 xv.
688 241 745 301 xr.
762 253 786 304 1.
802 251 828 303 2.
845 250 901 319 (oa.
914 248 973 316 ot.)
1021 244 1086 309 aaa

102 393 187 456 tione
202 386 355 468 percepit,
388 407 584 468 quocumque
598 394 661 454 vult
681 394 732 455 illa
745 395 851 468 utitur,
882 394 986 457 didicit
1005 397 1086 459 enim

101 494 163 539 non
179 477 239 538 hoc
256 483 309 536 aut
323 475 397 535 illud
421 476 525 550 161116,
552 477 608 537 sed
630 479 848 554 quodcumque
874 480 1018 541 voluerit:
1041 481 1086 541 sic

102 561 155 637 qui
170 577 205 621 se
219 560 259 620 ad
274 566 367 621 totam
383 557 474 619 vitam
489 558 645 635 instruxit,
668 578 729 623 non
752 563 908 623 desiderat
923 565 1086 639 particula-

100 645 154 706 tim
170 644 336 718 admoneri,
353 643 463 703 doctus
479 645 509 702 in
524 650 628 720 totum,
646 662 706 706 non
723 647 825 718 [enim]
844 649 999 722 quomodo
1017 665 1087 709 cum

100 722 198 790 uxore
214 736 265 789 aut
279 744 348 788 cum
363 728 425 787 filio
441 727 570 803 viveret,
600 730 656 789 sed
679 729 835 804 quomodo
855 731 935 791 bene
955 733 1085 794 viveret:

101 813 132 872 in
146 812 206 873 hoc
222 818 270 872 est
283 819 314 872 et
326 811 482 886 quomodo
497 828 566 872 cum
582 828 679 873 uxore
696 828 733 872 ac
744 813 848 873 liberis
864 817 955 875 vivat.
979 816 1115 876 clean-4

102 895 170 957 ibes
191 895 295 956 utilem
316 896 440 970 quidem
463 896 577 956 iudicat
591 906 621 957 et
635 897 713 958 hanc
732 904 865 971 partem,
890 900 948 959 sed
961 899 1085 960 inbecil-

102 981 171 1055 lam,
187 979 247 1039 nisi
267 978 307 1040 ab
324 980 469 1040 universo
484 978 558 1054 fluit,
573 981 633 1040 nist
651 982 775 1041 decreta
786 980 856 1055 ipsa
871 982 1087 1058 philosophiae

104 1070 135 1124 et
151 1063 252 1139 capita
269 1063 423 1138 cognovit.
452 1065 485 1123 ln
508 1065 585 1124 duas
605 1081 680 1140 ergo
700 1066 898 1140 quaestiones
919 1068 1008 1126 locus
1028 1067 1087 1126 iste

102 1147 262 1208 dividitur:
275 1156 376 1209 utrum
390 1147 471 1208 utilis
487 1164 525 1207 an
540 1149 654 1209 inutilis
670 1148 709 1208 sit
723 1155 753 1210 et
767 1165 804 1208 an
818 1151 903 1210 solus
918 1150 1016 1209 virum
1031 1150 1085 1210 bo-

102 1248 173 1292 num
197 1231 298 1305 possit
321 1231 455 1305 efficere,
484 1233 592 1306 idest,
624 1240 724 1293 utrum
750 1249 961 1308 supervacuus
984 1233 1023 1293 sit
1046 1249 1085 1292 an

102 1329 210 1376 omnes
227 1315 319 1376 iaciat
333 1331 554 1389 supervacuos.
599 1315 668 1389 Qui
683 1316 781 1376 hanc
796 1324 942 1392 partem
959 1316 1115 1380 viderit»

101 1399 239 1459 volunt
265 1414 565 1475 supervacuam,
593 1400 666 1460 hoc
689 1402 809 1461 aiunt:
839 1400 871 1460 Si
894 1401 966 1475 quid
987 1401 1085 1460 oculis
1116 1449 1133 1481 ,

101 1482 276 1558 obpositum
292 1490 426 1543 moratur
441 1485 551 1557 aciem,
567 1484 789 1544 removendum
805 1492 861 1548 cst.
891 1485 942 1546 illo
962 1484 1085 1559 quidem

102 1566 223 1627 obiecto
238 1581 363 1642 operam
384 1567 531 1642 perdidit,
555 1568 607 1642 qui
629 1567 792 1644 praecipit:
817 1569 882 1643 „sic
904 1569 1084 1642 ambulabis,

101 1651 153 1711 illo
167 1665 290 1710 manum
306 1651 478 1725 16111561.ιι
512 1652 629 1711 Eodem
648 1653 741 1713 modo
761 1652 814 1713 ubi
835 1653 938 1727 aliqua
957 1668 1008 1713 res
1031 1653 1085 1712 ob·

102 1739 209 1794 caecat
232 1735 364 1794 animum
386 1741 416 1794 et
437 1736 476 1795 ad
498 1735 669 1796 ciliciorum
696 1735 922 1810 dispiciendum
947 1737 1086 1797 ordinem

102 1817 226 1892 inpedit,
241 1818 314 1877 nihil
329 1818 399 1894 agit,
417 1820 468 1893 qui
484 1818 648 1895 praecipit:
664 1819 730 1894 „sic
744 1821 831 1880 vives
843 1836 913 1881 cum
928 1827 1022 1896 patre,
1040 1822 1085 1882 sic

102 1917 171 1962 cum
190 1906 320 1963 uxore.“
349 1901 423 1961 nibil
444 1904 522 1962 enim
545 1904 706 1978 proficient
727 1912 908 1980 praecepta,
939 1905 1086 1980 quamdiu

102 1983 193 2046 menti
209 2001 296 2046 error
311 1986 440 2046 obtusus
455 1994 517 2047 est=
535 1987 561 2047 si
576 1988 625 2046 ille
643 1987 810 2061 discutitur,
828 1989 995 2063 adparebit,
1011 1988 1086 2063 quid

102 2071 213 2145 cuique
228 2069 376 2130 debeatur
390 2058 508 2130 allicio:
529 2071 665 2146 alioquin
684 2072 780 2131 doces
795 2071 894 2146 illum,
917 2073 992 2146 quid
1006 2088 1084 2132 sano

104 2154 277 2215 laciendum
293 2155 346 2226 sit,
369 2171 430 2214 non
452 2154 550 2214 elficis
572 2171 690 2214 sanum.
732 2155 863 2230 Pauperi
877 2162 910 2216 ut
924 2164 994 2230 agat
1008 2155 1113 2220 divi-6

103 2247 161 2298 tem
174 2245 326 2298 monstras
335 2263 342 2295 ι
352 2237 413 2300 hoc
426 2239 581 2312 quomodo
594 2248 735 2299 manente
747 2246 926 2313 paupertate
940 2239 1005 2298 11611
1019 2246 1085 2313 pot-

102 2328 170 2382 estt
200 2322 338 2382 ostendis
372 2323 533 2395 esurienti,
567 2321 640 2396 quid
679 2328 834 2396 tamquam
868 2329 951 2382 satur
979 2323 1084 2382 iaciat:

102 2407 194 2466 lixam
209 2405 311 2480 potius
326 2406 467 2466 medullis
480 2407 590 2466 famem
605 2403 740 2464 detrahe.
782 2405 866 2465 ldem
887 2405 940 2464 tibi
962 2406 1000 2466 dc
1021 2421 1085 2465 om-

102 2489 193 2549 nibus
208 2489 289 2549 vitiis
306 2490 394 2550 dico:
409 2490 478 2564 ipsa
494 2490 682 2550 removenda
706 2498 792 2564 sunt,
812 2505 874 2550 non
897 2489 1084 2564 praecipien-

101 2574 183 2646 dum,
200 2574 284 2648 quod
299 2574 365 2634 lieri
377 2574 435 2632 illis
446 2573 638 2634 manentibus
653 2591 714 2635 non
727 2581 837 2648 potest.
850 2573 909 2633 nisi
922 2573 1084 2647 opiniones

102 2658 206 2732 falsas,
223 2657 335 2731 quibus
346 2657 530 2730 laboramus,
548 2658 712 2732 expuleris,
724 2674 782 2718 nec
795 2674 917 2732 avarus,
929 2658 1084 2732 quomodo

102 2741 386 2817 pecuniautendum
395 2742 442 2815 sit,
458 2741 610 2816 exaudiet,
625 2758 683 2802 nec
689 2741 823 2818 timidus,
836 2742 992 2817 quomodo
1004 2742 1084 2818 peri-

101 2826 209 2887 culosa
227 2833 408 2886 contemnat.
430 2825 547 2886 cilicias
563 2833 698 2901 oportet,
713 2834 747 2888 ut
761 2825 838 2888 sciat
852 2827 1013 2902 pecuniam
1027 2826 1112 2886 nect

102 2909 218 2969 bonum
233 2925 291 2969 nec
306 2911 418 2969 malum
434 2925 514 2969 esse.
533 2910 679 2970 ostendas
694 2909 737 2970 illi
751 2909 939 2972 miserrimos
957 2911 1083 2970 divites=

101 2993 236 3068 cilicias,
264 3000 298 3052 ut
312 2993 460 3068 quicquid
474 2992 596 3068 publice
612 2995 808 3069 expavimus,
838 2995 916 3055 sciat
936 3010 998 3055 non
1013 3008 1084 3053 esse

101 3084 162 3137 tam
184 3077 350 3137 timendum
368 3093 458 3150 quam
475 3078 556 3136 lama
570 3081 756 3137 circumtert=
774 3084 843 3150 [nec
857 3078 963 3137 dolere
979 3091 1083 3151 quem-

101 3176 193 3236 quam
208 3175 266 3220 nec
280 3161 378 3233 mori]
408 3176 504 3236 saepe
518 3161 548 3219 in
564 3169 676 3233 morte,
694 3177 784 3235 quam
800 3162 862 3235 pati
877 3163 926 3219 lex
942 3168 1004 3232 est,
1020 3175 1083 3219 ma-

99 3232 282 3319 gnum'esse
297 3245 452 3318 solatium,
475 3245 558 3320 quod
584 3245 624 3305 ad
641 3244 792 3303 neminem
814 3244 901 3304 redit.
930 3242 960 3300 in
977 3243 1084 3303 dolore

100 3344 157 3403 pro
172 3328 308 3389 remedio
325 3330 454 3390 laturam
469 3326 704 3389 obstinationem
720 3328 826 3401 animi,
843 3327 894 3401 qui
908 3326 1008 3386 levius
1025 3323 1084 3385 sibi

99 3413 181 3488 lacit,
198 3413 345 3488 quicquid
362 3413 580 3474 contumaciter
595 3427 708 3486 passus
725 3418 781 3471 est.
808 3411 952 3486 optimam
967 3406 1083 3471 doloris

96 3511 174 3556 esse
187 3504 340 3571 naturam,
365 3497 448 3573 quod
464 3513 524 3557 non
541 3503 644 3572 potest
657 3511 714 3555 nec
739 3493 791 3571 qui
811 3493 998 3569 extenditur,
1020 3509 1083 3554 ma·
