2468 3930
313 226 483 289 EPISTUL.
498 226 591 287 MOR.
613 227 686 287 LlB.
700 227 723 287 Ι.
743 227 800 288 ΕΡ.
816 235 843 290 3.
854 237 881 290 4.
1063 227 1082 293 7

103 380 268 442 intantum
302 379 345 439 illi
367 379 461 452 levia,
491 378 523 439 hi
547 381 627 440 laisa
650 379 827 452 formidant,
858 395 916 439 nos
941 386 1079 454 auoque.

101 461 259 525 Profice
274 462 401 524 modo=
419 464 631 538 intelleges
647 463 835 538 quaedam
851 461 939 524 ideo
954 463 1112 530 minusa

103 545 289 622 timenda,
310 545 404 622 quia
423 548 578 608 multum
598 553 719 607 metus
741 547 931 607 adierunt.
960 546 1079 608 Nullum

104 647 262 706 magnum,
279 631 363 704 quod
378 638 545 691 extremuni
560 638 616 691 est.
637 630 722 691 Mors
738 630 778 690 ad
789 639 819 692 te
832 630 929 690 venit:
946 630 1081 691 timenda

105 722 186 788 erat,
202 715 230 775 sl
244 720 346 774 tecum
358 729 430 775 esse
448 721 564 790 posset.
596 730 728 775 necesse
742 722 791 774 εει
804 722 855 775 aut
869 730 908 774 ne
922 714 1081 788 perveniat

104 805 156 859 aut
169 804 315 859 transeat.
338 797 489 872 „Difficile
503 804 563 872 est,
577 796 696 874 inquis,
712 799 845 858 animum
858 798 1026 873 perducere
1040 799 1111 864 adl

103 882 361 957 contemptionem
383 882 531 943 animae.“
563 883 630 943 Non
653 883 756 955 vides,
783 898 875 957 quam
900 898 940 942 ex
962 883 1078 944 frivolis

104 964 208 1026 causis
224 972 454 1026 contemnatur?
479 966 557 1026 alius
579 974 649 1027 ante
670 965 785 1026 amicae
799 967 883 1026 iores
897 966 1009 1040 laqueo
1026 982 1079 1042 pe-

104 1047 225 1124 pendit,
244 1049 321 1110 alius
345 1065 380 1110 εε
400 1049 612 1124 praecipitavit
633 1065 651 1109 e
670 1056 770 1123 tecto,
787 1066 826 1109 ne
848 1050 1002 1111 dominum
1017 1058 1080 1110 sto·

103 1131 295 1192 machantem
310 1132 423 1193 diutius
438 1133 570 1207 audiret,
592 1133 670 1193 alius
688 1149 727 1193 ne
740 1132 940 1193 reduceretur
960 1148 977 1192 ε
998 1133 1079 1208 fuga,

103 1216 218 1276 lerrum
241 1216 343 1291 adegit
367 1216 550 1277 inviscera:
579 1231 641 1276 non
661 1223 752 1290 putas
769 1215 909 1276 virtutem
928 1216 989 1277 hoc
1005 1217 1078 1276 effe

103 1306 236 1375 cturam,
259 1300 344 1375 quod
364 1300 456 1360 elficit
473 1300 565 1360 nimia
578 1299 731 1360 lormidot
755 1298 834 1358 Nulli
850 1305 954 1374 potest
970 1314 1080 1359 secura

103 1383 166 1444 vita
180 1384 371 1458 contingere,
386 1384 438 1458 qui
452 1384 492 1443 de
506 1383 706 1460 producenda
720 1381 810 1443 nimis
822 1382 949 1457 cogitat,
968 1383 1020 1458 qui
1034 1381 1079 1442 in·

103 1472 149 1526 ter
164 1481 276 1542 magna
288 1467 369 1527 hona
384 1468 495 1528 multos
507 1469 653 1529 consules
664 1473 812 1527 numerat
837 1466 916 1528 Hoc
931 1465 1079 1528 cotidie
1093 1472 1109 1523 5

102 1549 311 1625 meditare,
335 1559 375 1612 ut
395 1550 810 1627 possisacquoanimo
826 1551 943 1611 vitam
959 1551 1077 1610 relin-

103 1647 237 1709 quere,
267 1650 358 1709 quam
381 1635 464 1695 multi
486 1636 532 1695 sic
553 1637 785 1710 conplectuntur
804 1641 836 1694 et
854 1641 971 1709 tenent,
1002 1651 1078 1709 quo·

103 1716 197 1778 modo
225 1718 277 1792 qui
301 1734 383 1794 aqua
407 1725 539 1780 torrente
563 1720 739 1794 rapiuntur,
771 1718 877 1793 spinas
903 1726 933 1780 ει
957 1733 1077 1793 aspera.

103 1799 243 1876 Plerique
258 1801 334 1862 iuter
349 1802 453 1862 mortis
468 1810 579 1863 metum
594 1810 624 1862 et
643 1804 723 1863 vitae
736 1809 887 1863 tormenta
903 1801 1006 1862 miseri
1021 1800 1077 1862 ilu-

102 1891 222 1945 ctuant=
245 1892 275 1945 et
289 1886 392 1946 vivere
405 1887 513 1947 nolunt
527 1894 557 1947 et
571 1887 648 1947 mori
663 1887 812 1948 nesciunt.
832 1885 895 1946 Fac
909 1886 1011 1960 itaque
1024 1883 1077 1946 tibi
1094 1884 1112 1939 6

102 1967 267 2029 iucundam
287 1968 395 2042 vitam,
422 1985 540 2031 omnem
563 1985 619 2044 pro
644 1970 696 2030 ilia
720 1968 955 2031 sollicitudinem
980 1969 1076 2045 depo-

102 2053 216 2112 nendo.
243 2053 357 2113 nullum
377 2053 492 2114 bonum
512 2054 637 2113 adiuvat
658 2053 834 2126 habentem,
855 2051 915 2112 nisi
931 2053 971 2112 ad
990 2053 1076 2113 cuius

102 2135 301 2196 amissionem
326 2144 526 2212 praeparatus
551 2144 599 2197 εει
618 2135 746 2198 animus.
779 2137 890 2198 nullius
912 2143 1012 2197 autem
1033 2135 1077 2194 rei

104 2217 222 2279 facilior
240 2219 364 2281 amissio
386 2228 447 2295 est,
473 2236 562 2296 quam
589 2236 669 2294 quae
692 2220 862 2280 desiderari
880 2220 994 2280 amissa
1014 2234 1076 2278 non

103 2309 215 2376 potest.
237 2317 310 2379 ergo
325 2305 477 2364 adversus
491 2303 584 2374 haec,
601 2319 681 2378 quae
695 2301 829 2362 incidere
845 2311 976 2377 possunt
986 2302 1077 2361 etiam

102 2385 338 2460 potentissimis,
354 2387 517 2448 adhortare
532 2394 562 2446 te
579 2394 609 2446 ει
622 2385 739 2446 indura.
764 2386 810 2445 De
822 2385 959 2458 Pompeii
977 2385 1108 2459 capiter

102 2467 238 2544 pupillus
258 2477 288 2529 ct
307 2470 408 2545 spado
422 2472 519 2532 tulere
542 2467 737 2542 sententiam,
758 2469 797 2528 de
813 2468 924 2528 crasso
946 2466 1076 2527 crudelis

101 2560 132 2612 ει
146 2551 284 2613 insolens
298 2553 437 2615 Parthus.
465 2554 554 2615 Caius
571 2555 684 2614 Caesar
695 2550 786 2614 iussit
799 2550 947 2626 Lepidum
961 2551 1075 2610 Dextro

102 2636 223 2696 tribuno
240 2638 390 2711 praebere
406 2639 570 2710 cervicem,
585 2637 654 2712 ipse
669 2636 822 2697 Chaereae
836 2632 1001 2711 praestitit=
1023 2649 1075 2693 ne-

101 2719 214 2778 minem
229 2736 267 2781 eo
289 2721 409 2782 lortuna
424 2721 581 2796 provexit,
597 2727 630 2781 ut
643 2737 705 2782 non
718 2728 834 2781 tantum
848 2718 889 2778 illi
904 2716 1075 2790 minaretur,

102 2810 251 2877 quantum
276 2805 465 2880 permiserat.
495 2805 563 2864 Noli
587 2805 657 2865 huic
676 2803 883 2879 tranquillitati
903 2802 1075 2862 confidere:

100 2893 256 2947 momento
271 2902 355 2948 mare
369 2889 522 2948 evertitur.
551 2889 661 2948 eodem
675 2888 726 2947 die
740 2887 814 2960 [ubi]
832 2888 971 2947 luserunt
991 2884 1076 2946 navi·

100 2968 166 3043 gia,
189 2970 360 3032 sorbentur.
395 2971 502 3046 Cogita
524 2986 620 3046 posse
634 2978 665 3031 ct
678 2972 826 3032 latronem
841 2976 871 3030 et
888 2969 1008 3031 hostem
1023 2969 1108 3038 ads

99 3068 226 3112 movere
237 3053 340 3128 iugulo
351 3061 403 3115 tuo
414 3055 558 3129 gladium.
580 3063 613 3115 ut
626 3062 764 3129 potestas
778 3054 874 3114 maior
886 3052 974 3127 absit,
986 3068 1075 3113 nemo

98 3151 162 3196 non
179 3151 288 3196 servus
301 3137 394 3198 habet
406 3136 437 3198 in
452 3139 572 3198 levitae
587 3139 736 3214 necisque
746 3137 910 3198 arbitrium.
931 3137 977 3195 lta
991 3133 1074 3195 dic0=

98 3219 242 3295 quisquis
257 3219 348 3281 vitum
363 3237 450 3282 suam
465 3223 661 3296 contempsit,
684 3229 754 3283 tuae
769 3221 910 3281 dominus
924 3224 981 3279 est.
1015 3218 1075 3280 Re·

98 3318 258 3378 cognosce
276 3305 449 3380 exemplum
470 3321 591 3379 eorum,
613 3304 665 3381 qui
679 3303 856 3366 domesticis
870 3300 990 3363 insidiis
1007 3318 1075 3378 per·

98 3388 214 3460 ierunt,
236 3393 288 3447 aut
308 3397 413 3462 aperto
427 3388 457 3448 vi
479 3396 531 3450 aut
546 3388 633 3461 dolo,
655 3397 685 3450 et
700 3387 857 3460 intelleges
872 3401 934 3445 non
950 3387 1074 3460 paucio-

98 3486 150 3531 res
162 3485 323 3531 servorum
334 3472 379 3532 ira
389 3472 538 3533 cecidisse
551 3487 641 3548 quam
654 3485 769 3546 regum.
785 3467 858 3544 quid
869 3469 908 3528 ad
919 3475 949 3529 te
962 3466 1075 3547 itaque,
