2468 3930
497 215 728 269 PRAEFATIO.
1093 234 1119 272 xl

103 372 155 407 oum
171 355 321 421 saepissime
339 361 528 418 permutentur,
554 353 717 404 manifestum
738 361 778 404 est
797 354 873 404 scribi
889 355 994 404 debere:
1015 357 1060 405 illo
1077 371 1120 408 no·

102 425 195 478 eneam
212 425 286 490 queri
303 421 384 474 debet.
404 425 499 485 queri
523 435 591 473 oum
612 422 725 485 aliquo
744 423 810 474 dixit
828 421 925 474 Seneca
940 422 1006 474 Dial.
1025 425 1063 486 V,
1078 425 1120 485 23,

103 496 126 549 t.
144 492 187 553 tx,
207 493 249 553 ll,
267 495 293 544 2.
311 490 406 542 Benell.
422 492 462 552 III,
481 492 524 551 ll,
540 491 565 542 1.
583 492 615 552 V,
632 493 678 551 21,
697 492 721 541 l.
743 491 872 542 encliticus
889 507 948 543 vero
965 507 1027 542 usus
1051 508 1121 544 oum

101 562 298 629 praepositionis
316 575 469 623 quamquam
486 561 555 626 apud
569 559 689 610 Senecam
705 562 731 611 in
745 562 895 626 pronomine
910 560 1016 613 relativo
1036 561 1120 613 nullus

103 640 154 693 est,
170 634 197 682 in
214 629 393 697 personalibus
408 630 600 695 pronominibus
618 637 657 679 est
672 631 848 684 creberrimus.
881 647 883 653 ·
1104 687 1105 691 Ἰ

170 699 222 752 Sed
238 699 366 750 difficilior
382 713 422 749 ree
446 707 498 764 est,
523 698 567 748 ubi
583 705 643 765 post
662 713 751 750 vocem
775 706 920 764 corruptam
943 701 1120 752 accedentibus

101 771 263 821 librariorum
281 770 355 819 novis
370 768 590 819 emendationibus
607 768 699 819 vitiosa
713 768 838 834 scriptura
853 783 868 818 a
883 783 944 819 vera
956 770 1056 836 longius
1069 771 1121 821 dis-

102 841 196 900 cessit;
221 840 294 888 cuins
312 839 350 887 rei
371 853 427 887 cum
445 837 556 901 plurima
574 846 599 886 ct
617 838 688 887 varia
707 838 857 888 documenta
880 838 945 899 sint,
970 855 1018 904 ego
1040 854 1121 889 unum

102 924 182 976 genus
201 907 324 974 exemplis
343 906 481 957 illustrabo.
504 907 554 970 Ep.
573 905 622 966 50,
641 907 659 955 4
679 906 778 957 nefaria
795 920 877 970 paene
895 908 1000 958 audacia
1014 909 1041 958 ln
1060 909 1119 958 edd.

103 980 293 1044 scriptumest:
322 976 423 1042 mando
446 982 483 1026 tot
498 975 597 1026 morbos
620 981 734 1027 tantaene
754 976 924 1040 aegritudines
946 977 1122 1028 descensores?

103 1049 128 1097 ln
145 1047 218 1098 libris
237 1060 298 1096 mss.
314 1045 408 1111 legitur
426 1052 540 1095 tantusve
557 1059 600 1095 res
615 1045 693 1104 disc,
718 1045 787 1109 quod
806 1059 867 1095 sane
884 1045 945 1096 ferri
962 1060 1013 1097 non
1025 1047 1120 1112 potuit;

102 1117 274 1182 aegritudines
287 1123 371 1164 antem
390 1129 439 1177 quo
459 1115 515 1163 iure
531 1114 647 1163 invectae
664 1115 728 1173 sint,
752 1112 821 1162 hand
845 1113 922 1164 facile
943 1115 1027 1176 dieas3
1046 1117 1121 1165 nlmi-

102 1201 160 1235 rnm
177 1199 235 1234 cum
251 1185 372 1248 scriptum
389 1191 470 1243 esset,
495 1190 523 1232 nt
547 1183 669 1243 arbitror,
691 1196 742 1232 una
765 1181 861 1248 syllaba
877 1183 972 1233 omissa
989 1191 1014 1234 et
1029 1185 1120 1235 deinde

727 1271 753 1315 te

103 1337 182 1388 supra
198 1321 291 1372 lineam
309 1320 348 1372 vel
366 1322 393 1372 in
411 1323 525 1386 margine
543 1320 632 1371 addita
651 1322 683 1371 te
704 1333 815 1385 veras,
840 1318 922 1369 alieno
947 1319 1004 1370 loco
1023 1319 1120 1384 syllaba

102 1391 173 1442 illata
190 1398 241 1452 est,
259 1399 288 1440 nt
305 1390 375 1441 lieret
390 1398 558 1448 tentaveram
574 1390 683 1453 denique
699 1397 728 1439 ut
746 1389 899 1440 constructio
918 1389 968 1439 sibl
985 1396 1120 1451 constaret,

101 1461 187 1511 lictum
206 1468 245 1510 est
261 1459 339 1522 illud,
356 1461 425 1523 quod
442 1459 499 1510 libri
514 1458 621 1522 habent;
641 1458 703 1508 mihi
714 1457 775 1508 nibil
785 1457 944 1508 manifestius
961 1472 1037 1520 quem
1056 1459 1120 1509 scri·

101 1530 214 1580 bendum
232 1543 289 1579 csse
304 1526 404 1594 syllaba
418 1527 463 1578 illa
480 1529 594 1578 insnum
611 1527 693 1577 locum
708 1529 836 1577 restituta:
853 1534 903 1577 tam
918 1534 1025 1578 veteres.
1062 1529 1120 1578 Pari

102 1614 186 1649 errore
203 1613 246 1662 ep.
267 1596 308 1658 76,
328 1596 345 1648 6
364 1595 409 1662 (4)
429 1612 486 1647 cum
501 1610 548 1662 per
573 1597 696 1646 incuriam
719 1597 826 1662 effertur
842 1597 965 1660 scriptum
987 1604 1054 1647 esset
1072 1611 1119 1662 pro

101 1669 233 1733 offeretur,
252 1683 267 1716 e
285 1665 369 1716 littera
381 1667 498 1732 apposita
515 1672 540 1716 ct
558 1665 649 1716 deinde
666 1665 733 1716 male
749 1665 820 1716 illata
834 1671 917 1715 ortum
930 1665 1029 1716 videtur
1044 1666 1120 1731 effer·

101 1745 143 1788 tur
159 1738 187 1786 in
201 1736 275 1787 codd.
293 1737 312 1786 P
332 1744 356 1785 et
370 1751 391 1786 r.
407 1736 454 1801 Ep.
472 1733 514 1797 78,
531 1733 556 1786 8.
578 1751 635 1785 curn
652 1736 679 1784 in
693 1735 751 1788 cod.
762 1735 790 1784 P.
806 1735 839 1783 sit
853 1740 879 1784 et
892 1748 1071 1800 sermonemque
1084 1737 1120 1784 t'n·

102 1808 192 1857 terciet
207 1806 270 1866 scit,
290 1805 352 1854 satis
369 1811 474 1870 apparet
488 1818 539 1854 non
557 1820 617 1870 pue,
643 1804 689 1854 sed
714 1812 741 1855 et
759 1803 917 1854 retinendum
934 1803 1028 1864 fuisse;
1056 1803 1120 1853 illud

101 1877 168 1925 enlm
180 1882 262 1924 ortum
278 1889 311 1923 ex
322 1889 354 1939 qa
369 1873 409 1924 vel
422 1875 471 1938 qui,
490 1874 558 1936 quod
573 1873 688 1924 additum
703 1879 757 1923 erat
769 1873 802 1923 ad
815 1872 1000 1922 emendandum
1014 1874 1120 1923 verbum

103 1957 230 2007 aequem,
249 1949 277 1992 ut
295 1950 362 1993 esset
381 1943 559 2008 interquiescit.
575 1943 622 2008 Ep.
637 1940 707 2006 86,ss
723 1941 768 2004 (7)
784 1941 905 1992 obruerat
922 1940 1117 2006 incod.Ppa1t
1185 1965 1186 1968 ¹

101 2013 178 2064 modo
192 2019 275 2062 ortum
286 2013 434 2078 suspiceris,
448 2013 516 2073 quod
528 2011 645 2061 librarius
657 2026 702 2077 pro
714 2010 834 2062 obrueret
844 2011 1005 2061 scribendum
1013 2025 1069 2060 esse
1078 2009 1120 2060 ob-

100 2089 162 2132 ruat
174 2087 314 2142 notaverat,
329 2080 398 2145 quod
411 2081 519 2130 fortasse
533 2079 661 2146 praeferre
674 2081 758 2131 debui.
771 2082 817 2145 Ep.
829 2079 888 2138 109,
898 2079 932 2130 16
941 2077 999 2146 (14)
1008 2081 1035 2128 in
1045 2079 1119 2128 Bam-

101 2151 220 2216 bergensi
238 2150 326 2201 codice
340 2150 408 2201 mole
427 2149 521 2215 legitur
538 2153 618 2201 amori
633 2150 817 2207 subsessorem
837 2148 933 2198 scilicet
952 2163 1010 2198 curn
1024 2148 1118 2211 aliquis

101 2219 230 2284 adscripta
245 2222 257 2270 t
271 2218 355 2270 littera
370 2234 458 2270 vocem
476 2219 521 2270 sub
539 2225 606 2269 recte
625 2219 651 2269 in
668 2223 709 2271 sui
722 2219 815 2284 corrigi
828 2216 968 2282 voluisset,
984 2217 1049 2267 alius
1064 2231 1120 2268 eam

100 2287 210 2338 litteram
231 2287 297 2337 mele
314 2289 372 2338 voci
390 2289 549 2340 antecedenti
568 2288 693 2338 adiunxit.
728 2288 823 2338 Eadem
843 2287 944 2337 errandi
962 2287 1063 2337 occasio
1082 2286 1120 2336 ef-

100 2357 162 2407 fecit
174 2371 379 2418 nonnumquam,
398 2365 425 2406 ut
441 2364 509 2408 totae
524 2372 600 2407 voces
615 2356 697 2407 alieno
715 2355 772 2406 loco
783 2363 949 2419 ponerentur3
970 2355 1047 2404 veluti
1065 2354 1119 2405 inP

101 2425 190 2476 codice
208 2440 249 2490 ep.
263 2425 352 2485 st,11
367 2423 410 2490 (9)
427 2441 477 2478 vox
493 2429 599 2476 craterio
615 2432 675 2491 post
691 2438 767 2475 voces
785 2427 811 2475 in
826 2425 876 2474 ieta
893 2424 988 2473 omissa
1005 2429 1030 2472 et
1048 2423 1119 2472 dein·

101 2494 133 2545 de
152 2496 238 2559 inepte
253 2494 340 2544 addita
357 2501 396 2545 est
410 2502 468 2560 post
483 2509 559 2546 voces
577 2495 615 2544 od
629 2498 688 2546 iota.
709 2501 734 2544 et
751 2506 792 2556 ep.
803 2491 846 2550 92,
859 2491 892 2542 29
904 2488 966 2556 (27)
979 2491 1119 2556 pessimum

100 2564 301 2614 additamentum
317 2563 380 2614 illud
397 2564 470 2616 abest
482 2565 513 2614 de
531 2564 594 2614 bono
613 2563 682 2626 quod
694 2570 718 2612 et
736 2561 860 2613 sententia
878 2574 1060 2624 supervacuum
1072 2575 1119 2610 nec

100 2633 164 2682 satis
182 2632 291 2681 latinum
309 2640 347 2682 est
364 2659 400 2670 —
416 2633 560 2698 praestabat
576 2639 644 2684 certe
661 2646 718 2681 cnm
733 2631 839 2681 Eraemo
858 2637 883 2678 et
894 2629 990 2680 Mureto
1009 2629 1120 2680 scribere

100 2701 176 2753 abeat
193 2716 209 2749 a
224 2701 287 2751 bono
305 2727 342 2740 -
363 2716 475 2752 errorum
498 2702 608 2764 quadam
632 2702 792 2752 successione
809 2697 932 2765 paulatim
948 2705 1031 2748 ortum
1052 2698 1120 2749 arbi·

99 2784 170 2828 rror;
189 2767 251 2818 ‘cnm
273 2771 341 2820 enim
365 2786 430 2833 qnae
447 2771 524 2836 paulo
541 2777 599 2835 post
616 2771 730 2833 sequitur
748 2784 797 2819 vox
814 2768 898 2832 abest,
918 2775 1037 2832 corrupta
1053 2773 1121 2817 esset

100 2841 127 2888 in
145 2844 225 2896 uuest,
244 2838 272 2889 id
288 2841 356 2902 quod
370 2854 437 2889 nnnc
455 2855 555 2902 qnoque
573 2839 666 2905 legitur
684 2840 710 2889 in
728 2838 785 2891 cod.
798 2838 901 2896 Bamb.,
920 2837 1056 2901 adscripsit
1074 2835 1120 2886 ali·

99 2908 160 2970 quis
179 2906 265 2972 abest,
290 2908 359 2971 quod
372 2909 414 2959 ‚ab
432 2908 481 2958 alio
500 2908 591 2959 deinde
613 2915 672 2974 post
691 2921 780 2957 vocem
803 2907 902 2972 agitata
920 2905 1047 2955 adiectum
1071 2912 1119 2964 est,

100 2983 174 3026 arceat
192 2990 253 3026 vero
271 2974 400 3037 relictum3
419 2979 504 3041 itaque
518 2992 570 3027 una
587 2976 636 3028 heo
656 2976 832 3027 emendatione
850 2989 908 3024 cum
921 2974 987 3024 male
1000 2988 1062 3024 usus
1080 2988 1120 3025 es-

100 3053 139 3094 set
160 3044 295 3104 librarius,
323 3045 389 3096 duae
414 3046 505 3098 deinde
529 3046 686 3096 necessariae
709 3044 824 3104 lirerunt3
848 3058 907 3093 nam
926 3050 950 3092 et
970 3045 1042 3108 prins
1057 3042 1121 3092 illud

100 3113 175 3164 abest
187 3119 216 3162 nt
233 3112 344 3180 intelligi
367 3122 470 3180 posset,
493 3116 608 3167 adiectae
631 3122 689 3164 sunt
709 3128 786 3164 voces
805 3112 838 3163 de
860 3111 938 3173 bono,
957 3126 1020 3174 quas
1043 3110 1120 3161 habet

100 3183 158 3231 cod.
177 3181 267 3235 Bamb.
292 3183 318 3232 in
345 3185 475 3250 margine,
500 3193 525 3235 et
554 3183 660 3233 alterum
680 3189 753 3234 uuest
772 3182 832 3231 item
848 3180 898 3230 alia
925 3195 1002 3230 manu
1027 3180 1054 3229 in
1078 3194 1120 3229 co-

99 3250 158 3301 dem
174 3251 264 3301 codice
282 3260 421 3302 correctum
441 3260 478 3303 est
500 3255 526 3304 ln
545 3259 624 3304 autem
641 3253 721 3303 deest.
756 3250 786 3300 In
806 3256 876 3300 tanta
898 3255 983 3299 autem
1002 3248 1120 3299 vitiorum

99 3319 263 3369 multitudine
279 3327 304 3369 et
322 3321 454 3383 varietate,
473 3323 564 3386 quibos
580 3323 656 3371 etiam
674 3318 840 3371 vetustissimi
859 3316 934 3367 codd.
950 3331 1012 3367 mss.
1032 3316 1119 3367 relcrti

100 3396 172 3450 sunt,
196 3388 286 3452 quanti
307 3391 427 3441 momenti
448 3393 482 3441 sit
505 3390 640 3456 diligenter
659 3391 805 3447 observare,
830 3386 921 3448 quibos
942 3401 1056 3436 errorum
1075 3400 1120 3450 ge-

100 3457 202 3508 neribus
218 3458 330 3508 maxime
349 3459 472 3510 obnoxius
490 3459 565 3510 luerit
583 3459 700 3509 librarius
717 3459 754 3521 is,
778 3456 820 3505 cni
838 3455 959 3506 debemus
978 3454 1119 3506 vetustissi-
