2468 3930
149 243 318 304 EPISTUL.
333 242 427 304 nott.
444 243 516 304 LIB.
535 243 598 303 XX.
620 243 676 303 ΕΡ.
688 252 714 307 6.
725 252 752 308 7.
771 249 845 316 (123.
858 246 932 314 124.)
974 241 1038 308 413

57 417 170 463 vanum
186 406 215 459 et
228 397 362 460 volubile
379 398 523 473 quiddam
541 404 588 457 est
608 413 745 472 auraque
765 396 916 457 mobilius.
945 412 1037 471 pau·

57 491 192 561 pertas
213 483 287 543 nulli
308 482 419 542 malum
440 489 487 541 est
500 481 559 541 nisi
573 481 765 556 repugnanti.
807 479 909 541 Mors
925 482 1038 541 malum

58 575 196 629 nonest:
219 567 292 641 quid
311 567 351 626 sit
365 565 508 640 quaeris?
533 567 601 625 sola
621 567 668 625 ius
691 579 823 640 aequum
845 564 966 638 generis
980 564 1037 625 hu·

57 653 148 711 mani.
182 651 414 726 superstitio
436 665 521 710 error
543 649 668 723 infantis
688 656 749 710 est:
775 648 924 710 amandos
944 649 1036 722 timet,

59 751 139 813 quos
162 735 234 794 colit
252 735 355 795 violat.
387 733 459 809 quid
481 734 560 793 enim
575 734 716 806 interest,
737 739 836 792 utrum
850 732 927 793 deos
941 748 1037 807 neges

58 836 98 879 an
113 820 287 878 inlamest“
319 818 402 877 Haeo
417 817 573 889 discenda,
590 817 680 877 immo
696 816 862 876 ediscenda
876 822 961 876 sunt:
976 833 1038 878 non
1045 836 1078 893 17

58 903 151 963 debet
171 901 386 963 exeusationes
408 901 479 962 vitio
502 899 699 975 philosophia
719 914 896 974 suggerere.
925 902 1039 961 nnllam

56 987 149 1046 habet
165 1002 251 1061 spem
268 987 374 1046 salutis
392 1000 492 1059 aeger,
509 1000 600 1059 quern
615 983 655 1043 ad
669 983 931 1058 intemperantiam
943 984 1037 1044 medi·

58 1086 113 1131 eus
128 1070 275 1130 hortatur.
318 1070 405 1131 Vale.

340 1204 559 1262 EPISTULA
578 1206 640 1262 VII.
663 1208 752 1276 (124.)

308 1301 419 1353 sannen
437 1304 549 1353 Lucum
570 1315 621 1354 suo
639 1316 780 1357 saturum.

159 1408 280 1468 Possem
294 1411 387 1468 mutto
401 1409 454 1468 tibi
464 1414 593 1468 veterum
605 1415 768 1483 praecepta
781 1407 910 1480 referre,
1048 1412 1064 1464 t

162 1494 196 1551 ni
207 1491 324 1566 resupis
337 1494 488 1566 tenuisque
496 1494 582 1568 ptqet
595 1507 771 1566 cognoscere
784 1507 883 1552 ouras.

58 1591 119 1637 non
140 1575 255 1650 refugis
277 1582 377 1635 autem
398 1590 456 1634 nen
475 1576 538 1635 ulla
556 1584 586 1637 te
605 1574 754 1636 subtilitas
776 1575 877 1654 abigit.
906 1589 968 1635 non
990 1578 1038 1632 est

58 1659 227 1735 elegantiae
242 1666 313 1718 tuae
328 1665 439 1719 tantam
455 1675 565 1734 magna
587 1661 713 1733 sectari,
736 1657 815 1720 sieut
836 1659 912 1718 illud
927 1657 1035 1733 probo,

59 1745 144 1819 quod
160 1744 259 1802 omnia
276 1743 316 1802 ad
331 1742 462 1819 aliquem
477 1744 647 1819 proiectum
661 1744 776 1819 redigis
791 1751 821 1804 et
835 1750 908 1804 tune
922 1749 1037 1802 tanturn

58 1827 241 1901 offenderis,
266 1826 317 1886 ubi
334 1844 452 1888 summa
473 1828 637 1890 subtilitate
657 1828 730 1887 nihii
752 1829 865 1903 agitur,
887 1826 973 1902 quod
997 1841 1037 1885 ne

57 1926 139 1971 nune
151 1911 274 1985 quidem
285 1912 352 1972 fieri
362 1912 523 1974 laborabo:
543 1912 759 1988 quaeritur,
776 1920 901 1973 utrum
917 1926 1037 1971 sensu

58 1995 355 2071 conprendatur
376 1996 648 2058 anintelleetu
663 1995 823 2058 bonumt
843 1995 915 2054 huie
930 1993 1035 2054 adiun-

57 2088 138 2141 ctum
160 2080 266 2139 estin
287 2081 400 2139 mutis
423 2080 655 2141 animalibus
671 2088 707 2140 et
726 2080 945 2139 infantibus
962 2094 1036 2138 non

58 2178 157 2224 esse.
202 2162 390 2236 Quicumque
402 2165 588 2239 voluptatem
609 2164 640 2223 in
656 2178 774 2223 summo
790 2170 922 2237 ponunt,
948 2166 1065 2220 sen-2

57 2247 177 2306 sibile
191 2243 328 2305 iudicant
341 2246 469 2306 bonum:
484 2263 543 2307 nos
561 2254 667 2307 eontra
682 2245 966 2320 intellegibile,
984 2243 1037 2318 qui

56 2329 133 2391 illud
149 2328 248 2389 animo
265 2329 383 2393 damus.
407 2330 434 2390 si
449 2331 581 2391 debono
597 2345 708 2390 sensus
723 2329 906 2401 iudicarent,
922 2328 1036 2387 nullam

56 2416 245 2489 voluptatem
259 2413 454 2474 reiceremus.
475 2414 557 2474 nulla
571 2415 649 2474 enim
664 2431 727 2475 non
741 2413 861 2486 invitat,
876 2412 960 2471 nulla
974 2425 1036 2470 non

61 2499 198 2559 delectat.
229 2506 258 2559 et
272 2514 290 2558 e
306 2499 458 2559 contrario
473 2499 588 2559 nullum
606 2499 744 2559 dolorem
758 2498 898 2557 volentes
917 2494 1034 2555 subire-

60 2595 135 2642 mus.
167 2584 268 2643 nullus
290 2583 369 2643 enirn
390 2583 602 2645 nonoiiendit
623 2598 758 2644 sensum.
791 2580 953 2641 Praeterea
972 2591 1063 2646 nona
1140 2599 1144 2604 ²

58 2675 165 2726 essent
179 2667 262 2740 digni
276 2668 526 2743 reprehensione,
544 2668 655 2744 quibus
670 2664 794 2728 nimium
812 2667 955 2739 voluptas
970 2665 1034 2739 pla·

59 2755 108 2807 cet
124 2750 297 2824 quibusque
311 2767 447 2813 summus
463 2759 512 2814 est
526 2752 642 2815 doloris
657 2751 761 2814 timor:
791 2748 876 2826 atqui
891 2747 1035 2823 inproba-

58 2915 133 2976 nihil
154 2916 278 2975 viriliter
299 2921 404 2980 ausuri
424 2928 495 2982 sunt
510 2921 625 2982 doloris
642 2927 733 2982 metu.
757 2919 832 2996 quid
846 2925 947 2978 autern
964 2931 1035 2991 peo-

59 3007 143 3073 eant,
169 3000 195 3058 si
212 3000 369 3077 sensibus,
391 3003 422 3063 id
438 3010 486 3062 est
498 3005 650 3066 iudicibus
664 3005 737 3065 boni
751 3020 788 3064 ae
803 3002 889 3075 mali,
906 3007 1036 3076 parenti

57 3085 106 3144 his
129 3085 209 3144 enim
231 3085 398 3145 tradidistis
419 3087 613 3162 adpetitionis
629 3096 660 3148 et
672 3089 764 3163 ingae
779 3086 943 3146 arbitrium.
974 3082 1066 3148 Sedet

57 3170 203 3229 videlieet
218 3168 295 3230 ratio
311 3168 361 3229 isti
374 3170 419 3230 rei
434 3171 611 3246 praeposita
625 3177 687 3232 esu
708 3171 762 3231 illa
778 3166 1036 3247 quemadmodum

60 3252 195 3326 [debeat]
211 3254 250 3313 de
264 3253 342 3329 vita,
358 3253 616 3330 quemadmodum
633 3254 672 3314 de
687 3255 811 3327 virtute,
833 3253 873 3313 de
892 3249 1035 3325 honesto,

60 3337 104 3396 sio
128 3346 159 3398 et
175 3338 309 3398 debono
331 3339 475 3413 maloque
490 3335 653 3398 constituit.
675 3353 744 3398 nam
762 3337 844 3413 apud
859 3336 936 3395 istos
951 3334 1035 3395 vilis-

59 3421 155 3480 simae
169 3423 248 3497 parti
263 3423 352 3484 datur
368 3423 407 3483 de
422 3422 547 3483 meliore
562 3422 726 3496 sententia,
747 3428 781 3482 ut
802 3422 841 3482 de
860 3419 942 3480 bono
964 3435 1035 3495 pro·

58 3505 175 3566 nuntiet
190 3522 318 3582 sensus,
340 3509 472 3569 obtunsa
490 3522 542 3588 res
559 3513 590 3568 et
602 3506 698 3567 hebes
713 3513 744 3567 et
758 3503 789 3566 in
804 3505 928 3566 homine
943 3520 1035 3583 quam
