2468 3930
220 218 390 281 EPISTUL.
405 219 500 281 Mea.
522 221 595 281 LIB.
607 221 659 280 Vl.
680 221 737 281 ΕΡ.
749 231 775 283 2.
786 230 812 285 ³.
829 231 885 299 (54.
900 228 958 297 55.)
1015 224 1077 290 113

100 377 189 437 locus
209 390 272 434 non
292 372 372 447 e'rat,
395 373 521 449 adloqui
541 374 590 434 me
609 391 671 434 non
692 375 785 435 desii:
807 374 918 436 deinde
932 372 1078 452 paulatim

100 457 270 533 suspirium
290 457 382 532 illud,
406 459 489 532 quod
511 473 582 518 esse
602 457 663 517 iam
684 457 835 519 anhelitus
850 468 1010 534 coeperat,
1034 461 1078 521 in-

100 543 229 603 tervalla
249 542 365 601 maiora
385 541 455 601 lecit
476 549 506 600 01
525 542 711 601 retardatum
733 551 781 602 est
795 558 831 602 ac
845 545 998 605 remansit.
1020 561 1078 605 nec

102 625 219 698 adhuc,
241 622 383 700 quamvis
399 625 539 696 desierit,
560 641 600 683 ex
614 633 721 685 natura
735 624 802 685 fluit
816 626 958 700 spiritus=
979 630 1078 689 sentio

100 707 334 768 haesitationem
350 708 513 784 quamdam
528 709 593 768 eius
615 716 645 768 et
658 725 783 769 moram.
796 771 801 778 ,
814 712 970 784 quomodo
986 714 1078 785 volet,

102 792 269 853 dummodo
282 808 343 851 non
355 807 394 850 ex
406 790 507 852 animo
520 791 683 865 suspirem.
706 793 772 852 Hoc
784 793 836 852 tibi
849 795 887 854 de
899 810 948 853 me
957 795 1078 871 recipe:
1090 805 1107 860 7

102 892 177 936 non
205 874 417 950 trepidabo
440 876 485 934 ad
508 883 693 946 extrema,
723 876 795 934 iam
818 888 1078 952 praeparatus

103 975 198 1034 sum,
214 959 288 1018 nihil
303 959 404 1033 cogito
420 958 458 1018 de
474 957 524 1018 die
537 966 618 1018 toto=
633 959 716 1017 illum
732 965 786 1031 [tu]
803 961 894 1019 lauda
909 967 939 1020 et
953 962 1077 1037 imitare,

103 1058 195 1117 quem
210 1059 272 1103 non
289 1043 371 1117 piget
386 1042 477 1117 mori,
500 1058 567 1102 cum
590 1042 674 1102 iuvet
690 1040 804 1101 vivere.
835 1058 914 1117 quae
936 1051 984 1103 est
999 1047 1079 1106 enim

102 1125 215 1198 010100,
232 1142 301 1187 cum
317 1125 452 1198 eiciaris,
474 1126 578 1185 exiret
608 1125 720 1184 Tamen
734 1134 781 1186 est
795 1132 825 1185 et
840 1125 889 1185 hic
903 1124 1016 1187 virtus:
1037 1131 1079 1188 ei-

102 1209 168 1270 cior
183 1208 323 1285 quidem,
339 1209 396 1268 sed
409 1214 564 1285 tamquam
579 1224 697 1268 exeam.
728 1218 758 1270 et
772 1209 841 1268 ideo
857 1226 1022 1291 numquam
1038 1212 1079 1271 ci·

102 1293 181 1355 citur
195 1293 336 1368 sapiens,
356 1293 427 1367 quia
442 1291 499 1352 eici
514 1300 562 1352 est
576 1291 647 1351 inde
662 1294 789 1368 expelli,
805 1293 887 1354 unde
904 1293 1015 1354 invitus
1032 1311 1079 1355 re-

103 1377 213 1436 cedas:
242 1375 314 1435 nihil
334 1376 445 1436 invitus
468 1377 539 1436 lacit
560 1376 695 1449 sapiens.
730 1377 943 1437 necessitatem
965 1376 1079 1454 effugit,

103 1461 176 1536 quia
191 1460 257 1522 vult
272 1460 357 1534 quod
372 1467 515 1520 coactura
529 1467 586 1520 est.
607 1461 694 1519 Vale.

405 1595 622 1652 EPISTULA
642 1598 686 1652 Ill.
710 1596 780 1669 (55.)

352 1688 464 1741 Seneca
481 1690 594 1740 Lucuro
614 1702 666 1741 suo
686 1702 825 1742 0000000.

109 1840 113 1850 .
164 1793 194 1851 Α
214 1792 439 1867 gestatione
462 1808 542 1852 cum
563 1794 724 1854 maxime
745 1793 878 1855 venio:
900 1811 962 1854 non
980 1794 1101 1858 minusl

103 1875 248 1950 fatigatus
259 1892 337 1948 sum,
350 1891 441 1950 quam
452 1876 479 1936 si
491 1884 605 1937 tantum
616 1877 832 1952 ambulassem,
846 1885 990 1954 quantum
1003 1877 1080 1938 sedi.

104 1958 193 2020 labor
212 1964 261 2019 est
277 1960 358 2019 enim
373 1968 402 2021 et
417 1960 469 2020 diu
485 1961 571 2035 leni,
592 1977 629 2022 00
645 1962 750 2022 000010
765 1978 804 2020 00
820 1977 857 2022 00
872 1963 985 2035 maior,
1009 1963 1082 2037 quia

104 2048 213 2104 contm
225 2050 363 2104 naturam
379 2050 440 2117 est,
459 2059 539 2120 quae
555 2046 651 2118 pedes
667 2045 766 2118 dedit,
782 2053 815 2106 ut
832 2062 886 2121 pcr
900 2062 958 2106 nos
976 2046 1081 2105 ambu-

103 2128 252 2200 laremus,
271 2128 393 2199 oculos,
408 2134 441 2187 ut
452 2143 507 2202 per
518 2144 577 2187 nos
590 2127 773 2189 videremus.
794 2129 978 2189 debilitatem
990 2129 1080 2190 nobis

103 2209 246 2270 indixere
259 2210 402 2283 deliciae,
418 2218 449 2271 et
463 2212 547 2285 quod
564 2212 616 2271 diu
631 2213 799 2282 noluimus,
816 2228 911 2286 posse
923 2213 1080 2273 desiimus.

103 2293 291 2353 mihitamen
307 2295 576 2355 necessarium
598 2302 682 2353 erat
701 2304 912 2356 concutere
927 2301 1109 2369 corpus,2

106 2383 156 2451 ut,
179 2376 246 2437 sive
260 2375 329 2437 bilis
350 2377 505 2438 insederat
519 2379 674 2451 saucibus,
696 2379 910 2450 discuteretur,
933 2378 1000 2437 sive
1013 2379 1083 2450 ipse

104 2475 144 2520 ex
166 2459 271 2534 aliqua
291 2475 386 2522 causa
406 2461 532 2536 spiritus
554 2462 680 2521 densior
699 2470 777 2534 erat,
802 2467 979 2521 extenuaret
999 2461 1082 2519 illum

103 2541 247 2618 iactatio,
269 2560 360 2619 quam
381 2546 537 2620 proluisse
557 2543 630 2604 mihi
650 2545 744 2605 sensi.
781 2544 852 2606 ideo
877 2543 990 2605 diutius
1012 2543 1083 2603 vehi

104 2628 305 2702 perseveravi
327 2628 473 2690 invitante
491 2631 560 2704 ipso
583 2629 684 2703 litore,
712 2631 795 2704 quod
817 2631 895 2690 inter
916 2630 1026 2689 Cumas
1053 2635 1083 2687 et

105 2709 229 2772 Servilii
244 2711 352 2771 Vatiae
372 2713 473 2773 villam
495 2719 638 2774 curvatur
657 2720 687 2772 et
707 2713 887 2788 hincmari,
912 2713 993 2773 illinc
1015 2713 1083 2772 lacu

105 2795 191 2855 velut
211 2803 372 2870 angustum
392 2797 449 2858 iter
469 2797 608 2858 cluditur.
645 2805 710 2857 erat
736 2798 815 2858 enim
836 2815 854 2858 a
875 2797 989 2857 recenti
1008 2803 1082 2855 tem-

104 2884 227 2954 pestate
244 2879 389 2954 spissum.
417 2880 530 2941 fluctus
546 2879 626 2940 enim
641 2881 730 2953 illud,
751 2890 784 2943 ut
799 2882 876 2955 scis,
892 2883 1038 2956 frequens
1053 2886 1084 2939 et

105 2962 277 3024 concitatus
291 2973 458 3040 exaequat,
469 2965 589 3039 longior
600 2963 801 3040 tranquillitas
814 2966 919 3037 solvit,
936 2981 1004 3024 cum
1017 2978 1081 3022 are-

104 3045 169 3120 nis,
185 3062 266 3121 quae
279 3047 407 3107 humore
422 3050 608 3124 adligantur,
630 3064 743 3108 succus
758 3049 918 3109 abscessit.
948 3048 995 3105 Ex
1011 3051 1111 3105 con-3

105 3129 269 3191 suetudine
280 3138 381 3192 tamen
393 3148 463 3193 mea
474 3131 710 3207 circumspicere
724 3134 829 3207 coepi,
846 3148 883 3191 an
898 3130 1011 3205 aliquid
1022 3128 1083 3187 illio

104 3211 289 3289 invenirem,
305 3216 390 3291 quod
404 3215 476 3276 mihi
491 3223 601 3293 posset
614 3217 696 3276 5000
708 3231 795 3286 0000,
812 3223 842 3275 01
856 3211 982 3274 direxi
998 3226 1082 3271 000-

106 3297 166 3358 100
188 3292 225 3356 in
245 3293 391 3372 villam,
414 3316 513 3375 quae
534 3299 747 3374 aliquando
769 3298 907 3362 Vatiae
934 3295 1017 3356 luit.
1052 3294 1083 3355 in

105 3377 164 3442 bac
179 3380 230 3440 ille
245 3383 417 3457 praetorius
434 3383 537 3458 dives,
558 3384 641 3442 nulla
662 3381 721 3441 alia
742 3398 776 3442 re
793 3397 885 3456 quam
901 3379 962 3439 otio
980 3386 1081 3451 notus,

107 3467 269 3528 consenuit
283 3474 314 3528 et
329 3465 369 3527 ob
384 3467 445 3529 hoc
457 3485 550 3530 unum
567 3467 640 3528 lelix
654 3463 832 3527 habebatur.
855 3479 925 3598 001ἑο
942 3463 1084 3538 quotiens

149 3568 333 3611 0100001000.
351 3555 396 3611 ΠΙ.
