2468 3930
269 229 549 293 aelswardus.
570 230 641 292 LlB.
654 230 705 290 111.
726 226 784 290 ΕΡζ
796 239 822 293 3.
845 235 917 305 (24.)
1041 222 1083 294 57

100 385 206 464 poris,
237 382 343 459 perlita
375 383 458 443 hunc
482 378 603 460 ipsum,
638 397 728 459 quem
751 383 884 459 agimus,
913 382 993 443 diem
1014 399 1083 445 curn

99 474 200 531 morte
216 466 391 528 dividimus.
425 467 680 541 quemadmodum
695 467 891 545 clepsydram
905 483 967 528 non
983 474 1082 527 extre-

100 569 185 615 mum
213 549 399 612 stillicidium
420 550 575 626 exhaurit,
605 551 662 612 sed
684 551 833 627 quicquid
852 560 923 613 ante
945 549 1082 628 defluxit,

101 637 148 699 sic
169 635 275 698 ultima
296 633 388 707 hora,
412 651 474 708 qua
493 649 565 695 esse
580 634 765 709 desinimus,
792 651 853 694 non
870 634 939 696 sola
955 642 1083 695 mortem

101 721 190 793 lacit,
219 718 277 779 sed
298 719 366 777 sola
386 725 591 779 consummata
619 725 691 780 tunc
711 718 752 778 ad
772 718 854 779 illam
875 719 1083 795 pervenimus,

103 803 161 866 sed
175 802 228 863 diu
241 801 391 862 venimus.
421 801 505 862 Haeo
521 818 589 862 curn
604 800 829 877 descripsisses
842 818 904 879 quo
920 805 1004 864 soles
1020 818 1083 879 ore,
1090 809 1124 864 ul

101 901 228 963 semper
248 884 372 960 quidem
393 901 540 960 magnus,
563 902 729 961 numquam
750 893 852 947 tamen
874 887 974 948 acrior
991 904 1082 963 quam

102 971 155 1032 ubi
169 969 290 1031 veritali
305 969 484 1030 commodas
498 970 608 1043 verba,
631 969 751 1030 dixisti:

143 1054 230 1116 Mors
243 1068 303 1114 non
316 1069 378 1113 ona
394 1055 487 1127 ocnit,
508 1055 562 1114 sed
574 1070 652 1129 quoe
665 1055 759 1128 rapit,
780 1056 884 1113 ultima
897 1061 1041 1116 moreest.

101 1139 184 1199 Malo
198 1143 229 1198 te
246 1136 333 1211 legas
349 1153 441 1211 quam
455 1137 618 1213 epistulam
632 1152 740 1196 meam.
762 1135 922 1211 adparebit
936 1137 1016 1197 enim
1030 1137 1084 1197 tibi

102 1223 192 1293 hanc,
209 1235 299 1295 quam
312 1220 465 1296 timemus,
480 1227 610 1281 mortem
622 1227 788 1280 extremam
800 1235 885 1294 esse,
902 1236 963 1280 non
975 1222 1083 1281 solam.

166 1303 270 1381 Video
292 1320 354 1377 quo
375 1312 513 1379 spectes=
537 1303 676 1387 quaeris,
700 1304 774 1379 quid
793 1304 864 1364 huic
879 1303 1028 1379 epistulae
1042 1303 1128 1368 in-ua

104 1386 260 1461 fulserim
287 1387 373 1464 quod
393 1388 506 1449 dictum
528 1388 656 1449 alicuius
678 1387 864 1461 animosum,
888 1387 973 1464 quod
996 1404 1084 1464 prae-

104 1477 228 1550 ceptum
239 1470 328 1531 utile=
348 1488 387 1532 ex
401 1471 460 1534 hac
474 1471 544 1547 ipsa
559 1471 700 1547 materia,
723 1488 803 1548 quae
818 1471 849 1531 iu
865 1472 1005 1533 manibus
1020 1473 1084 1547 fuit,

103 1557 239 1618 mittetur
257 1555 388 1630 aliquid=
417 1556 558 1632 obiurgat
576 1556 728 1641 Epicurus
746 1572 808 1617 non
824 1556 924 1619 miuus
939 1571 1011 1631 eos,
1033 1557 1086 1633 qui

104 1646 235 1702 mortem
260 1640 502 1715 concupiscunt,
531 1637 623 1716 quam
647 1656 720 1714 eos,
751 1640 803 1720 qui
828 1641 947 1714 timent,
977 1649 1007 1702 et
1030 1641 1085 1701 ait:

104 1723 344 1800 „Ridiculum
366 1732 425 1785 est
446 1739 603 1784 currere
626 1725 671 1786 ad
696 1732 852 1785 mortem
874 1724 1008 1791 taedio
1030 1725 1086 1783 vi-

106 1818 183 1880 tae,
207 1822 288 1866 curn
308 1806 451 1883 genere
472 1807 592 1884 vitae,
613 1815 654 1869 ut
675 1808 906 1869 currendum
929 1808 975 1870 ad
995 1825 1086 1870 mor·

105 1902 179 1954 tem
201 1898 326 1966 esset,
349 1892 570 1952 effeceris.“
604 1892 752 1952 ltemalio
767 1893 836 1953 loco
853 1891 942 1953 dicit=
970 1891 1130 1968 „Quidue

106 1985 178 2037 tarn
211 1974 418 2037 ridiculum
446 1992 555 2052 quam
587 1977 775 2052 adpetere
801 1983 973 2050 mortem,
1007 1993 1088 2037 curn

105 2061 224 2120 vitatu
255 2058 470 2134 inquietam
504 2057 577 2120 tibi
612 2059 759 2121 leceris
791 2068 892 2121 metu
927 2059 1090 2121 mortis?

106 2145 161 2205 His
184 2141 302 2203 adicias
317 2150 346 2203 et
360 2143 436 2204 illud
450 2140 590 2204 eiusdem
605 2152 696 2205 notae
712 2143 797 2204 licet=
825 2144 1000 2217 „Tantam
1021 2143 1089 2204 ho-

107 2227 246 2288 minum
266 2225 556 2302 inprudentiam
578 2242 682 2301 esse,
710 2228 819 2287 immo
843 2227 1088 2299 dementiam,

106 2321 145 2373 ut
167 2307 324 2385 quidam
338 2310 475 2372 timore
489 2311 624 2371 mortis
640 2318 827 2384 cogantur
841 2309 888 2369 ad
902 2316 1090 2371 mortem.“

109 2393 262 2470 Quicquid
283 2393 391 2455 horum
412 2393 605 2467 tractaveris,
626 2393 822 2454 confirmabis
839 2392 972 2454 animum
988 2395 1036 2452 vet
1052 2392 1135 2454 adal

107 2477 216 2539 mortis
237 2478 288 2536 vel
308 2478 348 2539 ad
367 2477 448 2538 vitae
464 2477 649 2554 patientiam.
679 2485 708 2537 at
723 2477 931 2552 inultumque
946 2476 1091 2537 monendi

109 2579 144 2623 ac
158 2561 303 2622 firmandi
317 2578 440 2636 sumus,
461 2570 491 2623 et
504 2558 544 2622 ne
555 2561 644 2621 nimis
657 2576 794 2622 amemus
807 2560 898 2620 vitam
910 2567 941 2621 et
951 2575 990 2620 ne
1001 2559 1091 2619 nimis

110 2646 283 2719 oderimus,
311 2644 402 2706 eliam
426 2661 496 2706 cum
518 2646 596 2707 ratio
617 2646 728 2706 suadet
755 2646 857 2706 linire:
887 2645 946 2705 scd
967 2661 1028 2705 nou
1049 2651 1092 2705 te·

109 2745 192 2791 mere
207 2744 267 2789 neo
282 2744 350 2789 cum
366 2745 520 2805 procursu
534 2729 704 2805 capiendus
717 2737 766 2791 est
778 2730 912 2805 inpetus.
939 2729 995 2788 Vir
1006 2728 1135 2790 lortisao

111 2829 146 2875 ac
166 2813 295 2888 sapiens
315 2828 377 2873 non
398 2815 505 2889 lugere
526 2813 619 2874 debet
639 2830 657 2874 e
676 2815 753 2889 vita,
781 2814 839 2874 sed
854 2814 955 2887 exire,
978 2820 1093 2874 etanta

111 2897 214 2959 omnia
228 2896 280 2956 ille
295 2913 419 2972 quoque
436 2897 544 2959 vitetur
557 2898 712 2969 adlectus,
732 2897 785 2974 qui
796 2898 908 2959 multos
921 2896 1093 2972 occupavit,

111 2981 207 3043 libido
222 2978 384 3041 moriendi.
406 2988 454 3042 est
466 2983 559 3057 enim,
581 2981 621 3041 mi
631 2981 743 3052 Lucili,
759 2988 792 3042 ut
803 2982 843 3040 ad
856 2981 930 3053 alia,
946 2981 992 3041 sio
1004 2979 1093 3042 etiam

112 3066 150 3126 ad
161 3063 357 3125 moriendum
370 3065 542 3126 inconsulta
553 3065 644 3127 animi
655 3065 826 3138 inclinatio,
843 3080 923 3140 quae
935 3078 1031 3139 saepe
1042 3077 1094 3137 ge-

112 3164 247 3210 nerosos
271 3155 364 3224 atque
388 3150 556 3211 acerrimae
580 3149 693 3210 indolis
713 3149 798 3209 viros
824 3148 969 3222 conripit,
999 3160 1095 3220 saepe

112 3234 244 3309 ignavos
264 3231 479 3308 iacentesque=
507 3233 549 3293 illi
570 3240 768 3294 contemnunt
787 3230 893 3304 vitam,
917 3231 949 3290 hi
965 3245 1097 3304 gravan-

113 3325 170 3380 tur.
210 3316 370 3391 Quosdam
390 3314 472 3377 subit
492 3317 599 3378 eadem
621 3316 753 3376 faciendi
767 3313 955 3390 videndique
971 3312 1139 3373 satietasud

115 3409 145 3463 et
162 3399 248 3461 vitae
267 3414 330 3460 non
351 3399 470 3474 odium,
496 3401 553 3461 sed
572 3400 743 3473 fastidium,
765 3400 796 3458 in
812 3399 895 3474 quod
910 3396 1098 3473 prolabimur

115 3485 184 3564 ipsa
198 3484 367 3561 inpellente
382 3481 595 3561 philosophia,
617 3484 689 3546 dum
705 3483 850 3544 dicimus:
872 3496 1098 3559 „quousque
