<?xml version="1.0" encoding="UTF-8"?>
<!DOCTYPE html PUBLIC "-//W3C//DTD XHTML 1.0 Transitional//EN"
    "http://www.w3.org/TR/xhtml1/DTD/xhtml1-transitional.dtd">
<html xmlns="http://www.w3.org/1999/xhtml" xml:lang="en" lang="en">
 <head>
  <title>
</title>
<meta http-equiv="Content-Type" content="text/html;charset=utf-8" />
  <meta name='ocr-system' content='tesseract 3.04.00' />
  <meta name='ocr-capabilities' content='ocr_page ocr_carea ocr_par ocr_line ocrx_word'/>
</head>
<body>
  <div class='ocr_page' id='page_1' title='image "./lannaeisenecaeo00haasgoog_0251.png"; bbox 0 0 2468 3930; ppageno 0'>
   <div class='ocr_carea' id='block_1_1' title="bbox 233 381 1124 763">
    <p class='ocr_par' dir='ltr' id='par_1_1' title="bbox 233 381 1124 763">
     <span class='ocr_line' id='line_1_1' title="bbox 465 381 876 476; baseline 0.002 -2"><span class='ocrx_word' id='word_1_1' title='bbox 465 383 511 474; x_wconf 63' lang='lat' dir='ltr'><strong>lia</strong></span> <span class='ocrx_word' id='word_1_2' title='bbox 537 383 677 476; x_wconf 75' lang='lat' dir='ltr'><strong>iiiiii</strong></span> <span class='ocrx_word' id='word_1_3' title='bbox 704 381 876 475; x_wconf 64' lang='lat' dir='ltr'><strong>§iiiiii</strong></span> 
     </span>
     <span class='ocr_line' id='line_1_2' title="bbox 483 536 807 595; baseline 0.019 -6"><span class='ocrx_word' id='word_1_4' title='bbox 483 585 484 589; x_wconf 74' lang='grc'>,</span> <span class='ocrx_word' id='word_1_5' title='bbox 541 536 807 595; x_wconf 76' lang='lat' dir='ltr'><strong>annucrnrun</strong></span> 
     </span>
     <span class='ocr_line' id='line_1_3' title="bbox 233 658 1124 763; baseline 0.002 -8"><span class='ocrx_word' id='word_1_6' title='bbox 233 658 724 758; x_wconf 55' lang='lat' dir='ltr'><strong>EPISTUMRUM</strong></span> <span class='ocrx_word' id='word_1_7' title='bbox 766 662 1124 763; x_wconf 62' lang='grc' dir='ltr'><strong>ΜΘΜΗΉΜ</strong></span> 
     </span>
    </p>
   </div>
   <div class='ocr_carea' id='block_1_2' title="bbox 566 829 786 892">
    <p class='ocr_par' dir='ltr' id='par_1_2' title="bbox 566 829 786 892">
     <span class='ocr_line' id='line_1_4' title="bbox 566 829 786 892; baseline 0 0"><span class='ocrx_word' id='word_1_8' title='bbox 566 829 702 892; x_wconf 69' lang='lat' dir='ltr'><strong>hinnu</strong></span> <span class='ocrx_word' id='word_1_9' title='bbox 717 830 786 892; x_wconf 80' lang='grc' dir='ltr'><strong>ΧΗ.</strong></span> 
     </span>
    </p>
   </div>
   <div class='ocr_carea' id='block_1_3' title="bbox 439 1067 910 1214">
    <p class='ocr_par' dir='ltr' id='par_1_3' title="bbox 439 1067 910 1214">
     <span class='ocr_line' id='line_1_5' title="bbox 494 1067 861 1141; baseline 0.005 -18"><span class='ocrx_word' id='word_1_10' title='bbox 494 1067 713 1125; x_wconf 83' lang='lat' dir='ltr'><strong>EPISTULA</strong></span> <span class='ocrx_word' id='word_1_11' title='bbox 739 1071 760 1126; x_wconf 91' lang='lat' dir='ltr'><strong>I.</strong></span> <span class='ocrx_word' id='word_1_12' title='bbox 790 1072 803 1141; x_wconf 92' lang='lat'><strong>(</strong></span> <span class='ocrx_word' id='word_1_13' title='bbox 840 1069 861 1136; x_wconf 88' lang='lat'><strong>.)</strong></span> 
     </span>
     <span class='ocr_line' id='line_1_6' title="bbox 439 1161 910 1214; baseline -0.004 -2"><span class='ocrx_word' id='word_1_14' title='bbox 439 1161 552 1212; x_wconf 77' lang='lat' dir='ltr'><strong>suasca</strong></span> <span class='ocrx_word' id='word_1_15' title='bbox 568 1162 680 1214; x_wconf 69' lang='lat' dir='ltr'><strong>Lucano</strong></span> <span class='ocrx_word' id='word_1_16' title='bbox 699 1173 750 1213; x_wconf 84' lang='lat' dir='ltr'><strong>suo</strong></span> <span class='ocrx_word' id='word_1_17' title='bbox 769 1172 910 1213; x_wconf 80' lang='lat' dir='ltr'><strong>sarnrsu.</strong></span> 
     </span>
    </p>
   </div>
   <div class='ocr_carea' id='block_1_4' title="bbox 154 1263 1166 1340">
    <p class='ocr_par' dir='ltr' id='par_1_4' title="bbox 154 1263 1166 1340">
     <span class='ocr_line' id='line_1_7' title="bbox 154 1263 1166 1340; baseline -0.006 -11"><span class='ocrx_word' id='word_1_18' title='bbox 154 1277 167 1329; x_wconf 91' lang='lat'>1</span> <span class='ocrx_word' id='word_1_19' title='bbox 251 1264 439 1338; x_wconf 83' lang='lat' dir='ltr'><strong>Singulos</strong></span> <span class='ocrx_word' id='word_1_20' title='bbox 458 1264 544 1324; x_wconf 85' lang='lat' dir='ltr'><strong>dies</strong></span> <span class='ocrx_word' id='word_1_21' title='bbox 562 1263 638 1325; x_wconf 79' lang='lat' dir='ltr'><strong>tibi</strong></span> <span class='ocrx_word' id='word_1_22' title='bbox 653 1275 756 1325; x_wconf 86' lang='lat' dir='ltr'><strong>meos</strong></span> <span class='ocrx_word' id='word_1_23' title='bbox 770 1272 807 1325; x_wconf 83' lang='lat' dir='ltr'><strong>et</strong></span> <span class='ocrx_word' id='word_1_24' title='bbox 822 1266 1100 1340; x_wconf 83' lang='lat' dir='ltr'><strong>quidemtotos</strong></span> <span class='ocrx_word' id='word_1_25' title='bbox 1116 1265 1166 1325; x_wconf 85' lang='lat' dir='ltr'><strong>in-</strong></span> 
     </span>
    </p>
   </div>
   <div class='ocr_carea' id='block_1_5' title="bbox 72 1346 1167 1422">
    <p class='ocr_par' dir='ltr' id='par_1_5' title="bbox 72 1346 1167 1422">
     <span class='ocr_line' id='line_1_8' title="bbox 72 1346 1167 1422; baseline -0.002 -12"><span class='ocrx_word' id='word_1_26' title='bbox 72 1377 73 1381; x_wconf 41' lang='lat'><em>*</em></span> <span class='ocrx_word' id='word_1_27' title='bbox 184 1347 311 1411; x_wconf 87' lang='lat' dir='ltr'><strong>dicari</strong></span> <span class='ocrx_word' id='word_1_28' title='bbox 325 1346 451 1406; x_wconf 87' lang='lat' dir='ltr'><strong>iubes=</strong></span> <span class='ocrx_word' id='word_1_29' title='bbox 468 1347 552 1406; x_wconf 66' lang='lat' dir='ltr'><strong>‘bene</strong></span> <span class='ocrx_word' id='word_1_30' title='bbox 568 1347 818 1422; x_wconf 71' lang='lat' dir='ltr'><strong>deminuisse,</strong></span> <span class='ocrx_word' id='word_1_31' title='bbox 840 1348 866 1406; x_wconf 91' lang='lat' dir='ltr'><strong>si</strong></span> <span class='ocrx_word' id='word_1_32' title='bbox 876 1347 955 1406; x_wconf 79' lang='lat' dir='ltr'><strong>&#39;nihii</strong></span> <span class='ocrx_word' id='word_1_33' title='bbox 970 1357 1043 1406; x_wconf 86' lang='lat' dir='ltr'><strong>esse</strong></span> <span class='ocrx_word' id='word_1_34' title='bbox 1060 1347 1090 1404; x_wconf 91' lang='lat' dir='ltr'><strong>in</strong></span> <span class='ocrx_word' id='word_1_35' title='bbox 1106 1348 1167 1408; x_wconf 89' lang='lat' dir='ltr'><strong>illis</strong></span> 
     </span>
    </p>
   </div>
   <div class='ocr_carea' id='block_1_6' title="bbox 146 1429 1211 3512">
    <p class='ocr_par' dir='ltr' id='par_1_6' title="bbox 146 1429 1211 3512">
     <span class='ocr_line' id='line_1_9' title="bbox 183 1429 1166 1508; baseline -0.004 -14"><span class='ocrx_word' id='word_1_36' title='bbox 183 1439 283 1508; x_wconf 73' lang='lat' dir='ltr'><strong>putas</strong></span> <span class='ocrx_word' id='word_1_37' title='bbox 299 1429 382 1506; x_wconf 85' lang='lat' dir='ltr'><strong>quod</strong></span> <span class='ocrx_word' id='word_1_38' title='bbox 390 1429 588 1490; x_wconf 88' lang='lat' dir='ltr'><strong>abscondam.</strong></span> <span class='ocrx_word' id='word_1_39' title='bbox 604 1431 745 1492; x_wconf 80' lang='lat' dir='ltr'><strong>siccante</strong></span> <span class='ocrx_word' id='word_1_40' title='bbox 760 1430 924 1491; x_wconf 85' lang='lat' dir='ltr'><strong>vivendum</strong></span> <span class='ocrx_word' id='word_1_41' title='bbox 938 1437 994 1502; x_wconf 77' lang='lat' dir='ltr'><strong>ost,</strong></span> <span class='ocrx_word' id='word_1_42' title='bbox 1010 1436 1166 1504; x_wconf 80' lang='lat' dir='ltr'><strong>tamquam</strong></span> 
     </span>
     <span class='ocr_line' id='line_1_10' title="bbox 182 1513 1166 1591; baseline -0.001 -16"><span class='ocrx_word' id='word_1_43' title='bbox 182 1517 212 1575; x_wconf 93' lang='lat' dir='ltr'><strong>in</strong></span> <span class='ocrx_word' id='word_1_44' title='bbox 228 1519 399 1589; x_wconf 87' lang='lat' dir='ltr'><strong>conspectu</strong></span> <span class='ocrx_word' id='word_1_45' title='bbox 413 1513 562 1574; x_wconf 77' lang='lat' dir='ltr'><strong>uvamus.</strong></span> <span class='ocrx_word' id='word_1_46' title='bbox 585 1516 633 1575; x_wconf 88' lang='lat' dir='ltr'><strong>sic</strong></span> <span class='ocrx_word' id='word_1_47' title='bbox 648 1514 858 1591; x_wconf 77' lang='lat' dir='ltr'><strong>cogitandum,</strong></span> <span class='ocrx_word' id='word_1_48' title='bbox 877 1521 1036 1588; x_wconf 84' lang='lat' dir='ltr'><strong>tamquam</strong></span> <span class='ocrx_word' id='word_1_49' title='bbox 1052 1514 1166 1588; x_wconf 83' lang='lat' dir='ltr'><strong>aliquis</strong></span> 
     </span>
     <span class='ocr_line' id='line_1_11' title="bbox 180 1593 1165 1676; baseline -0.001 -18"><span class='ocrx_word' id='word_1_50' title='bbox 180 1600 212 1658; x_wconf 90' lang='lat' dir='ltr'><strong>in</strong></span> <span class='ocrx_word' id='word_1_51' title='bbox 227 1603 337 1672; x_wconf 84' lang='lat' dir='ltr'><strong>pectus</strong></span> <span class='ocrx_word' id='word_1_52' title='bbox 350 1593 489 1656; x_wconf 84' lang='lat' dir='ltr'><strong>intimum</strong></span> <span class='ocrx_word' id='word_1_53' title='bbox 504 1597 658 1672; x_wconf 86' lang='lat' dir='ltr'><strong>inspicere</strong></span> <span class='ocrx_word' id='word_1_54' title='bbox 672 1599 787 1676; x_wconf 67' lang='lat' dir='ltr'><strong>possin</strong></span> <span class='ocrx_word' id='word_1_55' title='bbox 802 1606 841 1660; x_wconf 80' lang='lat' dir='ltr'><strong>et</strong></span> <span class='ocrx_word' id='word_1_56' title='bbox 856 1604 968 1674; x_wconf 83' lang='lat' dir='ltr'><strong>potest.</strong></span> <span class='ocrx_word' id='word_1_57' title='bbox 995 1596 1071 1672; x_wconf 88' lang='lat' dir='ltr'><strong>quid</strong></span> <span class='ocrx_word' id='word_1_58' title='bbox 1084 1596 1165 1657; x_wconf 86' lang='lat' dir='ltr'><strong>enirn</strong></span> 
     </span>
     <span class='ocr_line' id='line_1_12' title="bbox 181 1678 1165 1758; baseline 0.001 -17"><span class='ocrx_word' id='word_1_59' title='bbox 181 1680 310 1758; x_wconf 82' lang='lat' dir='ltr'><strong>prodest</strong></span> <span class='ocrx_word' id='word_1_60' title='bbox 326 1680 365 1739; x_wconf 92' lang='lat' dir='ltr'><strong>ab</strong></span> <span class='ocrx_word' id='word_1_61' title='bbox 382 1678 505 1740; x_wconf 87' lang='lat' dir='ltr'><strong>homine</strong></span> <span class='ocrx_word' id='word_1_62' title='bbox 519 1681 634 1755; x_wconf 86' lang='lat' dir='ltr'><strong>aliquid</strong></span> <span class='ocrx_word' id='word_1_63' title='bbox 648 1698 722 1743; x_wconf 85' lang='lat' dir='ltr'><strong>esse</strong></span> <span class='ocrx_word' id='word_1_64' title='bbox 737 1688 911 1743; x_wconf 65' lang='lat' dir='ltr'><strong>secretum?</strong></span> <span class='ocrx_word' id='word_1_65' title='bbox 938 1680 1011 1740; x_wconf 90' lang='lat' dir='ltr'><strong>nihii</strong></span> <span class='ocrx_word' id='word_1_66' title='bbox 1024 1679 1085 1741; x_wconf 80' lang='lat' dir='ltr'><strong>&#39;deo</strong></span> <span class='ocrx_word' id='word_1_67' title='bbox 1098 1682 1165 1742; x_wconf 80' lang='lat' dir='ltr'><strong>ciu-</strong></span> 
     </span>
     <span class='ocr_line' id='line_1_13' title="bbox 178 1762 1164 1840; baseline -0.001 -14"><span class='ocrx_word' id='word_1_68' title='bbox 178 1780 251 1826; x_wconf 88' lang='lat' dir='ltr'><strong>sum</strong></span> <span class='ocrx_word' id='word_1_69' title='bbox 265 1769 321 1823; x_wconf 85' lang='lat' dir='ltr'><strong>est.</strong></span> <span class='ocrx_word' id='word_1_70' title='bbox 344 1762 477 1823; x_wconf 81' lang='lat' dir='ltr'><strong>¹interest</strong></span> <span class='ocrx_word' id='word_1_71' title='bbox 492 1763 600 1822; x_wconf 85' lang='lat' dir='ltr'><strong>animis</strong></span> <span class='ocrx_word' id='word_1_72' title='bbox 624 1766 738 1826; x_wconf 83' lang='lat' dir='ltr'><strong>nostris</strong></span> <span class='ocrx_word' id='word_1_73' title='bbox 761 1773 790 1825; x_wconf 86' lang='lat' dir='ltr'><strong>et</strong></span> <span class='ocrx_word' id='word_1_74' title='bbox 804 1764 1041 1840; x_wconf 67' lang='lat' dir='ltr'><strong>cogitationibus</strong></span> <span class='ocrx_word' id='word_1_75' title='bbox 1056 1764 1164 1825; x_wconf 81' lang='lat' dir='ltr'><strong>mediis</strong></span> 
     </span>
     <span class='ocr_line' id='line_1_14' title="bbox 181 1845 1164 1923; baseline 0 -15"><span class='ocrx_word' id='word_1_76' title='bbox 181 1846 358 1908; x_wconf 78' lang='lat' dir='ltr'><strong>intervenit:</strong></span> <span class='ocrx_word' id='word_1_77' title='bbox 376 1845 426 1905; x_wconf 88' lang='lat' dir='ltr'><strong>sic</strong></span> <span class='ocrx_word' id='word_1_78' title='bbox 440 1846 609 1920; x_wconf 82' lang='lat' dir='ltr'><strong>intervenit,</strong></span> <span class='ocrx_word' id='word_1_79' title='bbox 619 1848 706 1922; x_wconf 70' lang='lat' dir='ltr'><strong>nico,</strong></span> <span class='ocrx_word' id='word_1_80' title='bbox 717 1854 866 1922; x_wconf 84' lang='lat' dir='ltr'><strong>tanquam</strong></span> <span class='ocrx_word' id='word_1_81' title='bbox 882 1847 1048 1923; x_wconf 81' lang='lat' dir='ltr'><strong>aliquando</strong></span> <span class='ocrx_word' id='word_1_82' title='bbox 1059 1848 1164 1908; x_wconf 72' lang='lat' dir='ltr'><strong>uisce-</strong></span> 
     </span>
     <span class='ocr_line' id='line_1_15' title="bbox 150 1929 1166 2006; baseline -0.003 -13"><span class='ocrx_word' id='word_1_83' title='bbox 150 1931 240 1997; x_wconf 59' lang='grc' dir='ltr'><strong>Μαι.</strong></span> <span class='ocrx_word' id='word_1_84' title='bbox 272 1929 425 1990; x_wconf 69' lang='lat' dir='ltr'><strong>«Faciam</strong></span> <span class='ocrx_word' id='word_1_85' title='bbox 444 1944 553 2004; x_wconf 81' lang='lat' dir='ltr'><strong>ergo,</strong></span> <span class='ocrx_word' id='word_1_86' title='bbox 580 1931 826 2005; x_wconf 75' lang='lat' dir='ltr'><strong>quodiubes,</strong></span> <span class='ocrx_word' id='word_1_87' title='bbox 847 1932 1166 2006; x_wconf 78' lang='lat' dir='ltr'><strong>etq·uicagamet</strong></span> 
     </span>
     <span class='ocr_line' id='line_1_16' title="bbox 184 2011 1165 2091; baseline -0.002 -16"><span class='ocrx_word' id='word_1_88' title='bbox 184 2027 257 2091; x_wconf 88' lang='lat' dir='ltr'><strong>quo</strong></span> <span class='ocrx_word' id='word_1_89' title='bbox 280 2011 432 2086; x_wconf 77' lang='lat' dir='ltr'><strong>ordine,</strong></span> <span class='ocrx_word' id='word_1_90' title='bbox 455 2013 627 2073; x_wconf 82' lang='lat' dir='ltr'><strong>libenter</strong></span> <span class='ocrx_word' id='word_1_91' title='bbox 641 2014 904 2074; x_wconf 85' lang='lat' dir='ltr'><strong>tibiscribam.</strong></span> <span class='ocrx_word' id='word_1_92' title='bbox 923 2013 1165 2076; x_wconf 78' lang='lat' dir='ltr'><strong>observabant</strong></span> 
     </span>
     <span class='ocr_line' id='line_1_17' title="bbox 179 2096 1165 2174; baseline 0 -17"><span class='ocrx_word' id='word_1_93' title='bbox 179 2097 322 2174; x_wconf 79' lang='lat' dir='ltr'><strong>¹protinus</strong></span> <span class='ocrx_word' id='word_1_94' title='bbox 339 2102 369 2155; x_wconf 84' lang='lat' dir='ltr'><strong>et</strong></span> <span class='ocrx_word' id='word_1_95' title='bbox 389 2096 473 2171; x_wconf 90' lang='lat' dir='ltr'><strong>quod</strong></span> <span class='ocrx_word' id='word_1_96' title='bbox 493 2104 542 2158; x_wconf 80' lang='lat' dir='ltr'><strong>est</strong></span> <span class='ocrx_word' id='word_1_97' title='bbox 560 2096 769 2173; x_wconf 81' lang='lat' dir='ltr'><strong>utilissimum,</strong></span> <span class='ocrx_word' id='word_1_98' title='bbox 795 2098 875 2159; x_wconf 82' lang='lat' dir='ltr'><strong>diem</strong></span> <span class='ocrx_word' id='word_1_99' title='bbox 894 2109 994 2160; x_wconf 85' lang='lat' dir='ltr'><strong>meum</strong></span> <span class='ocrx_word' id='word_1_100' title='bbox 1015 2111 1165 2171; x_wconf 72' lang='lat' dir='ltr'><strong>recogno·</strong></span> 
     </span>
     <span class='ocr_line' id='line_1_18' title="bbox 179 2180 1165 2263; baseline -0.003 -20"><span class='ocrx_word' id='word_1_101' title='bbox 179 2193 277 2243; x_wconf 84' lang='lat' dir='ltr'><strong>soom.</strong></span> <span class='ocrx_word' id='word_1_102' title='bbox 311 2181 378 2241; x_wconf 84' lang='lat' dir='ltr'><strong>Hoc</strong></span> <span class='ocrx_word' id='word_1_103' title='bbox 397 2195 457 2241; x_wconf 89' lang='lat' dir='ltr'><strong>nos</strong></span> <span class='ocrx_word' id='word_1_104' title='bbox 477 2180 633 2255; x_wconf 87' lang='lat' dir='ltr'><strong>pessimos</strong></span> <span class='ocrx_word' id='word_1_105' title='bbox 652 2182 738 2257; x_wconf 61' lang='lat' dir='ltr'><strong>facit„</strong></span> <span class='ocrx_word' id='word_1_106' title='bbox 765 2183 848 2256; x_wconf 88' lang='lat' dir='ltr'><strong>qnod</strong></span> <span class='ocrx_word' id='word_1_107' title='bbox 862 2192 953 2244; x_wconf 87' lang='lat' dir='ltr'><strong>nemo</strong></span> <span class='ocrx_word' id='word_1_108' title='bbox 970 2183 1061 2241; x_wconf 86' lang='lat' dir='ltr'><strong>vitam</strong></span> <span class='ocrx_word' id='word_1_109' title='bbox 1075 2193 1165 2263; x_wconf 83' lang='lat' dir='ltr'><strong>suam</strong></span> 
     </span>
     <span class='ocr_line' id='line_1_19' title="bbox 180 2262 1165 2342; baseline -0.003 -16"><span class='ocrx_word' id='word_1_110' title='bbox 180 2265 316 2342; x_wconf 82' lang='lat' dir='ltr'><strong>respicit.</strong></span> <span class='ocrx_word' id='word_1_111' title='bbox 336 2262 415 2340; x_wconf 45' lang='lat' dir='ltr'><strong>tquid</strong></span> <span class='ocrx_word' id='word_1_112' title='bbox 437 2263 546 2326; x_wconf 84' lang='lat' dir='ltr'><strong>iactari</strong></span> <span class='ocrx_word' id='word_1_113' title='bbox 566 2265 662 2326; x_wconf 87' lang='lat' dir='ltr'><strong>simus</strong></span> <span class='ocrx_word' id='word_1_114' title='bbox 676 2267 870 2341; x_wconf 44' lang='lat' dir='ltr'><strong>*cogitamus</strong></span> <span class='ocrx_word' id='word_1_115' title='bbox 887 2273 922 2326; x_wconf 85' lang='lat' dir='ltr'><strong>et</strong></span> <span class='ocrx_word' id='word_1_116' title='bbox 935 2267 967 2326; x_wconf 81' lang='lat' dir='ltr'><strong>id</strong></span> <span class='ocrx_word' id='word_1_117' title='bbox 979 2272 1066 2325; x_wconf 81' lang='lat' dir='ltr'><strong>raro:</strong></span> <span class='ocrx_word' id='word_1_118' title='bbox 1090 2263 1165 2340; x_wconf 86' lang='lat' dir='ltr'><strong>quid</strong></span> 
     </span>
     <span class='ocr_line' id='line_1_20' title="bbox 181 2339 1165 2427; baseline -0.006 -16"><span class='ocrx_word' id='word_1_119' title='bbox 181 2349 353 2420; x_wconf 82' lang='lat' dir='ltr'><strong>fecerimus,</strong></span> <span class='ocrx_word' id='word_1_120' title='bbox 369 2349 628 2424; x_wconf 82' lang='lat' dir='ltr'><strong>nonnagitamus:</strong></span> <span class='ocrx_word' id='word_1_121' title='bbox 650 2351 734 2427; x_wconf 84' lang='lat' dir='ltr'><strong>atqui</strong></span> <span class='ocrx_word' id='word_1_122' title='bbox 749 2339 911 2412; x_wconf 63' lang='lat' dir='ltr'><strong>mosenum</strong></span> <span class='ocrx_word' id='word_1_123' title='bbox 921 2344 1063 2410; x_wconf 78' lang='lat' dir='ltr'><strong>{uiuri-ex</strong></span> <span class='ocrx_word' id='word_1_124' title='bbox 1075 2341 1165 2423; x_wconf 82' lang='lat' dir='ltr'><strong>p&#39;rae-</strong></span> 
     </span>
     <span class='ocr_line' id='line_1_21' title="bbox 154 2429 1164 2501; baseline -0.003 -6"><span class='ocrx_word' id='word_1_125' title='bbox 154 2434 272 2501; x_wconf 82' lang='lat' dir='ltr'><strong>sterito</strong></span> <span class='ocrx_word' id='word_1_126' title='bbox 295 2432 388 2493; x_wconf 77' lang='lat' dir='ltr'><strong>uouit.</strong></span> <span class='ocrx_word' id='word_1_127' title='bbox 423 2432 599 2494; x_wconf 85' lang='lat' dir='ltr'><strong>Hodiernus</strong></span> <span class='ocrx_word' id='word_1_128' title='bbox 613 2432 688 2494; x_wconf 84' lang='lat' dir='ltr'><strong>dies</strong></span> <span class='ocrx_word' id='word_1_129' title='bbox 706 2433 829 2496; x_wconf 80' lang='lat' dir='ltr'><strong>solidus</strong></span> <span class='ocrx_word' id='word_1_130' title='bbox 848 2440 905 2493; x_wconf 84' lang='lat' dir='ltr'><strong>est.</strong></span> <span class='ocrx_word' id='word_1_131' title='bbox 932 2439 1022 2491; x_wconf 73' lang='lat' dir='ltr'><strong>noune</strong></span> <span class='ocrx_word' id='word_1_132' title='bbox 1050 2445 1090 2488; x_wconf 84' lang='lat' dir='ltr'><strong>ex</strong></span> <span class='ocrx_word' id='word_1_133' title='bbox 1111 2429 1164 2492; x_wconf 90' lang='lat' dir='ltr'><strong>iilo</strong></span> 
     </span>
     <span class='ocr_line' id='line_1_22' title="bbox 184 2513 1166 2593; baseline -0.003 -16"><span class='ocrx_word' id='word_1_134' title='bbox 184 2518 350 2593; x_wconf 81' lang='lat' dir='ltr'><strong>quicquam</strong></span> <span class='ocrx_word' id='word_1_135' title='bbox 362 2514 438 2575; x_wconf 84' lang='lat' dir='ltr'><strong>mihi</strong></span> <span class='ocrx_word' id='word_1_136' title='bbox 453 2516 573 2592; x_wconf 80' lang='lat' dir='ltr'><strong>eripuit.</strong></span> <span class='ocrx_word' id='word_1_137' title='bbox 597 2525 683 2578; x_wconf 86' lang='lat' dir='ltr'><strong>totus</strong></span> <span class='ocrx_word' id='word_1_138' title='bbox 698 2517 917 2577; x_wconf 73' lang='lat' dir='ltr'><strong>intersticium</strong></span> <span class='ocrx_word' id='word_1_139' title='bbox 936 2513 1166 2588; x_wconf 81' lang='lat' dir='ltr'><strong>tectionemque</strong></span> 
     </span>
     <span class='ocr_line' id='line_1_23' title="bbox 180 2592 1165 2672; baseline -0.003 -12"><span class='ocrx_word' id='word_1_140' title='bbox 180 2600 368 2660; x_wconf 76' lang='lat' dir='ltr'><strong>divisusest.</strong></span> <span class='ocrx_word' id='word_1_141' title='bbox 391 2597 546 2661; x_wconf 85' lang='lat' dir='ltr'><strong>minimum</strong></span> <span class='ocrx_word' id='word_1_142' title='bbox 560 2599 767 2660; x_wconf 77' lang='lat' dir='ltr'><strong>exercitationi</strong></span> <span class='ocrx_word' id='word_1_143' title='bbox 779 2592 1044 2672; x_wconf 73' lang='lat' dir='ltr'><strong>corporisuaturn,</strong></span> <span class='ocrx_word' id='word_1_144' title='bbox 1060 2605 1091 2658; x_wconf 82' lang='lat' dir='ltr'><strong>et</strong></span> <span class='ocrx_word' id='word_1_145' title='bbox 1105 2597 1165 2658; x_wconf 86' lang='lat' dir='ltr'><strong>hoo</strong></span> 
     </span>
     <span class='ocr_line' id='line_1_24' title="bbox 179 2680 1162 2757; baseline -0.007 -14"><span class='ocrx_word' id='word_1_146' title='bbox 179 2683 376 2757; x_wconf 80' lang='lat' dir='ltr'><strong>nomineago</strong></span> <span class='ocrx_word' id='word_1_147' title='bbox 392 2684 506 2757; x_wconf 80' lang='lat' dir='ltr'><strong>gratias</strong></span> <span class='ocrx_word' id='word_1_148' title='bbox 529 2683 692 2744; x_wconf 56' lang='lat' dir='ltr'><strong>senectuto</strong></span> <span class='ocrx_word' id='word_1_149' title='bbox 716 2695 778 2741; x_wconf 92' lang='lat' dir='ltr'><strong>non</strong></span> <span class='ocrx_word' id='word_1_150' title='bbox 800 2694 910 2755; x_wconf 70' lang='lat' dir='ltr'><strong>magno</strong></span> <span class='ocrx_word' id='word_1_151' title='bbox 931 2680 1006 2740; x_wconf 88' lang='lat' dir='ltr'><strong>mihi</strong></span> <span class='ocrx_word' id='word_1_152' title='bbox 1023 2688 1162 2741; x_wconf 38' lang='lat' dir='ltr'><strong>*constatz</strong></span> 
     </span>
     <span class='ocr_line' id='line_1_25' title="bbox 180 2764 1211 2841; baseline -0.004 -14"><span class='ocrx_word' id='word_1_153' title='bbox 180 2780 249 2827; x_wconf 87' lang='lat' dir='ltr'><strong>cum</strong></span> <span class='ocrx_word' id='word_1_154' title='bbox 262 2766 417 2841; x_wconf 73' lang='lat' dir='ltr'><strong>menon,</strong></span> <span class='ocrx_word' id='word_1_155' title='bbox 431 2768 534 2828; x_wconf 82' lang='lat' dir='ltr'><strong>lassus</strong></span> <span class='ocrx_word' id='word_1_156' title='bbox 546 2777 623 2827; x_wconf 83' lang='lat' dir='ltr'><strong>sum.</strong></span> <span class='ocrx_word' id='word_1_157' title='bbox 640 2766 689 2824; x_wconf 87' lang='lat' dir='ltr'><strong>hic</strong></span> <span class='ocrx_word' id='word_1_158' title='bbox 705 2772 806 2825; x_wconf 86' lang='lat' dir='ltr'><strong>auteur</strong></span> <span class='ocrx_word' id='word_1_159' title='bbox 826 2764 1052 2825; x_wconf 77' lang='lat' dir='ltr'><strong>exercitationis</strong></span> <span class='ocrx_word' id='word_1_160' title='bbox 1073 2766 1163 2823; x_wconf 84' lang='lat' dir='ltr'><strong>etiam</strong></span> <span class='ocrx_word' id='word_1_161' title='bbox 1209 2797 1211 2801; x_wconf 94' lang='lat'>-</span> 
     </span>
     <span class='ocr_line' id='line_1_26' title="bbox 151 2842 1163 2927; baseline -0.007 -15"><span class='ocrx_word' id='word_1_162' title='bbox 151 2850 354 2912; x_wconf 74' lang='lat' dir='ltr'><strong>tiortissimis</strong></span> <span class='ocrx_word' id='word_1_163' title='bbox 370 2848 453 2909; x_wconf 87' lang='lat' dir='ltr'><strong>iinis.</strong></span> <span class='ocrx_word' id='word_1_164' title='bbox 473 2842 715 2927; x_wconf 67' lang='lat' dir='ltr'><strong>Progymnastas</strong></span> <span class='ocrx_word' id='word_1_165' title='bbox 729 2864 816 2908; x_wconf 89' lang='lat' dir='ltr'><strong>meos</strong></span> <span class='ocrx_word' id='word_1_166' title='bbox 832 2848 978 2923; x_wconf 79' lang='lat' dir='ltr'><strong>quaerist</strong></span> <span class='ocrx_word' id='word_1_167' title='bbox 989 2859 1073 2908; x_wconf 82' lang='lat' dir='ltr'><strong>unus</strong></span> <span class='ocrx_word' id='word_1_168' title='bbox 1087 2846 1163 2905; x_wconf 84' lang='lat' dir='ltr'><strong>anihi</strong></span> 
     </span>
     <span class='ocr_line' id='line_1_27' title="bbox 181 2927 1161 3008; baseline -0.008 -13"><span class='ocrx_word' id='word_1_169' title='bbox 181 2934 294 2995; x_wconf 83' lang='lat' dir='ltr'><strong>sufficit</strong></span> <span class='ocrx_word' id='word_1_170' title='bbox 307 2932 452 3004; x_wconf 76' lang='lat' dir='ltr'><strong>Earinus,</strong></span> <span class='ocrx_word' id='word_1_171' title='bbox 472 2946 563 3007; x_wconf 83' lang='lat' dir='ltr'><strong>paor,</strong></span> <span class='ocrx_word' id='word_1_172' title='bbox 586 2940 617 2992; x_wconf 90' lang='lat' dir='ltr'><strong>ut</strong></span> <span class='ocrx_word' id='word_1_173' title='bbox 636 2931 715 3008; x_wconf 83' lang='lat' dir='ltr'><strong>sois,</strong></span> <span class='ocrx_word' id='word_1_174' title='bbox 736 2931 890 2993; x_wconf 75' lang='lat' dir='ltr'><strong>amabilis:</strong></span> <span class='ocrx_word' id='word_1_175' title='bbox 912 2931 968 2992; x_wconf 88' lang='lat' dir='ltr'><strong>sed</strong></span> <span class='ocrx_word' id='word_1_176' title='bbox 989 2927 1161 2991; x_wconf 79' lang='lat' dir='ltr'><strong>mutabitur.</strong></span> 
     </span>
     <span class='ocr_line' id='line_1_28' title="bbox 179 3016 1162 3093; baseline -0.006 -15"><span class='ocrx_word' id='word_1_177' title='bbox 179 3019 239 3078; x_wconf 83' lang='lat' dir='ltr'><strong>iarn</strong></span> <span class='ocrx_word' id='word_1_178' title='bbox 250 3017 387 3093; x_wconf 70' lang='lat' dir='ltr'><strong>:aliquem</strong></span> <span class='ocrx_word' id='word_1_179' title='bbox 401 3016 583 3078; x_wconf 81' lang='lat' dir='ltr'><strong>teneriorem</strong></span> <span class='ocrx_word' id='word_1_180' title='bbox 598 3026 724 3092; x_wconf 86' lang='lat' dir='ltr'><strong>quaero.</strong></span> <span class='ocrx_word' id='word_1_181' title='bbox 746 3016 796 3075; x_wconf 85' lang='lat' dir='ltr'><strong>hic</strong></span> <span class='ocrx_word' id='word_1_182' title='bbox 811 3016 935 3092; x_wconf 86' lang='lat' dir='ltr'><strong>quidem</strong></span> <span class='ocrx_word' id='word_1_183' title='bbox 949 3016 990 3076; x_wconf 86' lang='lat' dir='ltr'><strong>ait</strong></span> <span class='ocrx_word' id='word_1_184' title='bbox 1004 3024 1063 3074; x_wconf 87' lang='lat' dir='ltr'><strong>nos</strong></span> <span class='ocrx_word' id='word_1_185' title='bbox 1079 3027 1162 3072; x_wconf 82' lang='lat' dir='ltr'><strong>eam-</strong></span> 
     </span>
     <span class='ocr_line' id='line_1_29' title="bbox 181 3096 1162 3175; baseline -0.005 -13"><span class='ocrx_word' id='word_1_186' title='bbox 181 3103 251 3162; x_wconf 89' lang='lat' dir='ltr'><strong>dem</strong></span> <span class='ocrx_word' id='word_1_187' title='bbox 267 3098 369 3161; x_wconf 87' lang='lat' dir='ltr'><strong>crisim</strong></span> <span class='ocrx_word' id='word_1_188' title='bbox 382 3097 513 3174; x_wconf 63' lang='lat' dir='ltr'><strong>nubere„</strong></span> <span class='ocrx_word' id='word_1_189' title='bbox 536 3097 609 3175; x_wconf 87' lang='lat' dir='ltr'><strong>quia</strong></span> <span class='ocrx_word' id='word_1_190' title='bbox 620 3100 745 3175; x_wconf 84' lang='lat' dir='ltr'><strong>unique</strong></span> <span class='ocrx_word' id='word_1_191' title='bbox 760 3100 869 3161; x_wconf 82' lang='lat' dir='ltr'><strong>dentes</strong></span> <span class='ocrx_word' id='word_1_192' title='bbox 887 3099 1008 3160; x_wconf 78' lang='lat' dir='ltr'><strong>cadunt.</strong></span> <span class='ocrx_word' id='word_1_193' title='bbox 1030 3096 1088 3158; x_wconf 83' lang='lat' dir='ltr'><strong>sed</strong></span> <span class='ocrx_word' id='word_1_194' title='bbox 1102 3098 1162 3157; x_wconf 86' lang='lat' dir='ltr'><strong>iam</strong></span> 
     </span>
     <span class='ocr_line' id='line_1_30' title="bbox 179 3177 1161 3260; baseline -0.005 -14"><span class='ocrx_word' id='word_1_195' title='bbox 179 3186 232 3246; x_wconf 86' lang='lat' dir='ltr'><strong>vix</strong></span> <span class='ocrx_word' id='word_1_196' title='bbox 251 3184 336 3246; x_wconf 86' lang='lat' dir='ltr'><strong>ilium</strong></span> <span class='ocrx_word' id='word_1_197' title='bbox 348 3182 513 3259; x_wconf 66' lang='lat' dir='ltr'><strong>tunsoquor</strong></span> <span class='ocrx_word' id='word_1_198' title='bbox 529 3191 703 3245; x_wconf 86' lang='lat' dir='ltr'><strong>currentem</strong></span> <span class='ocrx_word' id='word_1_199' title='bbox 720 3191 755 3245; x_wconf 90' lang='lat' dir='ltr'><strong>et</strong></span> <span class='ocrx_word' id='word_1_200' title='bbox 773 3185 853 3246; x_wconf 87' lang='lat' dir='ltr'><strong>intra</strong></span> <span class='ocrx_word' id='word_1_201' title='bbox 867 3177 1071 3260; x_wconf 72' lang='lat' dir='ltr'><strong>paucissimos</strong></span> <span class='ocrx_word' id='word_1_202' title='bbox 1092 3179 1161 3241; x_wconf 88' lang='lat' dir='ltr'><strong>dies</strong></span> 
     </span>
     <span class='ocr_line' id='line_1_31' title="bbox 146 3263 1160 3346; baseline -0.007 -17"><span class='ocrx_word' id='word_1_203' title='bbox 146 3342 148 3346; x_wconf 23' lang='grc' dir='ltr'>Ι</span> <span class='ocrx_word' id='word_1_204' title='bbox 179 3275 388 3344; x_wconf 77' lang='lat' dir='ltr'><strong>conpotem:</strong></span> <span class='ocrx_word' id='word_1_205' title='bbox 413 3266 499 3342; x_wconf 85' lang='lat' dir='ltr'><strong>vide,</strong></span> <span class='ocrx_word' id='word_1_206' title='bbox 527 3268 600 3344; x_wconf 85' lang='lat' dir='ltr'><strong>quid</strong></span> <span class='ocrx_word' id='word_1_207' title='bbox 627 3265 804 3330; x_wconf 85' lang='lat' dir='ltr'><strong>exercitatio</strong></span> <span class='ocrx_word' id='word_1_208' title='bbox 829 3266 983 3329; x_wconf 76' lang='lat' dir='ltr'><strong>cotidiana</strong></span> <span class='ocrx_word' id='word_1_209' title='bbox 1005 3263 1160 3340; x_wconf 63' lang='lat' dir='ltr'><strong>proficiam</strong></span> 
     </span>
     <span class='ocr_line' id='line_1_32' title="bbox 180 3349 1160 3428; baseline -0.005 -15"><span class='ocrx_word' id='word_1_210' title='bbox 180 3351 240 3413; x_wconf 86' lang='lat' dir='ltr'><strong>cito</strong></span> <span class='ocrx_word' id='word_1_211' title='bbox 266 3368 409 3428; x_wconf 84' lang='lat' dir='ltr'><strong>magnum</strong></span> <span class='ocrx_word' id='word_1_212' title='bbox 435 3353 625 3414; x_wconf 85' lang='lat' dir='ltr'><strong>intervalium</strong></span> <span class='ocrx_word' id='word_1_213' title='bbox 646 3353 679 3413; x_wconf 83' lang='lat' dir='ltr'><strong>fit</strong></span> <span class='ocrx_word' id='word_1_214' title='bbox 703 3353 781 3412; x_wconf 87' lang='lat' dir='ltr'><strong>inter</strong></span> <span class='ocrx_word' id='word_1_215' title='bbox 801 3352 880 3412; x_wconf 92' lang='lat' dir='ltr'><strong>duos</strong></span> <span class='ocrx_word' id='word_1_216' title='bbox 900 3350 1007 3411; x_wconf 88' lang='lat' dir='ltr'><strong>itinere</strong></span> <span class='ocrx_word' id='word_1_217' title='bbox 1034 3349 1160 3408; x_wconf 90' lang='lat' dir='ltr'><strong>diverso</strong></span> 
     </span>
     <span class='ocr_line' id='line_1_33' title="bbox 179 3434 1161 3512; baseline -0.004 -17"><span class='ocrx_word' id='word_1_218' title='bbox 179 3442 298 3495; x_wconf 69' lang='lat' dir='ltr'><strong>euntes.</strong></span> <span class='ocrx_word' id='word_1_219' title='bbox 320 3437 429 3497; x_wconf 88' lang='lat' dir='ltr'><strong>eodem</strong></span> <span class='ocrx_word' id='word_1_220' title='bbox 440 3444 580 3512; x_wconf 85' lang='lat' dir='ltr'><strong>tempore</strong></span> <span class='ocrx_word' id='word_1_221' title='bbox 594 3437 644 3496; x_wconf 86' lang='lat' dir='ltr'><strong>illc</strong></span> <span class='ocrx_word' id='word_1_222' title='bbox 655 3435 825 3511; x_wconf 86' lang='lat' dir='ltr'><strong>adscendit,</strong></span> <span class='ocrx_word' id='word_1_223' title='bbox 842 3450 900 3510; x_wconf 79' lang='lat' dir='ltr'><strong>ego</strong></span> <span class='ocrx_word' id='word_1_224' title='bbox 913 3434 1080 3493; x_wconf 88' lang='lat' dir='ltr'><strong>descendo.</strong></span> <span class='ocrx_word' id='word_1_225' title='bbox 1102 3445 1161 3491; x_wconf 86' lang='lat' dir='ltr'><strong>nec</strong></span> 
     </span>
    </p>
   </div>
   <div class='ocr_carea' id='block_1_7' title="bbox 0 0 1238 3930">
    <p class='ocr_par' dir='ltr' id='par_1_7' title="bbox 0 0 1238 3930">
     <span class='ocr_line' id='line_1_34' title="bbox 0 0 1238 3930; baseline 0 3"><span class='ocrx_word' id='word_1_226' title='bbox 0 0 1238 3930; x_wconf 95' lang='lat' dir='ltr'><strong> </strong></span> 
     </span>
    </p>
   </div>
  </div>
 </body>
</html>
