2468 3930
245 245 414 308 uotsrut.
428 244 522 307 Moti.
543 245 615 308 LlB.
630 244 710 307 xlx.
728 245 787 306 ΕΡ.
800 252 825 304 1.
848 251 938 322 (110.)
1023 245 1088 311 363

103 408 223 478 potest=
244 412 317 459 uno
333 405 434 458 autem
448 399 561 460 modo
577 405 726 474 potest,
748 399 781 459 si
800 400 886 475 quis
908 400 1086 462 hanchu·

102 481 616 559 manorumdivinorumque
632 481 808 544 notitiam
823 486 1040 560 acceperit,
1060 483 1088 547 si

102 569 154 630 illa
171 582 207 627 se
223 581 286 628 non
300 565 482 640 perfuderit,
505 567 563 627 sed
578 566 729 639 infecerit,
754 565 781 628 si
797 569 921 640 eadem,
944 570 1086 644 quamvis

103 651 191 724 sciat,
202 648 412 711 retractaverit
425 654 456 709 et
469 649 510 709 ad
526 666 561 710 se
575 651 747 726 pertulerit,
764 649 791 710 si
807 650 987 728 quaesierit,
1005 669 1085 728 quae

103 737 165 797 sint
177 733 269 809 bona,
285 748 365 809 quae
378 733 466 804 mala,
484 733 595 809 quibus
609 734 669 795 hoc
686 735 764 794 falso
782 735 822 795 sit
840 751 950 795 nomen
969 737 1086 797 adscri-

102 827 197 896 ptum,
207 818 234 879 si
245 816 410 893 quaesierit
421 817 460 876 de
471 816 618 891 honestis,
627 818 666 878 de
676 816 827 892 turpibus,
836 818 875 879 de
882 819 1086 894 providentia.

103 917 162 963 nec
181 903 258 962 intra
279 902 356 962 haec
376 900 498 961 humani
512 900 626 977 ingenii
641 902 794 977 sagacitas
813 901 944 962 sistitur=
966 904 1114 979 prospi-o

103 1001 175 1048 cere
188 993 219 1046 et
232 986 311 1047 ultra
325 984 471 1046 mundum
482 985 569 1060 libet,
592 1001 653 1061 quo
670 987 796 1058 teratur,
811 986 894 1046 unde
909 988 1084 1060 surrexerit

104 1069 136 1131 in
151 1085 242 1146 quem
256 1068 370 1129 exitum
386 1075 470 1128 tanta
484 1085 588 1130 rerum
602 1069 749 1130 velocitas
767 1076 922 1144 properet.
963 1068 1012 1131 Ab
1026 1070 1086 1130 hac

105 1154 209 1215 divina
229 1153 485 1227 contemplatione
506 1153 669 1214 abductum
696 1153 828 1212 animum
854 1153 884 1212 in
907 1154 1034 1214 sordido
1054 1161 1087 1214 et

103 1237 228 1299 humilia
238 1237 451 1313 pertraximus,
464 1242 497 1296 ut
508 1235 653 1297 avaritiae
665 1235 801 1309 serviro,
813 1243 846 1297 ut
856 1239 962 1298 relicto
970 1237 1084 1297 mundo

102 1321 302 1396 terminisque
323 1319 390 1380 eius
411 1328 441 1381 et
462 1319 593 1381 dominis
617 1327 727 1381 cuncta
749 1320 945 1381 versantibus
973 1328 1085 1381 terram

101 1405 263 1466 rimaretur
282 1412 312 1464 et
334 1411 508 1478 quaereret,
531 1404 604 1479 quid
623 1405 727 1465 axilla
745 1404 815 1464 mali
836 1403 1000 1478 effoderet,
1023 1420 1085 1465 non

103 1497 265 1551 contentus
277 1487 397 1551 oblatis.
421 1487 572 1563 Quicquid
583 1488 673 1548 nobis
684 1489 768 1549 bono
778 1489 910 1550 futurum
921 1495 994 1561 erat,
1007 1488 1085 1551 deus
1092 1485 1128 1538 10

103 1580 133 1635 et
154 1588 268 1649 parens
289 1579 394 1633 noster
414 1574 444 1631 in
461 1571 600 1647 proximo
617 1573 729 1647 posuit.
756 1587 818 1631 non
833 1572 1024 1649 exspectavit
1039 1572 1084 1632 in·

103 1656 299 1734 quisitionem
322 1663 458 1716 nostram
485 1663 515 1715 et
541 1657 620 1716 ultro
645 1655 745 1718 dadin
774 1657 913 1718 nocitura
938 1656 1085 1718 altissime

102 1742 225 1817 pressit.
246 1740 320 1801 nihil
340 1739 401 1801 nisi
423 1741 462 1800 de
483 1740 572 1801 nobis
589 1741 675 1816 queri
694 1755 876 1816 possumus=
897 1757 949 1815 ea,
973 1739 1085 1817 quibus

103 1826 287 1900 periremus,
309 1825 430 1885 nolente
445 1839 545 1884 rerum
560 1831 667 1886 natura
684 1832 715 1887 et
728 1825 939 1898 abscondente
960 1824 1084 1901 protuli·

104 1925 183 1970 mus.
205 1908 379 1969 addiximus
393 1907 525 1969 animum
542 1909 704 1985 voluptati,
726 1909 775 1971 cui
790 1909 948 1984 indulgere
968 1907 1083 1969 initium

104 1993 238 2054 omnium
250 1993 397 2054 malorum
408 1999 463 2064 est,
481 1992 660 2055 tradidimus
671 1993 826 2055 ambitioni
836 2002 866 2055 et
877 1994 985 2067 lamae,
1004 1999 1084 2053 oete·

102 2077 146 2138 ris
161 2091 261 2152 aeque
274 2076 360 2137 vanis
376 2082 406 2136 et
421 2075 572 2136 inanibus.
608 2076 687 2151 Quid
702 2093 775 2153 ergo
791 2093 871 2137 nunc
886 2084 916 2137 te
931 2078 1038 2154 hortor
1052 2081 1125 2136 utll

103 2160 221 2221 facias?
236 2157 316 2221 Nihil
334 2159 414 2235 novi,
426 2192 469 2205 -
480 2175 538 2219 nec
549 2158 629 2220 enirn
639 2160 729 2221 novis
741 2162 828 2220 malis
840 2159 975 2224 remedia
989 2175 1083 2236 quae·

102 2244 351 2317 runtur,—sed
367 2244 439 2305 hoc
460 2241 634 2319 primum,
655 2250 695 2304 ut
715 2251 839 2305 tecum
858 2244 945 2318 ipsc
960 2241 1083 2319 dispi-

103 2326 1084 2404 cias,quidsitnecessarium,quidsupervacuum.

103 2412 337 2473 necessaria
352 2411 421 2472 tibi
436 2411 581 2486 ubique
595 2418 819 2472 occurrent=
838 2425 1085 2485 supervacua

102 2495 583 2571 etsempcrettotoanimo
599 2494 933 2570 quaerendasunt.
956 2493 1125 2555 Nooestlt

102 2587 217 2654 autem,
245 2579 330 2656 quod
355 2587 384 2640 te
408 2580 497 2640 nimis
519 2580 642 2651 laudes,
670 2578 696 2639 si
724 2577 946 2653 contempseris
970 2592 1083 2638 aureos

102 2665 201 2724 lectos
224 2672 254 2725 et
273 2679 443 2738 gemmeam
465 2663 694 2739 supellectilem.
724 2678 804 2738 quae
824 2670 873 2723 est
892 2663 972 2723 enim
987 2660 1084 2722 virtus

103 2762 297 2823 supervacua
312 2755 527 2809 contemneret
553 2756 624 2808 tunc
639 2755 669 2809 te
684 2747 848 2819 admirare,
865 2763 933 2806 cum
950 2752 1083 2807 contem-

103 2831 206 2908 pseris
229 2833 413 2891 necessaria.
449 2833 515 2892 Non
532 2847 672 2906 magnam
686 2846 750 2892 rem
767 2831 858 2904 lacis,
880 2831 965 2906 quod
979 2831 1084 2890 vivere

103 2915 171 2976 sine
185 2918 271 2991 regio
287 2916 436 2991 adparatu
452 2922 555 2991 potes,
580 2915 665 2991 quod
685 2931 747 2978 non
763 2915 922 2975 desideras
938 2914 1083 2975 miliarias

103 3014 198 3073 apros
210 3014 268 3059 nec
278 2999 398 3075 linguas
411 2998 719 3075 phoenicopterorum
732 3005 762 3059 et
773 2998 832 3057 alia
844 3004 984 3073 portenta
995 2998 1083 3057 luxu-

102 3082 168 3143 riae
180 3083 240 3143 iam
255 3090 318 3144 tota
332 3081 472 3144 animalia
485 3082 666 3144 fastidientis
681 3090 712 3143 et
723 3087 805 3142 certa
819 3080 955 3140 membra
970 3096 1009 3140 ex
1020 3077 1082 3141 sin·

102 3165 184 3241 gulis
206 3167 360 3241 eligentis:
384 3174 454 3226 tunc
477 3174 507 3226 te
530 3166 718 3239 admirabor,
740 3166 766 3224 si
781 3180 843 3225 non
861 3161 1083 3240 contempseris

103 3251 195 3310 etiam
215 3251 373 3312 sordidum
395 3265 520 3325 panem,
543 3249 570 3309 si
591 3247 643 3308 tibi
661 3248 854 3325 persuaseris
869 3248 1008 3321 herbam,
1032 3246 1085 3309 ubi

104 3348 236 3394 necesse
251 3341 307 3406 est,
323 3351 383 3394 non
399 3332 504 3409 pecori
519 3337 643 3405 tantum,
660 3333 716 3393 sed
730 3332 845 3393 homini
856 3330 952 3407 nasci,
967 3331 994 3392 si
1006 3331 1085 3393 scie·

103 3415 146 3477 ris
161 3416 320 3478 cacumina
331 3416 475 3478 arborum
488 3417 714 3491 explementum
728 3431 801 3477 esse
812 3416 935 3491 ventris,
950 3414 981 3475 in
993 3430 1084 3492 quern

103 3499 150 3561 cic
164 3502 300 3578 pretiosa
313 3501 506 3578 congerimus
522 3506 675 3575 tamquam
686 3507 812 3576 recepta
821 3507 1002 3561 servantem.
1017 3496 1086 3561 stne
