2468 3930
203 259 234 316 L.
250 258 387 315 ANNAEI
401 259 565 318 SENECAE
578 260 624 316 DE
639 259 798 318 MORIBUS
813 259 927 316 LIBER.
995 255 1058 320 463

139 411 244 471 Omnes
264 412 383 468 infantes
404 417 479 468 tarra
499 413 591 469 nudos
613 413 732 485 excipite·
750 429 807 469 non
823 418 848 468 te
862 412 950 484 pudet
964 412 1055 470 sordi·
1067 416 1101 472 19

75 497 139 554 dius
155 497 252 554 vivere
267 511 350 567 quam
365 496 465 551 nascit
487 491 545 570 [al’.
559 498 657 554 lortius
672 497 749 553 nasci
764 512 848 567 quam
860 491 993 570 viveret]

138 580 211 648 Quid
232 579 345 635 dulcius:
360 595 444 651 quam
462 578 569 637 habere
589 581 721 647 amicum,
753 597 816 637 cum
835 595 890 651 quo
906 581 1012 638 audeas
1026 587 1056 636 ut
1067 586 1102 641 20

74 673 167 721 tecum
188 664 286 720 omnia·
295 664 400 734 iuquit
417 661 592 740 [servandus
604 681 673 737 ergo
689 671 732 720 est
745 664 821 721 omni
836 665 980 737 diligentia
994 681 1059 722 raro

75 749 205 806 inventus
220 748 336 804 amicus.
358 752 401 803 est
415 747 490 804 enim
504 750 574 804 alter
590 745 667 821 ego]

138 832 210 901 Quid
223 832 261 887 sis
276 832 403 902 interest,
427 847 484 887 non
499 832 566 902 quid
579 831 720 887 habearis.
881 853 884 859 ⁴
1067 837 1101 890 21

138 917 305 988 Magnarum
319 915 420 971 virium
435 920 478 971 est
491 916 637 988 negligere
654 915 823 971 laedentem.
1067 921 1103 975 22

140 999 270 1055 Nondum
285 1016 315 1054 es
331 1000 411 1068 lelix,
434 1000 458 1054 si
472 1000 597 1056 nondum
610 1005 638 1055 te
654 1001 733 1055 turba
747 997 898 1055 dinriserit,
1067 1005 1103 1060 23

139 1082 169 1141 Si
188 1085 231 1142 vis
252 1085 350 1139 beatus
365 1100 444 1153 esse,
465 1082 625 1156 cogitabas
638 1084 759 1156 primum
773 1079 979 1138 *contemnem
991 1096 1057 1137 con·
1068 1087 1103 1142 24

77 1168 161 1227 temni
176 1170 210 1224 ab
226 1165 367 1224 eisdem*.

138 1253 304 1324 Priusquam
313 1251 472 1323 promittas,
487 1251 642 1321 deliberes,
657 1257 684 1306 et
696 1267 759 1306 oum
769 1249 948 1323 promiseris,
960 1248 1058 1305 iacias.
1068 1255 1102 1308 25

138 1337 170 1392 ld
185 1352 269 1408 agas,
292 1331 344 1411 [ut]
360 1351 396 1390 ne
411 1335 473 1406 quis
487 1336 585 1392 merito
600 1341 647 1391 tuo
661 1340 689 1390 te
702 1335 807 1403 oderit,
824 1333 888 1389 etsi
900 1334 991 1391 nullos
1006 1333 1057 1389 ini·
1068 1338 1103 1395 16

77 1421 163 1476 micos
178 1421 225 1475 tibi
241 1419 322 1475 iaciat
337 1419 452 1490 iniuria,
474 1421 574 1475 multos
588 1413 706 1496 [tamen]
722 1419 787 1475 iacit
800 1417 916 1475 invidia.

139 1501 323 1561 Solitudinem
338 1509 468 1576 quaerat,
493 1504 613 1575 quivult
630 1502 900 1559 cuminnooentibus
913 1499 1022 1559 virore.
1068 1504 1103 1563 27

140 1588 265 1660 Optimus
281 1604 349 1660 ergo
367 1588 476 1644 animus
491 1594 518 1643 et
531 1587 735 1661 pulcherrimus
751 1587 798 1644 dei
812 1587 900 1642 cultor
915 1589 966 1642 est.
1068 1590 1104 1648 28

139 1672 298 1729 Abstinebis
313 1669 372 1747 [ab]
388 1672 479 1727 alieno
494 1672 679 1729 matrimonio.
1068 1673 1103 1728 29

140 1757 296 1813 Praestabis
323 1757 485 1828 parentibus
511 1758 656 1829 pietatem,
694 1755 819 1828 cognatis
848 1753 1104 1826 indulgentiamtld

78 1839 185 1916 [amicis
201 1836 315 1916 tidem,]
336 1841 464 1898 omnibus
480 1842 657 1912 aequitatem.

140 1925 282 1982 Devitabis
298 1925 495 1981 crudelitatem
504 1931 532 1981 et
546 1926 699 1981 ministram
713 1923 883 1979 crudelitatis
897 1922 976 1979 iram.
1068 1925 1103 1983 31

140 2007 203 2064 Non
216 2010 298 2066 vives
313 2009 392 2064 aliter
408 2009 437 2063 in
452 2009 600 2065 solitudine
615 2005 664 2085 [et]
679 2008 757 2064 aliter
772 2009 800 2062 in
815 2009 885 2062 loro.
1068 2008 1105 2068 bl

140 2092 185 2147 Nil
200 2097 296 2162 petas,
316 2093 392 2162 quod
406 2098 559 2163 negaturus
573 2093 661 2147 luisti:
683 2091 751 2146 nihil
765 2091 898 2162 negabis,
920 2089 997 2160 quod
1007 2104 1055 2161 pe·
1070 2093 1105 2149 aa

80 2177 176 2231 liturus
191 2175 274 2230 luisti.

141 2260 242 2313 Pacem
256 2257 374 2313 habebis
390 2273 453 2312 oum
466 2257 640 2327 hominibus,
663 2274 728 2312 cum
742 2256 814 2314 vitiis
828 2257 941 2311 bellum.
1070 2258 1106 2313 34

142 2343 202 2398 Hoc
228 2341 317 2398 habet
344 2342 435 2397 omnis
462 2340 605 2408 adlectus,
637 2345 671 2395 ut
696 2340 725 2395 in
752 2339 827 2410 quod
855 2341 917 2412 ipsc
949 2337 1059 2402 insanit,
1070 2342 1105 2397 35

92 2429 120 2483 in
135 2427 210 2483 idem
238 2431 318 2500 putet
330 2430 439 2482 ceteros
454 2427 557 2481 lbrere.

141 2512 293 2566 Maximum
312 2510 342 2565 in
361 2527 395 2566 eo
415 2510 519 2566 vitium.
535 2513 592 2579 est,
614 2507 661 2580 qui
681 2523 738 2564 non
757 2507 814 2563 vult
827 2505 988 2563 melioribus
1001 2506 1106 2577 pla-36

80 2613 145 2651 cere
160 2596 213 2652 scd
227 2597 361 2667 pluribus.

140 2681 191 2735 Vis
213 2681 340 2736 omnibus
366 2696 438 2735 esse
454 2681 558 2736 notusl
590 2677 669 2750 prius
692 2675 773 2733 cilice
797 2680 827 2731 ut
848 2673 988 2731 neminem
1009 2676 1106 2734 nobi

81 2780 166 2819 vens.

143 2845 252 2901 Bonum
269 2853 311 2902 est
329 2863 386 2902 non
402 2848 512 2904 laudari
527 2848 616 2919 velle,
637 2847 690 2903 sed
703 2843 890 2918 praestantius
906 2849 949 2901 est
961 2842 1061 2900 lauda·
1071 2845 1107 2901 38

81 2930 165 2984 bilem
181 2946 253 2985 esser
275 2926 332 3004 [alt
346 2931 455 2986 Bonum
471 2938 584 2988 estnon
598 2931 707 2989 laudari
722 2934 750 2987 et
767 2946 831 2985 esse
844 2924 1034 3001 laudabilem]

143 3013 286 3069 Morieris=
309 3016 424 3070 stultum
432 3020 479 3071 est·
488 3016 587 3072 timere
601 3016 678 3087 quod
692 3015 780 3073 vitare
795 3028 852 3068 non
866 3011 970 3084 possis.
1072 3013 1106 3069 39

145 3098 219 3154 Male
240 3096 276 3153 da
300 3103 335 3154 ta
349 3099 500 3171 opinantur·
516 3099 660 3163 immines:
690 3098 743 3154 sed
765 3096 840 3153 mali.
869 3095 949 3151 malis
970 3097 1108 3151 autemlo

82 3183 233 3256 displicere
249 3187 292 3236 est
306 3182 424 3243 laudari.

143 3267 217 3322 Male
233 3266 268 3322 de
284 3271 310 3322 te
325 3266 631 3339 loquuntuobomines:
650 3267 724 3322 bene
735 3268 828 3319 autem
838 3261 914 3334 loqui
926 3261 1061 3317 nesciunt
1072 3264 1106 3320 41

82 3351 186 3407 iaciunt
203 3367 259 3406 non
275 3353 352 3422 quod
366 3367 481 3408 mereor¹
494 3368 549 3424 ego
563 3350 617 3407 sed
632 3348 709 3423 quod
724 3348 816 3403 solent
831 3346 893 3419 lpsi.

145 3436 331 3494 Homines'de
345 3444 373 3494 te
393 3438 467 3494 male
486 3438 650 3507 loquunturz
674 3432 832 3502 si‘merito,
850 3446 908 3488 non
932 3434 1007 3508 quod
1023 3435 1111 3494 lo·42

84 3527 204 3591 quuntur
218 3521 366 3580 molestum
381 3523 445 3593 luit,
466 3521 519 3578 sed
531 3520 607 3592 quod
619 3535 676 3577 non
686 3517 864 3576 mentiuntur:
887 3521 912 3577 si
921 3521 1069 3588 immerito,
