<?xml version="1.0" encoding="UTF-8"?>
<!DOCTYPE html PUBLIC "-//W3C//DTD XHTML 1.0 Transitional//EN"
    "http://www.w3.org/TR/xhtml1/DTD/xhtml1-transitional.dtd">
<html xmlns="http://www.w3.org/1999/xhtml" xml:lang="en" lang="en">
 <head>
  <title>
</title>
<meta http-equiv="Content-Type" content="text/html;charset=utf-8" />
  <meta name='ocr-system' content='tesseract 3.04.00' />
  <meta name='ocr-capabilities' content='ocr_page ocr_carea ocr_par ocr_line ocrx_word'/>
</head>
<body>
  <div class='ocr_page' id='page_1' title='image "./lannaeisenecaeo00haasgoog_0091.png"; bbox 0 0 2468 3930; ppageno 0'>
   <div class='ocr_carea' id='block_1_1' title="bbox 136 224 823 323">
    <p class='ocr_par' dir='ltr' id='par_1_1' title="bbox 136 224 823 323">
     <span class='ocr_line' id='line_1_1' title="bbox 136 224 823 323; baseline -0.004 -31"><span class='ocrx_word' id='word_1_1' title='bbox 136 224 179 292; x_wconf 78' lang='lat' dir='ltr'>aa</span> <span class='ocrx_word' id='word_1_2' title='bbox 423 228 457 289; x_wconf 83' lang='lat' dir='ltr'>n.</span> <span class='ocrx_word' id='word_1_3' title='bbox 476 227 623 323; x_wconf 74' lang='lat' dir='ltr'>Annam</span> <span class='ocrx_word' id='word_1_4' title='bbox 648 227 823 289; x_wconf 78' lang='lat' dir='ltr'>sennenn</span> 
     </span>
    </p>
   </div>
   <div class='ocr_carea' id='block_1_2' title="bbox 94 377 1114 1043">
    <p class='ocr_par' dir='ltr' id='par_1_2' title="bbox 133 377 1112 792">
     <span class='ocr_line' id='line_1_2' title="bbox 134 377 1112 457; baseline 0.006 -18"><span class='ocrx_word' id='word_1_5' title='bbox 134 379 291 441; x_wconf 81' lang='lat' dir='ltr'>eademt</span> <span class='ocrx_word' id='word_1_6' title='bbox 306 395 416 455; x_wconf 82' lang='lat' dir='ltr'>nempe</span> <span class='ocrx_word' id='word_1_7' title='bbox 431 379 646 455; x_wconf 81' lang='lat' dir='ltr'>expergiscar,</span> <span class='ocrx_word' id='word_1_8' title='bbox 662 380 822 455; x_wconf 83' lang='lat' dir='ltr'><strong>dormiam,</strong></span> <span class='ocrx_word' id='word_1_9' title='bbox 839 377 985 457; x_wconf 89' lang='lat' dir='ltr'>esuriam,</span> <span class='ocrx_word' id='word_1_10' title='bbox 1003 387 1112 457; x_wconf 83' lang='lat' dir='ltr'>[satio-</span> 
     </span>
     <span class='ocr_line' id='line_1_3' title="bbox 134 463 1111 540; baseline 0.004 -16"><span class='ocrx_word' id='word_1_11' title='bbox 134 463 209 537; x_wconf 80' lang='lat' dir='ltr'>borJ,</span> <span class='ocrx_word' id='word_1_12' title='bbox 224 463 343 537; x_wconf 81' lang='lat' dir='ltr'>algebo,</span> <span class='ocrx_word' id='word_1_13' title='bbox 359 464 517 525; x_wconf 75' lang='lat' dir='ltr'>aestuabo.</span> <span class='ocrx_word' id='word_1_14' title='bbox 539 463 652 525; x_wconf 89' lang='lat' dir='ltr'>nullius</span> <span class='ocrx_word' id='word_1_15' title='bbox 665 466 709 525; x_wconf 91' lang='lat' dir='ltr'>rei</span> <span class='ocrx_word' id='word_1_16' title='bbox 724 465 794 526; x_wconf 90' lang='lat' dir='ltr'>finis</span> <span class='ocrx_word' id='word_1_17' title='bbox 810 473 871 540; x_wconf 91' lang='lat' dir='ltr'>est,</span> <span class='ocrx_word' id='word_1_18' title='bbox 886 466 943 527; x_wconf 87' lang='lat' dir='ltr'>sed</span> <span class='ocrx_word' id='word_1_19' title='bbox 958 467 988 526; x_wconf 93' lang='lat' dir='ltr'>in</span> <span class='ocrx_word' id='word_1_20' title='bbox 1005 469 1111 528; x_wconf 91' lang='lat' dir='ltr'>orbem</span> 
     </span>
     <span class='ocr_line' id='line_1_4' title="bbox 135 546 1110 627; baseline 0.005 -21"><span class='ocrx_word' id='word_1_21' title='bbox 135 561 216 606; x_wconf 88' lang='lat' dir='ltr'>nexa</span> <span class='ocrx_word' id='word_1_22' title='bbox 237 554 307 607; x_wconf 88' lang='lat' dir='ltr'>sunt</span> <span class='ocrx_word' id='word_1_23' title='bbox 328 547 443 609; x_wconf 81' lang='lat' dir='ltr'>omnia:</span> <span class='ocrx_word' id='word_1_24' title='bbox 467 546 586 621; x_wconf 84' lang='lat' dir='ltr'>lugiunt</span> <span class='ocrx_word' id='word_1_25' title='bbox 601 563 642 607; x_wconf 87' lang='lat' dir='ltr'>ac.</span> <span class='ocrx_word' id='word_1_26' title='bbox 661 558 840 624; x_wconf 88' lang='lat' dir='ltr'>sequuntur.</span> <span class='ocrx_word' id='word_1_27' title='bbox 863 550 943 610; x_wconf 91' lang='lat' dir='ltr'>diem</span> <span class='ocrx_word' id='word_1_28' title='bbox 963 567 1026 611; x_wconf 89' lang='lat' dir='ltr'>nox</span> <span class='ocrx_word' id='word_1_29' title='bbox 1041 568 1110 627; x_wconf 90' lang='lat' dir='ltr'>pre-</span> 
     </span>
     <span class='ocr_line' id='line_1_5' title="bbox 133 626 1111 706; baseline 0.009 -18"><span class='ocrx_word' id='word_1_30' title='bbox 133 626 200 703; x_wconf 88' lang='lat' dir='ltr'>mit,</span> <span class='ocrx_word' id='word_1_31' title='bbox 223 628 290 689; x_wconf 91' lang='lat' dir='ltr'>dies</span> <span class='ocrx_word' id='word_1_32' title='bbox 306 637 442 703; x_wconf 89' lang='lat' dir='ltr'>noctem,</span> <span class='ocrx_word' id='word_1_33' title='bbox 463 637 565 691; x_wconf 88' lang='lat' dir='ltr'>aestas</span> <span class='ocrx_word' id='word_1_34' title='bbox 580 630 611 689; x_wconf 93' lang='lat' dir='ltr'>in</span> <span class='ocrx_word' id='word_1_35' title='bbox 626 639 803 693; x_wconf 80' lang='lat' dir='ltr'><strong>autumnum</strong></span> <span class='ocrx_word' id='word_1_36' title='bbox 819 634 944 706; x_wconf 90' lang='lat' dir='ltr'>desinit,</span> <span class='ocrx_word' id='word_1_37' title='bbox 966 643 1111 697; x_wconf 90' lang='lat' dir='ltr'>autumno</span> 
     </span>
     <span class='ocr_line' id='line_1_6' title="bbox 133 711 1112 792; baseline 0.007 -20"><span class='ocrx_word' id='word_1_38' title='bbox 133 711 231 772; x_wconf 89' lang='lat' dir='ltr'>hiems</span> <span class='ocrx_word' id='word_1_39' title='bbox 252 712 358 788; x_wconf 88' lang='lat' dir='ltr'>instat,</span> <span class='ocrx_word' id='word_1_40' title='bbox 388 730 467 789; x_wconf 90' lang='lat' dir='ltr'>quae</span> <span class='ocrx_word' id='word_1_41' title='bbox 484 729 558 773; x_wconf 90' lang='lat' dir='ltr'>vere</span> <span class='ocrx_word' id='word_1_42' title='bbox 579 715 789 791; x_wconf 87' lang='lat' dir='ltr'>conpescitur=</span> <span class='ocrx_word' id='word_1_43' title='bbox 810 719 912 778; x_wconf 90' lang='lat' dir='ltr'>omnia</span> <span class='ocrx_word' id='word_1_44' title='bbox 930 719 997 792; x_wconf 89' lang='lat' dir='ltr'>[sic]</span> <span class='ocrx_word' id='word_1_45' title='bbox 1012 727 1112 780; x_wconf 87' lang='lat' dir='ltr'>trans·</span> 
     </span>
    </p>

    <p class='ocr_par' dir='ltr' id='par_1_3' title="bbox 94 797 1114 1043">
     <span class='ocr_line' id='line_1_7' title="bbox 94 797 1113 874; baseline 0.008 -18"><span class='ocrx_word' id='word_1_46' title='bbox 94 866 99 872; x_wconf 36' lang='lat'>,</span> <span class='ocrx_word' id='word_1_47' title='bbox 134 803 207 857; x_wconf 85' lang='lat' dir='ltr'>cunt</span> <span class='ocrx_word' id='word_1_48' title='bbox 221 801 254 855; x_wconf 89' lang='lat' dir='ltr'>ul</span> <span class='ocrx_word' id='word_1_49' title='bbox 267 804 468 858; x_wconf 88' lang='lat' dir='ltr'>revertantur.</span> <span class='ocrx_word' id='word_1_50' title='bbox 492 797 566 857; x_wconf 85' lang='lat' dir='ltr'>nihil</span> <span class='ocrx_word' id='word_1_51' title='bbox 581 799 653 858; x_wconf 91' lang='lat' dir='ltr'>novi</span> <span class='ocrx_word' id='word_1_52' title='bbox 668 799 757 874; x_wconf 83' lang='lat' dir='ltr'>facio,</span> <span class='ocrx_word' id='word_1_53' title='bbox 772 800 845 860; x_wconf 86' lang='lat' dir='ltr'>nihil</span> <span class='ocrx_word' id='word_1_54' title='bbox 861 802 933 862; x_wconf 89' lang='lat' dir='ltr'>novi</span> <span class='ocrx_word' id='word_1_55' title='bbox 947 803 1055 863; x_wconf 82' lang='lat' dir='ltr'>video:</span> <span class='ocrx_word' id='word_1_56' title='bbox 1077 803 1113 864; x_wconf 89' lang='lat' dir='ltr'>fit</span> 
     </span>
     <span class='ocr_line' id='line_1_8' title="bbox 134 879 1114 960; baseline 0.008 -22"><span class='ocrx_word' id='word_1_57' title='bbox 134 879 300 954; x_wconf 89' lang='lat' dir='ltr'>aliquando</span> <span class='ocrx_word' id='word_1_58' title='bbox 315 889 347 942; x_wconf 92' lang='lat' dir='ltr'>et</span> <span class='ocrx_word' id='word_1_59' title='bbox 360 879 450 946; x_wconf 91' lang='lat' dir='ltr'>huius</span> <span class='ocrx_word' id='word_1_60' title='bbox 467 881 512 941; x_wconf 92' lang='lat' dir='ltr'>rei</span> <span class='ocrx_word' id='word_1_61' title='bbox 526 883 666 942; x_wconf 85' lang='lat' dir='ltr'>nausia.“</span> <span class='ocrx_word' id='word_1_62' title='bbox 686 883 770 944; x_wconf 88' lang='lat' dir='ltr'>Multi</span> <span class='ocrx_word' id='word_1_63' title='bbox 787 893 865 958; x_wconf 87' lang='lat' dir='ltr'>sunt,</span> <span class='ocrx_word' id='word_1_64' title='bbox 882 885 1009 960; x_wconf 91' lang='lat' dir='ltr'>quinon</span> <span class='ocrx_word' id='word_1_65' title='bbox 1026 901 1114 946; x_wconf 89' lang='lat' dir='ltr'>acer-</span> 
     </span>
     <span class='ocr_line' id='line_1_9' title="bbox 133 962 943 1043; baseline 0.005 -21"><span class='ocrx_word' id='word_1_66' title='bbox 133 962 206 1023; x_wconf 92' lang='lat' dir='ltr'>bum</span> <span class='ocrx_word' id='word_1_67' title='bbox 221 962 356 1025; x_wconf 89' lang='lat' dir='ltr'>iudicent</span> <span class='ocrx_word' id='word_1_68' title='bbox 372 965 491 1040; x_wconf 89' lang='lat' dir='ltr'>vivere,</span> <span class='ocrx_word' id='word_1_69' title='bbox 517 966 574 1026; x_wconf 87' lang='lat' dir='ltr'>sed</span> <span class='ocrx_word' id='word_1_70' title='bbox 589 982 825 1043; x_wconf 88' lang='lat' dir='ltr'>supervacuum.</span> <span class='ocrx_word' id='word_1_71' title='bbox 856 970 943 1029; x_wconf 87' lang='lat' dir='ltr'>Vale.</span> 
     </span>
    </p>
   </div>
   <div class='ocr_carea' id='block_1_3' title="bbox 382 1133 855 1297">
    <p class='ocr_par' dir='ltr' id='par_1_4' title="bbox 382 1133 855 1297">
     <span class='ocr_line' id='line_1_10' title="bbox 434 1133 810 1210; baseline 0.005 -20"><span class='ocrx_word' id='word_1_72' title='bbox 434 1133 650 1192; x_wconf 85' lang='lat' dir='ltr'>EPISTULA</span> <span class='ocrx_word' id='word_1_73' title='bbox 669 1137 717 1192; x_wconf 86' lang='lat' dir='ltr'>IV.</span> <span class='ocrx_word' id='word_1_74' title='bbox 739 1142 752 1210; x_wconf 96' lang='lat'>(</span> <span class='ocrx_word' id='word_1_75' title='bbox 788 1139 810 1206; x_wconf 89' lang='lat'>.)</span> 
     </span>
     <span class='ocr_line' id='line_1_11' title="bbox 382 1242 855 1297; baseline 0.006 -4"><span class='ocrx_word' id='word_1_76' title='bbox 382 1242 494 1296; x_wconf 76' lang='lat' dir='ltr'>Seneca</span> <span class='ocrx_word' id='word_1_77' title='bbox 513 1245 625 1297; x_wconf 83' lang='lat' dir='ltr'>Lucrtro</span> <span class='ocrx_word' id='word_1_78' title='bbox 645 1257 697 1297; x_wconf 89' lang='lat' dir='ltr'>suo</span> <span class='ocrx_word' id='word_1_79' title='bbox 714 1245 855 1297; x_wconf 73' lang='lat' dir='ltr'>saturnu.</span> 
     </span>
    </p>
   </div>
   <div class='ocr_carea' id='block_1_4' title="bbox 94 1376 1151 3546">
    <p class='ocr_par' dir='ltr' id='par_1_5' title="bbox 106 1376 1111 1871">
     <span class='ocr_line' id='line_1_12' title="bbox 106 1376 1111 1453; baseline -0.009 -9"><span class='ocrx_word' id='word_1_80' title='bbox 106 1392 121 1444; x_wconf 93' lang='lat'>1</span> <span class='ocrx_word' id='word_1_81' title='bbox 198 1376 478 1450; x_wconf 80' lang='lat' dir='ltr'>Quodadduos</span> <span class='ocrx_word' id='word_1_82' title='bbox 495 1380 641 1440; x_wconf 90' lang='lat' dir='ltr'>amicos</span> <span class='ocrx_word' id='word_1_83' title='bbox 662 1386 823 1439; x_wconf 91' lang='lat' dir='ltr'>nostros</span> <span class='ocrx_word' id='word_1_84' title='bbox 843 1377 1032 1453; x_wconf 89' lang='lat' dir='ltr'>pertinet,</span> <span class='ocrx_word' id='word_1_85' title='bbox 1059 1377 1111 1437; x_wconf 91' lang='lat' dir='ltr'>di·</span> 
     </span>
     <span class='ocr_line' id='line_1_13' title="bbox 135 1459 1111 1524; baseline 0.001 -6"><span class='ocrx_word' id='word_1_86' title='bbox 135 1461 341 1523; x_wconf 84' lang='lat' dir='ltr'>versoria</span> <span class='ocrx_word' id='word_1_87' title='bbox 369 1463 531 1524; x_wconf 90' lang='lat' dir='ltr'>eundum</span> <span class='ocrx_word' id='word_1_88' title='bbox 567 1471 641 1524; x_wconf 74' lang='lat' dir='ltr'>esta</span> <span class='ocrx_word' id='word_1_89' title='bbox 679 1462 848 1522; x_wconf 89' lang='lat' dir='ltr'>alterius</span> <span class='ocrx_word' id='word_1_90' title='bbox 885 1460 981 1520; x_wconf 87' lang='lat' dir='ltr'>enirn</span> <span class='ocrx_word' id='word_1_91' title='bbox 1014 1459 1111 1521; x_wconf 89' lang='lat' dir='ltr'>vitia</span> 
     </span>
     <span class='ocr_line' id='line_1_14' title="bbox 133 1544 1110 1620; baseline 0 -16"><span class='ocrx_word' id='word_1_92' title='bbox 133 1544 390 1619; x_wconf 87' lang='lat' dir='ltr'>emendanda,</span> <span class='ocrx_word' id='word_1_93' title='bbox 411 1548 577 1608; x_wconf 90' lang='lat' dir='ltr'>alterius</span> <span class='ocrx_word' id='word_1_94' title='bbox 593 1545 917 1620; x_wconf 80' lang='lat' dir='ltr'>frangendasunt.</span> <span class='ocrx_word' id='word_1_95' title='bbox 940 1545 1110 1604; x_wconf 86' lang='lat' dir='ltr'>uterliber-</span> 
     </span>
     <span class='ocr_line' id='line_1_15' title="bbox 134 1627 1110 1705; baseline -0.001 -17"><span class='ocrx_word' id='word_1_96' title='bbox 134 1633 196 1689; x_wconf 87' lang='lat' dir='ltr'>tate</span> <span class='ocrx_word' id='word_1_97' title='bbox 209 1635 282 1689; x_wconf 87' lang='lat' dir='ltr'>tota.</span> <span class='ocrx_word' id='word_1_98' title='bbox 304 1644 366 1689; x_wconf 91' lang='lat' dir='ltr'>non</span> <span class='ocrx_word' id='word_1_99' title='bbox 381 1645 450 1691; x_wconf 90' lang='lat' dir='ltr'>amo</span> <span class='ocrx_word' id='word_1_100' title='bbox 465 1631 564 1705; x_wconf 89' lang='lat' dir='ltr'>illurn,</span> <span class='ocrx_word' id='word_1_101' title='bbox 585 1628 646 1691; x_wconf 87' lang='lat' dir='ltr'>nisi</span> <span class='ocrx_word' id='word_1_102' title='bbox 660 1628 795 1691; x_wconf 83' lang='lat' dir='ltr'>offendo.</span> <span class='ocrx_word' id='word_1_103' title='bbox 830 1628 929 1703; x_wconf 80' lang='lat' dir='ltr'>„Quid</span> <span class='ocrx_word' id='word_1_104' title='bbox 943 1634 1039 1703; x_wconf 68' lang='lat' dir='ltr'>ergo?</span> <span class='ocrx_word' id='word_1_105' title='bbox 1065 1627 1110 1687; x_wconf 93' lang='lat' dir='ltr'>in·</span> 
     </span>
     <span class='ocr_line' id='line_1_16' title="bbox 135 1711 1111 1792; baseline -0.001 -20"><span class='ocrx_word' id='word_1_106' title='bbox 135 1713 214 1789; x_wconf 91' lang='lat' dir='ltr'>quis,</span> <span class='ocrx_word' id='word_1_107' title='bbox 226 1711 500 1792; x_wconf 72' lang='lat' dir='ltr'>quadragenarium</span> <span class='ocrx_word' id='word_1_108' title='bbox 512 1715 659 1790; x_wconf 88' lang='lat' dir='ltr'>pupillum</span> <span class='ocrx_word' id='word_1_109' title='bbox 671 1713 787 1787; x_wconf 78' lang='lat' dir='ltr'>cogitas</span> <span class='ocrx_word' id='word_1_110' title='bbox 800 1713 858 1772; x_wconf 91' lang='lat' dir='ltr'>sub</span> <span class='ocrx_word' id='word_1_111' title='bbox 869 1713 963 1773; x_wconf 90' lang='lat' dir='ltr'>tutela</span> <span class='ocrx_word' id='word_1_112' title='bbox 976 1718 1027 1772; x_wconf 89' lang='lat' dir='ltr'>tua</span> <span class='ocrx_word' id='word_1_113' title='bbox 1037 1727 1111 1773; x_wconf 91' lang='lat' dir='ltr'>con-</span> 
     </span>
     <span class='ocr_line' id='line_1_17' title="bbox 133 1794 1110 1871; baseline -0.002 -14"><span class='ocrx_word' id='word_1_114' title='bbox 133 1796 251 1858; x_wconf 79' lang='lat' dir='ltr'>tineret</span> <span class='ocrx_word' id='word_1_115' title='bbox 271 1796 394 1871; x_wconf 79' lang='lat' dir='ltr'>respice</span> <span class='ocrx_word' id='word_1_116' title='bbox 415 1803 543 1859; x_wconf 89' lang='lat' dir='ltr'>aetatem</span> <span class='ocrx_word' id='word_1_117' title='bbox 558 1799 625 1857; x_wconf 91' lang='lat' dir='ltr'>eius</span> <span class='ocrx_word' id='word_1_118' title='bbox 640 1798 700 1857; x_wconf 89' lang='lat' dir='ltr'>iam</span> <span class='ocrx_word' id='word_1_119' title='bbox 715 1797 822 1856; x_wconf 91' lang='lat' dir='ltr'>duram</span> <span class='ocrx_word' id='word_1_120' title='bbox 836 1804 866 1856; x_wconf 91' lang='lat' dir='ltr'>et</span> <span class='ocrx_word' id='word_1_121' title='bbox 880 1794 1110 1855; x_wconf 71' lang='lat' dir='ltr'>intractabilem.</span> 
     </span>
    </p>

    <p class='ocr_par' dir='ltr' id='par_1_6' title="bbox 103 1879 1151 2542">
     <span class='ocr_line' id='line_1_18' title="bbox 103 1879 1151 1955; baseline 0.001 -16"><span class='ocrx_word' id='word_1_122' title='bbox 103 1896 194 1950; x_wconf 75' lang='lat' dir='ltr'>pnon</span> <span class='ocrx_word' id='word_1_123' title='bbox 210 1886 312 1954; x_wconf 92' lang='lat' dir='ltr'>potest</span> <span class='ocrx_word' id='word_1_124' title='bbox 326 1880 500 1942; x_wconf 76' lang='lat' dir='ltr'>reformariz</span> <span class='ocrx_word' id='word_1_125' title='bbox 516 1889 620 1942; x_wconf 87' lang='lat' dir='ltr'>tenera</span> <span class='ocrx_word' id='word_1_126' title='bbox 633 1881 819 1955; x_wconf 63' lang='lat' dir='ltr'>finguntur</span> <span class='ocrx_word' id='word_1_127' title='bbox 851 1879 901 1937; x_wconf 86' lang='lat' dir='ltr'>An</span> <span class='ocrx_word' id='word_1_128' title='bbox 916 1880 1110 1951; x_wconf 84' lang='lat' dir='ltr'>prolecturus</span> <span class='ocrx_word' id='word_1_129' title='bbox 1150 1900 1151 1903; x_wconf 43' lang='lat'>¹</span> 
     </span>
     <span class='ocr_line' id='line_1_19' title="bbox 133 1961 1112 2038; baseline -0.001 -14"><span class='ocrx_word' id='word_1_130' title='bbox 133 1964 191 2024; x_wconf 90' lang='lat' dir='ltr'>sim</span> <span class='ocrx_word' id='word_1_131' title='bbox 202 1963 318 2024; x_wconf 92' lang='lat' dir='ltr'>nescio.</span> <span class='ocrx_word' id='word_1_132' title='bbox 334 1966 415 2023; x_wconf 89' lang='lat' dir='ltr'>malo</span> <span class='ocrx_word' id='word_1_133' title='bbox 427 1979 608 2026; x_wconf 86' lang='lat' dir='ltr'>successum</span> <span class='ocrx_word' id='word_1_134' title='bbox 618 1963 691 2023; x_wconf 92' lang='lat' dir='ltr'>mihi</span> <span class='ocrx_word' id='word_1_135' title='bbox 703 1979 793 2038; x_wconf 89' lang='lat' dir='ltr'>quam</span> <span class='ocrx_word' id='word_1_136' title='bbox 804 1961 898 2022; x_wconf 87' lang='lat' dir='ltr'>fidem</span> <span class='ocrx_word' id='word_1_137' title='bbox 910 1962 1030 2020; x_wconf 84' lang='lat' dir='ltr'>deesse.</span> <span class='ocrx_word' id='word_1_138' title='bbox 1052 1979 1112 2023; x_wconf 91' lang='lat' dir='ltr'>nec</span> 
     </span>
     <span class='ocr_line' id='line_1_20' title="bbox 133 2042 1110 2123; baseline -0.002 -16"><span class='ocrx_word' id='word_1_139' title='bbox 133 2047 349 2121; x_wconf 81' lang='lat' dir='ltr'>desperaveris</span> <span class='ocrx_word' id='word_1_140' title='bbox 365 2048 455 2108; x_wconf 89' lang='lat' dir='ltr'>etiam</span> <span class='ocrx_word' id='word_1_141' title='bbox 469 2048 603 2109; x_wconf 91' lang='lat' dir='ltr'>diutinos</span> <span class='ocrx_word' id='word_1_142' title='bbox 619 2062 730 2122; x_wconf 77' lang='lat' dir='ltr'>aegros</span> <span class='ocrx_word' id='word_1_143' title='bbox 746 2061 841 2123; x_wconf 87' lang='lat' dir='ltr'>posse</span> <span class='ocrx_word' id='word_1_144' title='bbox 856 2045 972 2118; x_wconf 89' lang='lat' dir='ltr'>sanari,</span> <span class='ocrx_word' id='word_1_145' title='bbox 991 2042 1019 2103; x_wconf 92' lang='lat' dir='ltr'>si</span> <span class='ocrx_word' id='word_1_146' title='bbox 1037 2060 1110 2105; x_wconf 89' lang='lat' dir='ltr'>con·</span> 
     </span>
     <span class='ocr_line' id='line_1_21' title="bbox 132 2129 1110 2206; baseline -0.003 -15"><span class='ocrx_word' id='word_1_147' title='bbox 132 2138 178 2191; x_wconf 87' lang='lat' dir='ltr'>tra</span> <span class='ocrx_word' id='word_1_148' title='bbox 192 2131 453 2205; x_wconf 87' lang='lat' dir='ltr'>intemperantiam</span> <span class='ocrx_word' id='word_1_149' title='bbox 470 2132 600 2206; x_wconf 88' lang='lat' dir='ltr'>steteris,</span> <span class='ocrx_word' id='word_1_150' title='bbox 616 2131 643 2191; x_wconf 88' lang='lat' dir='ltr'>si</span> <span class='ocrx_word' id='word_1_151' title='bbox 657 2130 750 2191; x_wconf 88' lang='lat' dir='ltr'>multa</span> <span class='ocrx_word' id='word_1_152' title='bbox 759 2129 872 2190; x_wconf 91' lang='lat' dir='ltr'>invitos</span> <span class='ocrx_word' id='word_1_153' title='bbox 884 2137 914 2190; x_wconf 92' lang='lat' dir='ltr'>et</span> <span class='ocrx_word' id='word_1_154' title='bbox 925 2129 1028 2188; x_wconf 84' lang='lat' dir='ltr'>facere</span> <span class='ocrx_word' id='word_1_155' title='bbox 1040 2145 1110 2190; x_wconf 89' lang='lat' dir='ltr'>coe·</span> 
     </span>
     <span class='ocr_line' id='line_1_22' title="bbox 132 2211 1109 2291; baseline -0.001 -17"><span class='ocrx_word' id='word_1_156' title='bbox 132 2215 215 2289; x_wconf 82' lang='lat' dir='ltr'>geris</span> <span class='ocrx_word' id='word_1_157' title='bbox 236 2220 266 2273; x_wconf 94' lang='lat' dir='ltr'>et</span> <span class='ocrx_word' id='word_1_158' title='bbox 286 2215 358 2288; x_wconf 88' lang='lat' dir='ltr'>pati.</span> <span class='ocrx_word' id='word_1_159' title='bbox 380 2230 419 2275; x_wconf 91' lang='lat' dir='ltr'>ne</span> <span class='ocrx_word' id='word_1_160' title='bbox 439 2216 479 2277; x_wconf 91' lang='lat' dir='ltr'>de</span> <span class='ocrx_word' id='word_1_161' title='bbox 500 2216 595 2277; x_wconf 91' lang='lat' dir='ltr'>altero</span> <span class='ocrx_word' id='word_1_162' title='bbox 618 2215 741 2291; x_wconf 88' lang='lat' dir='ltr'>quidem</span> <span class='ocrx_word' id='word_1_163' title='bbox 763 2213 837 2275; x_wconf 86' lang='lat' dir='ltr'>satis</span> <span class='ocrx_word' id='word_1_164' title='bbox 852 2213 985 2274; x_wconf 86' lang='lat' dir='ltr'>fiduciae</span> <span class='ocrx_word' id='word_1_165' title='bbox 998 2211 1109 2286; x_wconf 86' lang='lat' dir='ltr'>habeo,</span> 
     </span>
     <span class='ocr_line' id='line_1_23' title="bbox 133 2297 1110 2375; baseline 0 -18"><span class='ocrx_word' id='word_1_166' title='bbox 133 2303 264 2374; x_wconf 88' lang='lat' dir='ltr'>excepto</span> <span class='ocrx_word' id='word_1_167' title='bbox 285 2312 339 2371; x_wconf 92' lang='lat' dir='ltr'>eo,</span> <span class='ocrx_word' id='word_1_168' title='bbox 361 2301 445 2374; x_wconf 92' lang='lat' dir='ltr'>quod</span> <span class='ocrx_word' id='word_1_169' title='bbox 469 2300 569 2360; x_wconf 91' lang='lat' dir='ltr'>adhuc</span> <span class='ocrx_word' id='word_1_170' title='bbox 589 2315 720 2375; x_wconf 86' lang='lat' dir='ltr'>peccare</span> <span class='ocrx_word' id='word_1_171' title='bbox 747 2298 908 2359; x_wconf 88' lang='lat' dir='ltr'>erubescit.</span> <span class='ocrx_word' id='word_1_172' title='bbox 931 2297 1110 2357; x_wconf 89' lang='lat' dir='ltr'>nutriendus</span> 
     </span>
     <span class='ocr_line' id='line_1_24' title="bbox 132 2379 1110 2460; baseline -0.002 -19"><span class='ocrx_word' id='word_1_173' title='bbox 132 2388 180 2442; x_wconf 90' lang='lat' dir='ltr'>est</span> <span class='ocrx_word' id='word_1_174' title='bbox 192 2381 243 2441; x_wconf 90' lang='lat' dir='ltr'>hic</span> <span class='ocrx_word' id='word_1_175' title='bbox 257 2380 372 2457; x_wconf 90' lang='lat' dir='ltr'>pudor,</span> <span class='ocrx_word' id='word_1_176' title='bbox 393 2384 445 2460; x_wconf 90' lang='lat' dir='ltr'>qui</span> <span class='ocrx_word' id='word_1_177' title='bbox 460 2382 607 2460; x_wconf 88' lang='lat' dir='ltr'>quamdiu</span> <span class='ocrx_word' id='word_1_178' title='bbox 620 2384 651 2444; x_wconf 94' lang='lat' dir='ltr'>in</span> <span class='ocrx_word' id='word_1_179' title='bbox 666 2384 768 2444; x_wconf 90' lang='lat' dir='ltr'>animo</span> <span class='ocrx_word' id='word_1_180' title='bbox 782 2382 848 2442; x_wconf 91' lang='lat' dir='ltr'>eius</span> <span class='ocrx_word' id='word_1_181' title='bbox 865 2381 1034 2455; x_wconf 84' lang='lat' dir='ltr'>duraverit,</span> <span class='ocrx_word' id='word_1_182' title='bbox 1057 2379 1110 2439; x_wconf 91' lang='lat' dir='ltr'>ali-</span> 
     </span>
     <span class='ocr_line' id='line_1_25' title="bbox 135 2464 1109 2542; baseline -0.002 -16"><span class='ocrx_word' id='word_1_183' title='bbox 135 2465 204 2542; x_wconf 70' lang='lat' dir='ltr'>quis</span> <span class='ocrx_word' id='word_1_184' title='bbox 225 2465 281 2525; x_wconf 89' lang='lat' dir='ltr'>erit</span> <span class='ocrx_word' id='word_1_185' title='bbox 299 2464 401 2526; x_wconf 89' lang='lat' dir='ltr'>bonae</span> <span class='ocrx_word' id='word_1_186' title='bbox 423 2468 489 2542; x_wconf 89' lang='lat' dir='ltr'>spei</span> <span class='ocrx_word' id='word_1_187' title='bbox 512 2468 613 2528; x_wconf 80' lang='lat' dir='ltr'>locus:</span> <span class='ocrx_word' id='word_1_188' title='bbox 648 2483 716 2527; x_wconf 90' lang='lat' dir='ltr'>cum</span> <span class='ocrx_word' id='word_1_189' title='bbox 741 2466 801 2525; x_wconf 92' lang='lat' dir='ltr'>hoc</span> <span class='ocrx_word' id='word_1_190' title='bbox 821 2471 965 2524; x_wconf 89' lang='lat' dir='ltr'>veterano</span> <span class='ocrx_word' id='word_1_191' title='bbox 985 2464 1109 2538; x_wconf 89' lang='lat' dir='ltr'>parcius</span> 
     </span>
    </p>

    <p class='ocr_par' dir='ltr' id='par_1_7' title="bbox 104 2546 1110 2707">
     <span class='ocr_line' id='line_1_26' title="bbox 104 2546 1107 2625; baseline -0.01 -10"><span class='ocrx_word' id='word_1_192' title='bbox 104 2549 284 2624; x_wconf 73' lang='lat' dir='ltr'>sugendum</span> <span class='ocrx_word' id='word_1_193' title='bbox 305 2558 396 2623; x_wconf 91' lang='lat' dir='ltr'>puto,</span> <span class='ocrx_word' id='word_1_194' title='bbox 417 2567 456 2610; x_wconf 89' lang='lat' dir='ltr'>ne</span> <span class='ocrx_word' id='word_1_195' title='bbox 477 2551 507 2609; x_wconf 91' lang='lat' dir='ltr'>in</span> <span class='ocrx_word' id='word_1_196' title='bbox 530 2549 775 2625; x_wconf 86' lang='lat' dir='ltr'>desperationem</span> <span class='ocrx_word' id='word_1_197' title='bbox 797 2548 846 2608; x_wconf 90' lang='lat' dir='ltr'>sui</span> <span class='ocrx_word' id='word_1_198' title='bbox 860 2546 970 2606; x_wconf 89' lang='lat' dir='ltr'>veniat.</span> <span class='ocrx_word' id='word_1_199' title='bbox 993 2563 1050 2607; x_wconf 90' lang='lat' dir='ltr'>nec</span> <span class='ocrx_word' id='word_1_200' title='bbox 1065 2548 1107 2607; x_wconf 86' lang='lat' dir='ltr'>ul-</span> 
     </span>
     <span class='ocr_line' id='line_1_27' title="bbox 132 2630 1110 2707; baseline -0.001 -16"><span class='ocrx_word' id='word_1_201' title='bbox 132 2633 194 2692; x_wconf 92' lang='lat' dir='ltr'>lum</span> <span class='ocrx_word' id='word_1_202' title='bbox 213 2639 335 2705; x_wconf 88' lang='lat' dir='ltr'>tempus</span> <span class='ocrx_word' id='word_1_203' title='bbox 357 2633 556 2707; x_wconf 83' lang='lat' dir='ltr'>adgrediendi</span> <span class='ocrx_word' id='word_1_204' title='bbox 576 2633 632 2693; x_wconf 85' lang='lat' dir='ltr'>luit</span> <span class='ocrx_word' id='word_1_205' title='bbox 646 2632 755 2692; x_wconf 89' lang='lat' dir='ltr'>melius</span> <span class='ocrx_word' id='word_1_206' title='bbox 770 2647 861 2706; x_wconf 90' lang='lat' dir='ltr'>quam</span> <span class='ocrx_word' id='word_1_207' title='bbox 876 2630 951 2702; x_wconf 90' lang='lat' dir='ltr'>hoo,</span> <span class='ocrx_word' id='word_1_208' title='bbox 978 2630 1049 2689; x_wconf 92' lang='lat' dir='ltr'>dum</span> <span class='ocrx_word' id='word_1_209' title='bbox 1065 2631 1110 2690; x_wconf 91' lang='lat' dir='ltr'>in-</span> 
     </span>
    </p>

    <p class='ocr_par' dir='ltr' id='par_1_8' title="bbox 94 2711 1110 3040">
     <span class='ocr_line' id='line_1_28' title="bbox 94 2711 1109 2793; baseline -0.002 -17"><span class='ocrx_word' id='word_1_210' title='bbox 94 2788 96 2793; x_wconf 20' lang='lat'><em>·</em></span> <span class='ocrx_word' id='word_1_211' title='bbox 132 2713 325 2790; x_wconf 87' lang='lat' dir='ltr'>terquiescit,</span> <span class='ocrx_word' id='word_1_212' title='bbox 347 2714 419 2775; x_wconf 91' lang='lat' dir='ltr'>dum</span> <span class='ocrx_word' id='word_1_213' title='bbox 441 2716 602 2776; x_wconf 90' lang='lat' dir='ltr'>emendato</span> <span class='ocrx_word' id='word_1_214' title='bbox 624 2713 731 2776; x_wconf 89' lang='lat' dir='ltr'>similis</span> <span class='ocrx_word' id='word_1_215' title='bbox 752 2722 809 2775; x_wconf 91' lang='lat' dir='ltr'>est.</span> <span class='ocrx_word' id='word_1_216' title='bbox 834 2711 901 2773; x_wconf 90' lang='lat' dir='ltr'>aliis</span> <span class='ocrx_word' id='word_1_217' title='bbox 921 2713 999 2773; x_wconf 90' lang='lat' dir='ltr'>haec</span> <span class='ocrx_word' id='word_1_218' title='bbox 1019 2714 1109 2775; x_wconf 89' lang='lat' dir='ltr'>inter·</span> 
     </span>
     <span class='ocr_line' id='line_1_29' title="bbox 132 2797 1109 2873; baseline 0.001 -16"><span class='ocrx_word' id='word_1_219' title='bbox 132 2797 239 2858; x_wconf 89' lang='lat' dir='ltr'>missio</span> <span class='ocrx_word' id='word_1_220' title='bbox 255 2797 321 2857; x_wconf 90' lang='lat' dir='ltr'>eius</span> <span class='ocrx_word' id='word_1_221' title='bbox 337 2797 486 2873; x_wconf 81' lang='lat' dir='ltr'>inposuit:</span> <span class='ocrx_word' id='word_1_222' title='bbox 514 2799 587 2858; x_wconf 92' lang='lat' dir='ltr'>mihi</span> <span class='ocrx_word' id='word_1_223' title='bbox 607 2799 702 2859; x_wconf 87' lang='lat' dir='ltr'>verba</span> <span class='ocrx_word' id='word_1_224' title='bbox 716 2814 776 2859; x_wconf 89' lang='lat' dir='ltr'>non</span> <span class='ocrx_word' id='word_1_225' title='bbox 793 2797 853 2859; x_wconf 89' lang='lat' dir='ltr'>dat.</span> <span class='ocrx_word' id='word_1_226' title='bbox 877 2804 1025 2872; x_wconf 86' lang='lat' dir='ltr'>exspecto</span> <span class='ocrx_word' id='word_1_227' title='bbox 1036 2800 1109 2858; x_wconf 70' lang='lat' dir='ltr'>&#39;cum</span> 
     </span>
     <span class='ocr_line' id='line_1_30' title="bbox 131 2881 1110 2958; baseline 0 -18"><span class='ocrx_word' id='word_1_228' title='bbox 131 2896 243 2956; x_wconf 81' lang='lat' dir='ltr'>magno</span> <span class='ocrx_word' id='word_1_229' title='bbox 258 2881 364 2941; x_wconf 82' lang='lat' dir='ltr'>fenore</span> <span class='ocrx_word' id='word_1_230' title='bbox 378 2881 452 2943; x_wconf 88' lang='lat' dir='ltr'>vitia</span> <span class='ocrx_word' id='word_1_231' title='bbox 465 2882 610 2953; x_wconf 88' lang='lat' dir='ltr'>reditura,</span> <span class='ocrx_word' id='word_1_232' title='bbox 626 2898 706 2958; x_wconf 88' lang='lat' dir='ltr'>quae</span> <span class='ocrx_word' id='word_1_233' title='bbox 720 2897 801 2942; x_wconf 90' lang='lat' dir='ltr'>nunc</span> <span class='ocrx_word' id='word_1_234' title='bbox 815 2881 881 2942; x_wconf 91' lang='lat' dir='ltr'>scio</span> <span class='ocrx_word' id='word_1_235' title='bbox 897 2897 1031 2954; x_wconf 89' lang='lat' dir='ltr'>cessare,</span> <span class='ocrx_word' id='word_1_236' title='bbox 1048 2899 1110 2941; x_wconf 89' lang='lat' dir='ltr'>non</span> 
     </span>
     <span class='ocr_line' id='line_1_31' title="bbox 132 2965 1109 3040; baseline -0.001 -15"><span class='ocrx_word' id='word_1_237' title='bbox 132 2966 254 3025; x_wconf 90' lang='lat' dir='ltr'>deesse.</span> <span class='ocrx_word' id='word_1_238' title='bbox 289 2965 458 3040; x_wconf 88' lang='lat' dir='ltr'>Inpendam</span> <span class='ocrx_word' id='word_1_239' title='bbox 477 2965 549 3027; x_wconf 91' lang='lat' dir='ltr'>huic</span> <span class='ocrx_word' id='word_1_240' title='bbox 569 2967 615 3026; x_wconf 89' lang='lat' dir='ltr'>rei</span> <span class='ocrx_word' id='word_1_241' title='bbox 636 2966 703 3027; x_wconf 87' lang='lat' dir='ltr'>dias</span> <span class='ocrx_word' id='word_1_242' title='bbox 722 2972 751 3025; x_wconf 92' lang='lat' dir='ltr'>et</span> <span class='ocrx_word' id='word_1_243' title='bbox 765 2974 864 3027; x_wconf 88' lang='lat' dir='ltr'>utrum</span> <span class='ocrx_word' id='word_1_244' title='bbox 881 2965 981 3040; x_wconf 93' lang='lat' dir='ltr'>possit</span> <span class='ocrx_word' id='word_1_245' title='bbox 994 2966 1109 3040; x_wconf 87' lang='lat' dir='ltr'>aliquid</span> 
     </span>
    </p>

    <p class='ocr_par' dir='ltr' id='par_1_9' title="bbox 102 3048 1109 3546">
     <span class='ocr_line' id='line_1_32' title="bbox 102 3048 1108 3126; baseline -0.004 -12"><span class='ocrx_word' id='word_1_246' title='bbox 102 3049 234 3125; x_wconf 76' lang='lat' dir='ltr'>tagian</span> <span class='ocrx_word' id='word_1_247' title='bbox 253 3065 314 3109; x_wconf 89' lang='lat' dir='ltr'>non</span> <span class='ocrx_word' id='word_1_248' title='bbox 328 3050 444 3124; x_wconf 89' lang='lat' dir='ltr'>possit,</span> <span class='ocrx_word' id='word_1_249' title='bbox 472 3051 623 3126; x_wconf 87' lang='lat' dir='ltr'>experiar.</span> <span class='ocrx_word' id='word_1_250' title='bbox 651 3051 702 3111; x_wconf 91' lang='lat' dir='ltr'>Tu</span> <span class='ocrx_word' id='word_1_251' title='bbox 721 3048 834 3111; x_wconf 92' lang='lat' dir='ltr'>nobis</span> <span class='ocrx_word' id='word_1_252' title='bbox 857 3057 909 3122; x_wconf 92' lang='lat' dir='ltr'>te,</span> <span class='ocrx_word' id='word_1_253' title='bbox 937 3057 978 3112; x_wconf 94' lang='lat' dir='ltr'>ut</span> <span class='ocrx_word' id='word_1_254' title='bbox 1000 3050 1108 3121; x_wconf 89' lang='lat' dir='ltr'>lacis,</span> 
     </span>
     <span class='ocr_line' id='line_1_33' title="bbox 132 3132 1109 3209; baseline 0 -17"><span class='ocrx_word' id='word_1_255' title='bbox 132 3134 270 3194; x_wconf 83' lang='lat' dir='ltr'>sortem</span> <span class='ocrx_word' id='word_1_256' title='bbox 294 3142 453 3209; x_wconf 88' lang='lat' dir='ltr'>praesta</span> <span class='ocrx_word' id='word_1_257' title='bbox 473 3142 509 3195; x_wconf 88' lang='lat' dir='ltr'>et</span> <span class='ocrx_word' id='word_1_258' title='bbox 535 3133 717 3194; x_wconf 90' lang='lat' dir='ltr'>sarcinas</span> <span class='ocrx_word' id='word_1_259' title='bbox 739 3132 936 3196; x_wconf 81' lang='lat' dir='ltr'>contrahe.</span> <span class='ocrx_word' id='word_1_260' title='bbox 972 3132 1051 3192; x_wconf 90' lang='lat' dir='ltr'>Nihil</span> <span class='ocrx_word' id='word_1_261' title='bbox 1069 3148 1109 3192; x_wconf 88' lang='lat' dir='ltr'>ex</span> 
     </span>
     <span class='ocr_line' id='line_1_34' title="bbox 131 3215 1109 3293; baseline 0 -18"><span class='ocrx_word' id='word_1_262' title='bbox 131 3215 196 3292; x_wconf 89' lang='lat' dir='ltr'>his,</span> <span class='ocrx_word' id='word_1_263' title='bbox 217 3233 297 3293; x_wconf 86' lang='lat' dir='ltr'>quae</span> <span class='ocrx_word' id='word_1_264' title='bbox 311 3216 474 3292; x_wconf 84' lang='lat' dir='ltr'>habemus,</span> <span class='ocrx_word' id='word_1_265' title='bbox 499 3217 708 3279; x_wconf 88' lang='lat' dir='ltr'>necessarium</span> <span class='ocrx_word' id='word_1_266' title='bbox 725 3226 781 3279; x_wconf 90' lang='lat' dir='ltr'>est.</span> <span class='ocrx_word' id='word_1_267' title='bbox 814 3218 853 3277; x_wconf 90' lang='lat' dir='ltr'>ad</span> <span class='ocrx_word' id='word_1_268' title='bbox 868 3219 966 3292; x_wconf 79' lang='lat' dir='ltr'>legem</span> <span class='ocrx_word' id='word_1_269' title='bbox 982 3223 1109 3277; x_wconf 86' lang='lat' dir='ltr'>naturae</span> 
     </span>
     <span class='ocr_line' id='line_1_35' title="bbox 132 3301 1107 3377; baseline 0.001 -18"><span class='ocrx_word' id='word_1_270' title='bbox 132 3309 335 3362; x_wconf 79' lang='lat' dir='ltr'>revertamur:</span> <span class='ocrx_word' id='word_1_271' title='bbox 354 3301 476 3363; x_wconf 90' lang='lat' dir='ltr'>divitiae</span> <span class='ocrx_word' id='word_1_272' title='bbox 488 3308 614 3377; x_wconf 88' lang='lat' dir='ltr'>paratae</span> <span class='ocrx_word' id='word_1_273' title='bbox 626 3312 707 3364; x_wconf 88' lang='lat' dir='ltr'>sunt.</span> <span class='ocrx_word' id='word_1_274' title='bbox 730 3309 782 3362; x_wconf 90' lang='lat' dir='ltr'>aut</span> <span class='ocrx_word' id='word_1_275' title='bbox 794 3303 955 3376; x_wconf 83' lang='lat' dir='ltr'>gratuitum</span> <span class='ocrx_word' id='word_1_276' title='bbox 967 3307 1022 3375; x_wconf 93' lang='lat' dir='ltr'>est,</span> <span class='ocrx_word' id='word_1_277' title='bbox 1047 3317 1107 3375; x_wconf 91' lang='lat' dir='ltr'>quo</span> 
     </span>
     <span class='ocr_line' id='line_1_36' title="bbox 132 3383 1108 3462; baseline 0 -20"><span class='ocrx_word' id='word_1_278' title='bbox 132 3398 267 3458; x_wconf 81' lang='lat' dir='ltr'>egemus,</span> <span class='ocrx_word' id='word_1_279' title='bbox 284 3394 335 3446; x_wconf 92' lang='lat' dir='ltr'>aut</span> <span class='ocrx_word' id='word_1_280' title='bbox 349 3386 425 3447; x_wconf 82' lang='lat' dir='ltr'>vile:</span> <span class='ocrx_word' id='word_1_281' title='bbox 452 3401 561 3460; x_wconf 89' lang='lat' dir='ltr'>panem</span> <span class='ocrx_word' id='word_1_282' title='bbox 577 3392 607 3446; x_wconf 87' lang='lat' dir='ltr'>et</span> <span class='ocrx_word' id='word_1_283' title='bbox 621 3401 732 3462; x_wconf 88' lang='lat' dir='ltr'>aquam</span> <span class='ocrx_word' id='word_1_284' title='bbox 746 3394 854 3447; x_wconf 86' lang='lat' dir='ltr'>nutura</span> <span class='ocrx_word' id='word_1_285' title='bbox 868 3383 1032 3445; x_wconf 89' lang='lat' dir='ltr'>desiderat.</span> <span class='ocrx_word' id='word_1_286' title='bbox 1055 3399 1108 3443; x_wconf 93' lang='lat' dir='ltr'>ne·</span> 
     </span>
     <span class='ocr_line' id='line_1_37' title="bbox 132 3467 1108 3546; baseline 0.004 -23"><span class='ocrx_word' id='word_1_287' title='bbox 132 3479 181 3526; x_wconf 84' lang='lat' dir='ltr'>mo</span> <span class='ocrx_word' id='word_1_288' title='bbox 197 3469 238 3529; x_wconf 88' lang='lat' dir='ltr'>ad</span> <span class='ocrx_word' id='word_1_289' title='bbox 253 3468 330 3545; x_wconf 87' lang='lat' dir='ltr'>haec</span> <span class='ocrx_word' id='word_1_290' title='bbox 344 3486 462 3546; x_wconf 90' lang='lat' dir='ltr'>pauper</span> <span class='ocrx_word' id='word_1_291' title='bbox 476 3478 539 3543; x_wconf 93' lang='lat' dir='ltr'>est,</span> <span class='ocrx_word' id='word_1_292' title='bbox 560 3471 639 3530; x_wconf 89' lang='lat' dir='ltr'>intra</span> <span class='ocrx_word' id='word_1_293' title='bbox 660 3485 739 3545; x_wconf 86' lang='lat' dir='ltr'>quae</span> <span class='ocrx_word' id='word_1_294' title='bbox 758 3469 899 3546; x_wconf 88' lang='lat' dir='ltr'>quisquis</span> <span class='ocrx_word' id='word_1_295' title='bbox 922 3467 1108 3528; x_wconf 90' lang='lat' dir='ltr'>desiderium</span> 
     </span>
    </p>
   </div>
   <div class='ocr_carea' id='block_1_5' title="bbox 0 0 1238 3930">
    <p class='ocr_par' dir='ltr' id='par_1_10' title="bbox 0 0 1238 3930">
     <span class='ocr_line' id='line_1_38' title="bbox 0 0 1238 3930; baseline 0 1"><span class='ocrx_word' id='word_1_296' title='bbox 0 0 1238 3930; x_wconf 95' lang='lat' dir='ltr'> </span> 
     </span>
    </p>
   </div>
  </div>
 </body>
</html>
