2468 3930
220 223 389 286 urtsrttt.
403 224 498 287 MOR.
518 225 591 286 LIB.
605 226 672 286 XV.
694 226 752 286 ΕΡ.
764 235 789 287 2.
808 232 879 302 (94.)
974 230 1036 293 291

62 377 144 454 quit,
163 377 258 438 falsas
274 377 436 451 opiniones
452 376 594 437 debonis
610 383 641 436 et
653 374 757 452 malis,
775 378 805 437 in
821 379 923 440 locum
937 387 1039 443 aulem

60 478 167 523 earum
187 476 277 520 veras
297 475 430 536 repensa
460 467 490 521 et
510 459 583 520 nihil
603 460 727 522 habebit
747 462 928 538 admonitio,
955 466 1039 540 quod

60 549 162 621 agate
185 541 349 605 Ordinatur
363 543 431 604 sine
449 544 542 606 dubio
557 545 615 605 ista
626 543 743 605 ratione
754 547 889 621 animus,
905 549 961 607 sed
977 566 1037 610 non

60 629 120 691 ista
133 635 257 688 tantum.
278 643 348 688 nam
363 628 503 703 quamvis
518 630 704 702 argumentis
719 629 881 692 collectum
896 630 944 705 sit,
959 649 1040 707 quae

61 710 144 775 bona
159 713 302 786 malaque
317 711 393 786 sint,
416 711 610 772 nihilominus
626 711 740 771 habent
756 721 922 788 praecepta
936 725 1039 790 partes

61 812 145 860 suas.
165 803 196 855 et
209 795 370 869 prudentia
386 801 417 855 et
429 796 543 856 iustitia
557 795 667 855 olliciis
683 803 818 858 constan
834 797 936 858 oifioia
950 816 1039 874 prae-

60 879 158 955 ceptis
180 879 393 954 disponuntur.
421 878 583 939 Praeterea
604 879 707 954 ipsum
730 880 769 938 de
783 880 871 940 malis
886 880 1082 958 bonisqueao

59 963 203 1025 iudicium
229 963 427 1022 confirmatur
450 962 621 1024 officiorum
647 964 860 1036 exsecutione,
887 965 1039 1041 adquam

59 1054 226 1124 praecepta
240 1046 420 1121 perducunt.
444 1053 574 1120 utraque
591 1046 671 1107 enim
687 1046 765 1106 inter
780 1062 815 1106 se
831 1050 1039 1110 consentiunt:

59 1146 118 1191 nec
141 1131 192 1191 illa
211 1138 344 1205 possunt
365 1130 567 1204 praeoedere,
590 1136 624 1190 ut
641 1145 704 1189 non
718 1129 795 1190 haec
811 1139 993 1207 sequantur,
1010 1141 1041 1193 et

58 1215 136 1275 haec
156 1215 293 1275 ordinem
315 1220 485 1289 sequuntur
503 1230 602 1274 suum.
633 1214 716 1274 unde
736 1215 865 1288 adparet
879 1214 931 1275 illa
952 1232 1039 1292 prae·

59 1298 180 1360 cedere.
213 1298 374 1372 „Infinita,
394 1296 508 1372 inquit,
531 1303 697 1372 praecepta
711 1301 813 1359 sunt.“
844 1298 969 1360 Falsum
983 1303 1082 1361 estat

60 1393 129 1450 iam
145 1382 185 1442 de
205 1381 345 1442 maximis
367 1398 403 1442 oc
423 1381 609 1442 necessariis
630 1381 722 1442 rebus
740 1398 802 1443 non
823 1390 895 1443 sunt
914 1382 1040 1444 infinita.

60 1473 168 1528 tenues
184 1473 283 1527 autern
300 1465 489 1526 differentias
503 1465 635 1539 habent,
656 1481 734 1540 quas
750 1466 876 1540 exigunt
891 1472 1040 1542 tempora,

62 1552 144 1623 loon,
161 1565 325 1626 personae.
355 1550 413 1610 sed
429 1549 477 1610 his
500 1565 626 1624 quoque
640 1549 752 1611 dantur
765 1557 932 1626 praecepta
946 1567 1040 1626 gene·

58 1636 143 1695 ralia.
182 1634 317 1709 „Nemo,
339 1633 449 1708 inquit,
472 1634 645 1709 praeceptis
668 1643 753 1695 curat
773 1635 938 1695 insaniam=
967 1639 1083 1711 ergodli

58 1734 99 1778 ne
122 1717 264 1779 malitiam
291 1718 446 1794 quidem.“
476 1717 629 1778 Dissimile
654 1726 710 1779 est.
740 1734 809 1778 nam
836 1719 863 1779 si
888 1719 1039 1780 insaniam

60 1803 233 1876 sustuleris,
261 1802 376 1862 sanitas
399 1801 600 1862 reddituoso
633 1802 661 1862 si
681 1802 776 1862 falsas
797 1801 960 1878 opiniones
986 1820 1039 1864 ex·

61 1886 222 1959 clusimus,
252 1902 315 1946 non
345 1887 445 1947 statim
476 1887 614 1961 sequitur
636 1885 795 1961 dispectus
821 1903 924 1948 rerum
946 1903 1041 1963 agen·

61 1970 183 2031 darum:
210 1976 243 2031 ut
262 1978 422 2044 sequatur,
445 1977 545 2030 tumen
568 1969 735 2031 admonitio
756 1971 974 2033 conroborabit
992 1988 1040 2032 re·

62 2061 140 2116 clam
165 2054 317 2114 debonis
345 2054 496 2128 malisque
515 2055 703 2115 sententiam.
739 2054 818 2114 Illud
841 2071 966 2131 quoque
987 2057 1040 2115 lal-

62 2154 128 2199 sum
151 2144 213 2211 est,
234 2137 308 2199 nihil
332 2137 416 2214 apud
436 2137 563 2199 insanos
588 2138 740 2212 proficere
760 2146 937 2214 praecepta.
971 2155 1042 2200 narn

61 2222 320 2298 quemadmodum
342 2225 410 2284 sola
426 2238 488 2282 non
511 2229 654 2296 prosunt,
681 2223 727 2281 sic
747 2222 934 2282 curationem
956 2223 1041 2283 adiu·

60 2311 143 2366 vent
166 2314 198 2368 et
212 2306 401 2368 denuntiatio
417 2313 447 2367 et
461 2305 619 2379 castigatio
634 2305 762 2366 insanos
779 2306 924 2366 coercuit.
947 2305 992 2366 De
1007 2306 1041 2364 il·

61 2390 100 2450 lis
113 2405 195 2451 nunc
209 2390 327 2450 insanis
341 2393 468 2466 loquor,
487 2388 599 2465 quibus
614 2404 701 2449 mens
717 2395 800 2448 mota
814 2394 877 2462 est,
893 2404 955 2447 non
974 2402 1039 2448 ere·

62 2482 124 2549 pta.
147 2473 282 2549 „Legem
297 2474 409 2551 inquit,
425 2482 458 2534 ut
468 2474 633 2548 iaciamus,
649 2472 736 2548 quod
747 2479 884 2546 oportet,
901 2487 963 2532 non
977 2471 1041 2531 elli·
1049 2470 1083 2526 37

64 2558 161 2619 oiunt=
182 2566 214 2620 et
230 2559 305 2634 quid
321 2558 404 2619 aliud
419 2564 491 2617 sunt
507 2573 599 2633 quam
614 2555 705 2618 minis
720 2557 814 2617 mixta
830 2558 1043 2632 praeceptam

63 2642 196 2703 Primum
216 2643 350 2703 omnium
372 2641 412 2702 ob
433 2641 493 2701 hoo
510 2642 581 2704 illae
597 2657 658 2703 non
676 2641 877 2717 persuadent,
902 2641 976 2715 quia
988 2639 1042 2701 mi·

64 2732 190 2800 namur,
217 2732 248 2787 at
264 2727 341 2787 haee
355 2741 418 2786 non
432 2732 562 2800 cogunt,
585 2726 643 2786 sed
657 2732 795 2787 exorant.
826 2725 943 2786 Deinde
958 2725 1043 2800 leges

64 2811 222 2871 ascelere
245 2811 412 2871 deterrent:
445 2817 612 2886 praecepto
630 2810 661 2868 in
684 2810 820 2871 ollicium
836 2810 1043 2870 adhortantur.

63 2893 119 2954 His
134 2894 237 2970 adice,
254 2894 339 2970 quod
352 2895 438 2967 leges
455 2909 578 2969 quoque
590 2892 754 2970 proficiunt
765 2894 805 2953 ad
819 2894 920 2953 bonos
932 2908 1044 2964 mores,

64 2978 170 3054 utique
195 2978 222 3037 si
243 2995 305 3040 non
325 2983 441 3038 tantum
462 2977 626 3053 imperant,
647 2977 704 3038 sed
727 2977 850 3038 docent.
882 2978 917 3036 ln
937 2976 996 3035 hac
1011 2989 1087 3046 regg

65 3061 215 3123 dissentio
232 3079 250 3122 a
264 3061 448 3133 Posidonio,
465 3061 517 3137 qui
533 3078 589 3137 pro
605 3077 660 3136 eo,
675 3062 760 3136 quod
774 3061 909 3121 Platonis
925 3058 1045 3132 legibus

65 3144 185 3207 adiecta
205 3146 356 3222 principia
378 3151 464 3205 sunt:
486 3145 623 3220 „Legem
647 3145 760 3219 [enim,
784 3147 904 3219 lnquit]
919 3142 1047 3202 brevem
1150 3211 1152 3216 Ι

66 3245 137 3291 esse
163 3238 300 3305 oportet,
327 3246 388 3306 quo
413 3227 534 3290 facilius
560 3230 598 3290 ab
624 3228 762 3304 inperitis
785 3232 933 3287 teneatur.
962 3225 1048 3285 velut

66 3313 179 3375 emissa
199 3314 345 3375 divinitus
369 3329 430 3374 vox
451 3313 506 3373 sit:
526 3312 644 3385 iubeat,
665 3328 727 3371 non
742 3309 886 3386 disputet.
914 3307 989 3370 nihil
1002 3305 1047 3367 viv

67 3397 155 3459 detur
176 3396 249 3459 mihi
269 3397 425 3474 trigidius,
449 3395 523 3458 nihil
545 3396 677 3472 ineptius
694 3410 786 3470 quam
802 3396 851 3455 lex
867 3398 960 3469 [oum]
976 3407 1047 3470 pro·

65 3483 244 3558 legumene=
270 3482 335 3557 dic,
362 3481 436 3559 quid
456 3496 504 3542 me
525 3482 602 3543 velis
623 3480 753 3541 fecisses
780 3496 842 3540 nou
864 3479 968 3607 disco,
990 3475 1046 3541 sed
