<?xml version="1.0" encoding="UTF-8"?>
<!DOCTYPE html PUBLIC "-//W3C//DTD XHTML 1.0 Transitional//EN"
    "http://www.w3.org/TR/xhtml1/DTD/xhtml1-transitional.dtd">
<html xmlns="http://www.w3.org/1999/xhtml" xml:lang="en" lang="en">
 <head>
  <title>
</title>
<meta http-equiv="Content-Type" content="text/html;charset=utf-8" />
  <meta name='ocr-system' content='tesseract 3.04.00' />
  <meta name='ocr-capabilities' content='ocr_page ocr_carea ocr_par ocr_line ocrx_word'/>
</head>
<body>
  <div class='ocr_page' id='page_1' title='image "./lannaeisenecaeo00haasgoog_0485.png"; bbox 0 0 2468 3930; ppageno 0'>
   <div class='ocr_carea' id='block_1_1' title="bbox 178 232 850 297">
    <p class='ocr_par' dir='ltr' id='par_1_1' title="bbox 178 232 850 297">
     <span class='ocr_line' id='line_1_1' title="bbox 178 232 850 297; baseline -0.01 0"><span class='ocrx_word' id='word_1_1' title='bbox 178 232 241 297; x_wconf 75' lang='lat'>452</span> <span class='ocrx_word' id='word_1_2' title='bbox 482 237 511 291; x_wconf 88' lang='lat' dir='ltr'>L.</span> <span class='ocrx_word' id='word_1_3' title='bbox 529 233 667 292; x_wconf 79' lang='lat' dir='ltr'><strong>ANNAEI</strong></span> <span class='ocrx_word' id='word_1_4' title='bbox 686 232 850 292; x_wconf 80' lang='lat' dir='ltr'><strong>SENECAE</strong></span> 
     </span>
    </p>
   </div>
   <div class='ocr_carea' id='block_1_2' title="bbox 145 383 1157 626">
    <p class='ocr_par' dir='ltr' id='par_1_2' title="bbox 145 383 1157 626">
     <span class='ocr_line' id='line_1_2' title="bbox 145 383 1157 461; baseline -0.002 -17"><span class='ocrx_word' id='word_1_5' title='bbox 145 398 162 450; x_wconf 83' lang='lat'><strong>5</strong></span> <span class='ocrx_word' id='word_1_6' title='bbox 259 387 414 444; x_wconf 82' lang='lat' dir='ltr'><strong>ADDITIO.</strong></span> <span class='ocrx_word' id='word_1_7' title='bbox 436 387 614 458; x_wconf 74' lang='lat' dir='ltr'>„Paupertas</span> <span class='ocrx_word' id='word_1_8' title='bbox 631 401 724 440; x_wconf 89' lang='lat' dir='ltr'>meum</span> <span class='ocrx_word' id='word_1_9' title='bbox 739 387 824 461; x_wconf 88' lang='lat' dir='ltr'>limen</span> <span class='ocrx_word' id='word_1_10' title='bbox 836 385 976 442; x_wconf 89' lang='lat' dir='ltr'>obsidet.“</span> <span class='ocrx_word' id='word_1_11' title='bbox 1004 383 1068 442; x_wconf 92' lang='lat' dir='ltr'>Non</span> <span class='ocrx_word' id='word_1_12' title='bbox 1082 387 1157 442; x_wconf 88' lang='lat' dir='ltr'>obsi·</span> 
     </span>
     <span class='ocr_line' id='line_1_3' title="bbox 223 468 1157 541; baseline -0.002 -13"><span class='ocrx_word' id='word_1_13' title='bbox 223 473 285 541; x_wconf 88' lang='lat' dir='ltr'>det,</span> <span class='ocrx_word' id='word_1_14' title='bbox 298 471 350 527; x_wconf 86' lang='lat' dir='ltr'>sed</span> <span class='ocrx_word' id='word_1_15' title='bbox 361 469 490 526; x_wconf 80' lang='lat' dir='ltr'><strong>custodit.</strong></span> <span class='ocrx_word' id='word_1_16' title='bbox 512 471 583 526; x_wconf 88' lang='lat' dir='ltr'>ultro</span> <span class='ocrx_word' id='word_1_17' title='bbox 594 469 633 524; x_wconf 93' lang='lat' dir='ltr'>illi</span> <span class='ocrx_word' id='word_1_18' title='bbox 643 473 673 530; x_wconf 88' lang='lat' dir='ltr'>ut</span> <span class='ocrx_word' id='word_1_19' title='bbox 683 485 815 525; x_wconf 88' lang='lat' dir='ltr'>occurras</span> <span class='ocrx_word' id='word_1_20' title='bbox 827 470 943 526; x_wconf 89' lang='lat' dir='ltr'>consulo</span> <span class='ocrx_word' id='word_1_21' title='bbox 955 468 1094 526; x_wconf 80' lang='lat' dir='ltr'>venienti:</span> <span class='ocrx_word' id='word_1_22' title='bbox 1107 472 1157 526; x_wconf 92' lang='lat' dir='ltr'>mi-</span> 
     </span>
     <span class='ocr_line' id='line_1_4' title="bbox 221 552 965 626; baseline -0.003 -16"><span class='ocrx_word' id='word_1_23' title='bbox 221 555 296 610; x_wconf 91' lang='lat' dir='ltr'>nime</span> <span class='ocrx_word' id='word_1_24' title='bbox 308 560 472 626; x_wconf 86' lang='lat' dir='ltr'>sumptuosa</span> <span class='ocrx_word' id='word_1_25' title='bbox 488 559 514 608; x_wconf 90' lang='lat' dir='ltr'>et</span> <span class='ocrx_word' id='word_1_26' title='bbox 526 569 626 609; x_wconf 92' lang='lat' dir='ltr'>secura</span> <span class='ocrx_word' id='word_1_27' title='bbox 640 557 667 608; x_wconf 90' lang='lat' dir='ltr'>et</span> <span class='ocrx_word' id='word_1_28' title='bbox 681 554 769 608; x_wconf 89' lang='lat' dir='ltr'>facilis</span> <span class='ocrx_word' id='word_1_29' title='bbox 783 552 890 626; x_wconf 86' lang='lat' dir='ltr'>hospes</span> <span class='ocrx_word' id='word_1_30' title='bbox 905 553 965 608; x_wconf 86' lang='lat' dir='ltr'>erit</span> 
     </span>
    </p>
   </div>
   <div class='ocr_carea' id='block_1_3' title="bbox 150 651 1156 1983">
    <p class='ocr_par' dir='ltr' id='par_1_3' title="bbox 150 651 1156 1146">
     <span class='ocr_line' id='line_1_5' title="bbox 150 651 1155 724; baseline 0 -16"><span class='ocrx_word' id='word_1_31' title='bbox 150 667 168 723; x_wconf 67' lang='grc' dir='ltr'><strong>ο</strong></span> <span class='ocrx_word' id='word_1_32' title='bbox 264 654 408 724; x_wconf 87' lang='lat' dir='ltr'>„Domum</span> <span class='ocrx_word' id='word_1_33' title='bbox 417 667 509 708; x_wconf 84' lang='lat' dir='ltr'>meam</span> <span class='ocrx_word' id='word_1_34' title='bbox 520 657 671 724; x_wconf 77' lang='lat' dir='ltr'>paupertas</span> <span class='ocrx_word' id='word_1_35' title='bbox 681 652 807 724; x_wconf 89' lang='lat' dir='ltr'>irrupit.“</span> <span class='ocrx_word' id='word_1_36' title='bbox 820 651 969 710; x_wconf 84' lang='lat' dir='ltr'>Adversus</span> <span class='ocrx_word' id='word_1_37' title='bbox 981 652 1058 707; x_wconf 90' lang='lat' dir='ltr'>fures</span> <span class='ocrx_word' id='word_1_38' title='bbox 1070 657 1097 708; x_wconf 94' lang='lat' dir='ltr'>et</span> <span class='ocrx_word' id='word_1_39' title='bbox 1107 669 1155 724; x_wconf 91' lang='lat' dir='ltr'>pe-</span> 
     </span>
     <span class='ocr_line' id='line_1_6' title="bbox 219 734 1156 810; baseline -0.002 -17"><span class='ocrx_word' id='word_1_40' title='bbox 219 739 297 810; x_wconf 86' lang='lat' dir='ltr'>jores</span> <span class='ocrx_word' id='word_1_41' title='bbox 314 737 420 792; x_wconf 85' lang='lat' dir='ltr'>furibus</span> <span class='ocrx_word' id='word_1_42' title='bbox 432 738 589 807; x_wconf 87' lang='lat' dir='ltr'>voluptates</span> <span class='ocrx_word' id='word_1_43' title='bbox 605 735 727 807; x_wconf 72' lang='lat' dir='ltr'>pervigil</span> <span class='ocrx_word' id='word_1_44' title='bbox 738 736 907 807; x_wconf 87' lang='lat' dir='ltr'>excubitrix,</span> <span class='ocrx_word' id='word_1_45' title='bbox 925 734 1065 793; x_wconf 87' lang='lat' dir='ltr'>adversus</span> <span class='ocrx_word' id='word_1_46' title='bbox 1078 737 1156 808; x_wconf 84' lang='lat' dir='ltr'>vulgi</span> 
     </span>
     <span class='ocr_line' id='line_1_7' title="bbox 221 818 1156 891; baseline -0.003 -14"><span class='ocrx_word' id='word_1_47' title='bbox 221 836 332 878; x_wconf 88' lang='lat' dir='ltr'>morsus</span> <span class='ocrx_word' id='word_1_48' title='bbox 351 825 379 888; x_wconf 81' lang='lat' dir='ltr'>et</span> <span class='ocrx_word' id='word_1_49' title='bbox 397 820 504 876; x_wconf 89' lang='lat' dir='ltr'>insulsa</span> <span class='ocrx_word' id='word_1_50' title='bbox 519 819 623 875; x_wconf 89' lang='lat' dir='ltr'>iudicia</span> <span class='ocrx_word' id='word_1_51' title='bbox 642 824 724 891; x_wconf 86' lang='lat' dir='ltr'>atque</span> <span class='ocrx_word' id='word_1_52' title='bbox 736 819 871 877; x_wconf 87' lang='lat' dir='ltr'>avaritiae</span> <span class='ocrx_word' id='word_1_53' title='bbox 889 835 941 875; x_wconf 90' lang='lat' dir='ltr'>seu</span> <span class='ocrx_word' id='word_1_54' title='bbox 951 818 1156 891; x_wconf 72' lang='lat' dir='ltr'>prodigalitatis</span> 
     </span>
     <span class='ocr_line' id='line_1_8' title="bbox 221 900 1155 975; baseline -0.002 -15"><span class='ocrx_word' id='word_1_55' title='bbox 221 904 378 975; x_wconf 75' lang='lat' dir='ltr'><strong>infamiam,</strong></span> <span class='ocrx_word' id='word_1_56' title='bbox 395 918 467 974; x_wconf 84' lang='lat' dir='ltr'>quac</span> <span class='ocrx_word' id='word_1_57' title='bbox 482 918 547 958; x_wconf 90' lang='lat' dir='ltr'>raro</span> <span class='ocrx_word' id='word_1_58' title='bbox 565 903 629 959; x_wconf 89' lang='lat' dir='ltr'>alibi</span> <span class='ocrx_word' id='word_1_59' title='bbox 642 917 725 973; x_wconf 86' lang='lat' dir='ltr'>quam</span> <span class='ocrx_word' id='word_1_60' title='bbox 739 902 908 975; x_wconf 89' lang='lat' dir='ltr'>locupletum</span> <span class='ocrx_word' id='word_1_61' title='bbox 927 902 1007 959; x_wconf 87' lang='lat' dir='ltr'>sedet</span> <span class='ocrx_word' id='word_1_62' title='bbox 1023 900 1051 957; x_wconf 90' lang='lat' dir='ltr'>in</span> <span class='ocrx_word' id='word_1_63' title='bbox 1063 903 1155 959; x_wconf 89' lang='lat' dir='ltr'>limine</span> 
     </span>
     <span class='ocr_line' id='line_1_9' title="bbox 220 984 1156 1063; baseline -0.003 -19"><span class='ocrx_word' id='word_1_64' title='bbox 220 1017 264 1029; x_wconf 92' lang='lat'>—</span> <span class='ocrx_word' id='word_1_65' title='bbox 277 990 311 1044; x_wconf 87' lang='lat' dir='ltr'>ab</span> <span class='ocrx_word' id='word_1_66' title='bbox 329 987 373 1042; x_wconf 91' lang='lat' dir='ltr'>his</span> <span class='ocrx_word' id='word_1_67' title='bbox 391 988 470 1043; x_wconf 89' lang='lat' dir='ltr'>malis</span> <span class='ocrx_word' id='word_1_68' title='bbox 489 987 564 1041; x_wconf 92' lang='lat' dir='ltr'>nullo</span> <span class='ocrx_word' id='word_1_69' title='bbox 583 986 682 1041; x_wconf 87' lang='lat' dir='ltr'>melius</span> <span class='ocrx_word' id='word_1_70' title='bbox 694 986 827 1042; x_wconf 87' lang='lat' dir='ltr'>custodiri</span> <span class='ocrx_word' id='word_1_71' title='bbox 840 984 977 1063; x_wconf 81' lang='lat' dir='ltr'>[inJgenio</span> <span class='ocrx_word' id='word_1_72' title='bbox 992 985 1093 1042; x_wconf 91' lang='lat' dir='ltr'>domus</span> <span class='ocrx_word' id='word_1_73' title='bbox 1109 992 1156 1042; x_wconf 90' lang='lat' dir='ltr'>tua</span> 
     </span>
     <span class='ocr_line' id='line_1_10' title="bbox 220 1069 833 1146; baseline -0.007 -17"><span class='ocrx_word' id='word_1_74' title='bbox 220 1072 323 1146; x_wconf 74' lang='lat' dir='ltr'>poterit</span> <span class='ocrx_word' id='word_1_75' title='bbox 338 1087 422 1142; x_wconf 91' lang='lat' dir='ltr'>quam</span> <span class='ocrx_word' id='word_1_76' title='bbox 433 1072 509 1127; x_wconf 91' lang='lat' dir='ltr'>illam</span> <span class='ocrx_word' id='word_1_77' title='bbox 521 1069 658 1126; x_wconf 82' lang='lat' dir='ltr'><strong>custodiet</strong></span> <span class='ocrx_word' id='word_1_78' title='bbox 673 1076 833 1142; x_wconf 79' lang='lat' dir='ltr'>paupertas.</span> 
     </span>
    </p>

    <p class='ocr_par' dir='ltr' id='par_1_4' title="bbox 220 1152 1155 1479">
     <span class='ocr_line' id='line_1_11' title="bbox 264 1152 1155 1228; baseline -0.004 -16"><span class='ocrx_word' id='word_1_79' title='bbox 264 1154 367 1228; x_wconf 87' lang='lat' dir='ltr'>„Opes</span> <span class='ocrx_word' id='word_1_80' title='bbox 379 1160 492 1210; x_wconf 75' lang='lat' dir='ltr'>emotas</span> <span class='ocrx_word' id='word_1_81' title='bbox 506 1159 570 1209; x_wconf 84' lang='lat' dir='ltr'>trux</span> <span class='ocrx_word' id='word_1_82' title='bbox 581 1154 690 1209; x_wconf 81' lang='lat' dir='ltr'>fortuna</span> <span class='ocrx_word' id='word_1_83' title='bbox 705 1153 886 1226; x_wconf 84' lang='lat' dir='ltr'>praeripuit⁴‘</span> <span class='ocrx_word' id='word_1_84' title='bbox 908 1152 971 1211; x_wconf 85' lang='lat' dir='ltr'>Non</span> <span class='ocrx_word' id='word_1_85' title='bbox 980 1152 1030 1209; x_wconf 91' lang='lat' dir='ltr'>tibi</span> <span class='ocrx_word' id='word_1_86' title='bbox 1039 1153 1104 1209; x_wconf 88' lang='lat' dir='ltr'>fecit</span> <span class='ocrx_word' id='word_1_87' title='bbox 1114 1153 1155 1209; x_wconf 93' lang='lat' dir='ltr'>in·</span> 
     </span>
     <span class='ocr_line' id='line_1_12' title="bbox 220 1234 1155 1309; baseline -0.004 -14"><span class='ocrx_word' id='word_1_88' title='bbox 220 1239 334 1296; x_wconf 80' lang='lat' dir='ltr'>iuriam=</span> <span class='ocrx_word' id='word_1_89' title='bbox 346 1255 428 1294; x_wconf 91' lang='lat' dir='ltr'>suum</span> <span class='ocrx_word' id='word_1_90' title='bbox 437 1239 504 1293; x_wconf 89' lang='lat' dir='ltr'>tulit.</span> <span class='ocrx_word' id='word_1_91' title='bbox 532 1234 591 1294; x_wconf 85' lang='lat' dir='ltr'>Sed</span> <span class='ocrx_word' id='word_1_92' title='bbox 602 1242 684 1293; x_wconf 86' lang='lat' dir='ltr'>vetus</span> <span class='ocrx_word' id='word_1_93' title='bbox 702 1242 730 1292; x_wconf 91' lang='lat' dir='ltr'>et</span> <span class='ocrx_word' id='word_1_94' title='bbox 746 1243 812 1294; x_wconf 88' lang='lat' dir='ltr'>nota</span> <span class='ocrx_word' id='word_1_95' title='bbox 828 1236 901 1294; x_wconf 87' lang='lat' dir='ltr'>haec</span> <span class='ocrx_word' id='word_1_96' title='bbox 911 1235 1080 1309; x_wconf 75' lang='lat' dir='ltr'>ingratitudo</span> <span class='ocrx_word' id='word_1_97' title='bbox 1098 1244 1155 1292; x_wconf 74' lang='lat' dir='ltr'>est:</span> 
     </span>
     <span class='ocr_line' id='line_1_13' title="bbox 222 1319 1155 1394; baseline -0.002 -15"><span class='ocrx_word' id='word_1_98' title='bbox 222 1322 279 1379; x_wconf 91' lang='lat' dir='ltr'>dati</span> <span class='ocrx_word' id='word_1_99' title='bbox 290 1322 467 1378; x_wconf 86' lang='lat' dir='ltr'>immemores</span> <span class='ocrx_word' id='word_1_100' title='bbox 478 1319 639 1377; x_wconf 86' lang='lat' dir='ltr'>meministis</span> <span class='ocrx_word' id='word_1_101' title='bbox 652 1321 744 1376; x_wconf 87' lang='lat' dir='ltr'>ablati.</span> <span class='ocrx_word' id='word_1_102' title='bbox 765 1320 857 1392; x_wconf 88' lang='lat' dir='ltr'>itaque</span> <span class='ocrx_word' id='word_1_103' title='bbox 869 1337 951 1377; x_wconf 86' lang='lat' dir='ltr'>rarae</span> <span class='ocrx_word' id='word_1_104' title='bbox 962 1326 1046 1393; x_wconf 89' lang='lat' dir='ltr'>atqua</span> <span class='ocrx_word' id='word_1_105' title='bbox 1057 1325 1155 1394; x_wconf 88' lang='lat' dir='ltr'>tepen-</span> 
     </span>
     <span class='ocr_line' id='line_1_14' title="bbox 221 1403 941 1479; baseline -0.004 -17"><span class='ocrx_word' id='word_1_106' title='bbox 221 1411 264 1462; x_wconf 89' lang='lat' dir='ltr'>tes</span> <span class='ocrx_word' id='word_1_107' title='bbox 276 1405 399 1479; x_wconf 85' lang='lat' dir='ltr'>gratiae,</span> <span class='ocrx_word' id='word_1_108' title='bbox 411 1406 528 1461; x_wconf 82' lang='lat' dir='ltr'>crebrae</span> <span class='ocrx_word' id='word_1_109' title='bbox 541 1420 574 1460; x_wconf 89' lang='lat' dir='ltr'>ac</span> <span class='ocrx_word' id='word_1_110' title='bbox 585 1403 713 1461; x_wconf 82' lang='lat' dir='ltr'>fervidae</span> <span class='ocrx_word' id='word_1_111' title='bbox 724 1409 788 1459; x_wconf 91' lang='lat' dir='ltr'>sunt</span> <span class='ocrx_word' id='word_1_112' title='bbox 799 1405 941 1476; x_wconf 86' lang='lat' dir='ltr'>querelae.</span> 
     </span>
    </p>

    <p class='ocr_par' dir='ltr' id='par_1_5' title="bbox 220 1487 1155 1983">
     <span class='ocr_line' id='line_1_15' title="bbox 264 1487 1154 1562; baseline -0.002 -18"><span class='ocrx_word' id='word_1_113' title='bbox 264 1489 402 1562; x_wconf 91' lang='lat' dir='ltr'>„Victum</span> <span class='ocrx_word' id='word_1_114' title='bbox 420 1489 606 1559; x_wconf 85' lang='lat' dir='ltr'>vestitumque</span> <span class='ocrx_word' id='word_1_115' title='bbox 625 1489 816 1544; x_wconf 83' lang='lat' dir='ltr'>necessarium</span> <span class='ocrx_word' id='word_1_116' title='bbox 830 1504 926 1545; x_wconf 89' lang='lat' dir='ltr'>amara</span> <span class='ocrx_word' id='word_1_117' title='bbox 937 1503 1000 1543; x_wconf 88' lang='lat' dir='ltr'>sors</span> <span class='ocrx_word' id='word_1_118' title='bbox 1011 1487 1154 1560; x_wconf 75' lang='lat' dir='ltr'>negavit.“</span> 
     </span>
     <span class='ocr_line' id='line_1_16' title="bbox 221 1571 1155 1645; baseline -0.003 -16"><span class='ocrx_word' id='word_1_119' title='bbox 221 1573 343 1630; x_wconf 81' lang='lat' dir='ltr'>Aliunde</span> <span class='ocrx_word' id='word_1_120' title='bbox 355 1573 521 1645; x_wconf 81' lang='lat' dir='ltr'>petendum:</span> <span class='ocrx_word' id='word_1_121' title='bbox 538 1571 627 1630; x_wconf 91' lang='lat' dir='ltr'>virtus</span> <span class='ocrx_word' id='word_1_122' title='bbox 639 1571 780 1630; x_wconf 86' lang='lat' dir='ltr'>liberalior</span> <span class='ocrx_word' id='word_1_123' title='bbox 795 1587 879 1643; x_wconf 89' lang='lat' dir='ltr'>quam</span> <span class='ocrx_word' id='word_1_124' title='bbox 895 1573 1006 1628; x_wconf 89' lang='lat' dir='ltr'>fortuna</span> <span class='ocrx_word' id='word_1_125' title='bbox 1018 1577 1069 1628; x_wconf 87' lang='lat' dir='ltr'>est.</span> <span class='ocrx_word' id='word_1_126' title='bbox 1088 1571 1155 1626; x_wconf 76' lang='lat' dir='ltr'>nihil</span> 
     </span>
     <span class='ocr_line' id='line_1_17' title="bbox 222 1654 1155 1728; baseline -0.002 -16"><span class='ocrx_word' id='word_1_127' title='bbox 222 1662 307 1728; x_wconf 79' lang='lat' dir='ltr'>negat</span> <span class='ocrx_word' id='word_1_128' title='bbox 323 1657 376 1711; x_wconf 89' lang='lat' dir='ltr'>nisi</span> <span class='ocrx_word' id='word_1_129' title='bbox 390 1657 466 1728; x_wconf 89' lang='lat' dir='ltr'>quod</span> <span class='ocrx_word' id='word_1_130' title='bbox 484 1661 511 1711; x_wconf 92' lang='lat' dir='ltr'>et</span> <span class='ocrx_word' id='word_1_131' title='bbox 524 1655 694 1728; x_wconf 89' lang='lat' dir='ltr'>promissum</span> <span class='ocrx_word' id='word_1_132' title='bbox 708 1661 808 1712; x_wconf 88' lang='lat' dir='ltr'>noceat</span> <span class='ocrx_word' id='word_1_133' title='bbox 823 1660 850 1712; x_wconf 90' lang='lat' dir='ltr'>et</span> <span class='ocrx_word' id='word_1_134' title='bbox 859 1661 993 1728; x_wconf 76' lang='lat' dir='ltr'>negatum</span> <span class='ocrx_word' id='word_1_135' title='bbox 1003 1654 1101 1728; x_wconf 85' lang='lat' dir='ltr'>prosit</span> <span class='ocrx_word' id='word_1_136' title='bbox 1114 1655 1155 1711; x_wconf 90' lang='lat' dir='ltr'>ni-</span> 
     </span>
     <span class='ocr_line' id='line_1_18' title="bbox 220 1737 1153 1812; baseline 0.002 -16"><span class='ocrx_word' id='word_1_137' title='bbox 220 1739 260 1796; x_wconf 92' lang='lat' dir='ltr'>hil</span> <span class='ocrx_word' id='word_1_138' title='bbox 278 1739 359 1812; x_wconf 90' lang='lat' dir='ltr'>eripit</span> <span class='ocrx_word' id='word_1_139' title='bbox 372 1739 426 1794; x_wconf 89' lang='lat' dir='ltr'>nisi</span> <span class='ocrx_word' id='word_1_140' title='bbox 440 1738 516 1810; x_wconf 90' lang='lat' dir='ltr'>quod</span> <span class='ocrx_word' id='word_1_141' title='bbox 532 1737 666 1794; x_wconf 84' lang='lat' dir='ltr'>habuisse</span> <span class='ocrx_word' id='word_1_142' title='bbox 683 1739 865 1810; x_wconf 89' lang='lat' dir='ltr'>damnosum,</span> <span class='ocrx_word' id='word_1_143' title='bbox 885 1739 1014 1796; x_wconf 84' lang='lat' dir='ltr'>amisisse</span> <span class='ocrx_word' id='word_1_144' title='bbox 1032 1739 1097 1795; x_wconf 90' lang='lat' dir='ltr'>utile</span> <span class='ocrx_word' id='word_1_145' title='bbox 1111 1739 1153 1798; x_wconf 89' lang='lat' dir='ltr'>sit.</span> 
     </span>
     <span class='ocr_line' id='line_1_19' title="bbox 222 1820 1153 1895; baseline -0.002 -17"><span class='ocrx_word' id='word_1_146' title='bbox 222 1838 278 1878; x_wconf 92' lang='lat' dir='ltr'>non</span> <span class='ocrx_word' id='word_1_147' title='bbox 293 1820 400 1892; x_wconf 87' lang='lat' dir='ltr'>differt,</span> <span class='ocrx_word' id='word_1_148' title='bbox 421 1838 478 1876; x_wconf 90' lang='lat' dir='ltr'>non</span> <span class='ocrx_word' id='word_1_149' title='bbox 493 1821 678 1895; x_wconf 89' lang='lat' dir='ltr'>improperat,</span> <span class='ocrx_word' id='word_1_150' title='bbox 693 1838 750 1878; x_wconf 88' lang='lat' dir='ltr'>non</span> <span class='ocrx_word' id='word_1_151' title='bbox 765 1822 880 1880; x_wconf 84' lang='lat' dir='ltr'>retrahit</span> <span class='ocrx_word' id='word_1_152' title='bbox 894 1838 1022 1894; x_wconf 90' lang='lat' dir='ltr'>manum,</span> <span class='ocrx_word' id='word_1_153' title='bbox 1039 1838 1097 1877; x_wconf 90' lang='lat' dir='ltr'>non</span> <span class='ocrx_word' id='word_1_154' title='bbox 1108 1839 1153 1877; x_wconf 92' lang='lat' dir='ltr'>ru·</span> 
     </span>
     <span class='ocr_line' id='line_1_20' title="bbox 221 1905 1154 1983; baseline -0.002 -21"><span class='ocrx_word' id='word_1_155' title='bbox 221 1910 269 1979; x_wconf 78' lang='lat' dir='ltr'>gat</span> <span class='ocrx_word' id='word_1_156' title='bbox 282 1906 409 1974; x_wconf 89' lang='lat' dir='ltr'>frontem,</span> <span class='ocrx_word' id='word_1_157' title='bbox 419 1921 475 1959; x_wconf 95' lang='lat' dir='ltr'>non</span> <span class='ocrx_word' id='word_1_158' title='bbox 487 1905 583 1961; x_wconf 87' lang='lat' dir='ltr'>attollit</span> <span class='ocrx_word' id='word_1_159' title='bbox 592 1907 780 1983; x_wconf 83' lang='lat' dir='ltr'>supercilium.</span> <span class='ocrx_word' id='word_1_160' title='bbox 793 1909 898 1964; x_wconf 90' lang='lat' dir='ltr'>nullum</span> <span class='ocrx_word' id='word_1_161' title='bbox 910 1905 1036 1979; x_wconf 80' lang='lat' dir='ltr'>despicit,</span> <span class='ocrx_word' id='word_1_162' title='bbox 1048 1906 1154 1960; x_wconf 90' lang='lat' dir='ltr'>nullum</span> 
     </span>
    </p>
   </div>
   <div class='ocr_carea' id='block_1_4' title="bbox 219 1978 1154 2314">
    <p class='ocr_par' dir='ltr' id='par_1_6' title="bbox 219 1978 1154 2314">
     <span class='ocr_line' id='line_1_21' title="bbox 221 1978 1152 2062; baseline -0.002 -17"><span class='ocrx_word' id='word_1_163' title='bbox 221 1988 359 2059; x_wconf 81' lang='lat' dir='ltr'>destituit,</span> <span class='ocrx_word' id='word_1_164' title='bbox 377 1989 482 2044; x_wconf 88' lang='lat' dir='ltr'>nullum</span> <span class='ocrx_word' id='word_1_165' title='bbox 498 1989 574 2044; x_wconf 89' lang='lat' dir='ltr'>fallit.</span> <span class='ocrx_word' id='word_1_166' title='bbox 587 2004 644 2045; x_wconf 92' lang='lat' dir='ltr'>non</span> <span class='ocrx_word' id='word_1_167' title='bbox 655 1992 760 2062; x_wconf 90' lang='lat' dir='ltr'>saevit,</span> <span class='ocrx_word' id='word_1_168' title='bbox 777 2007 835 2048; x_wconf 88' lang='lat' dir='ltr'>non</span> <span class='ocrx_word' id='word_1_169' title='bbox 850 1978 991 2060; x_wconf 78' lang='lat' dir='ltr'>ifasoitur,</span> <span class='ocrx_word' id='word_1_170' title='bbox 1008 2003 1066 2045; x_wconf 89' lang='lat' dir='ltr'>non</span> <span class='ocrx_word' id='word_1_171' title='bbox 1076 2004 1152 2044; x_wconf 91' lang='lat' dir='ltr'>mur-</span> 
     </span>
     <span class='ocr_line' id='line_1_22' title="bbox 219 2071 1154 2148; baseline 0.001 -19"><span class='ocrx_word' id='word_1_172' title='bbox 219 2079 324 2143; x_wconf 86' lang='lat' dir='ltr'>murat,</span> <span class='ocrx_word' id='word_1_173' title='bbox 342 2089 399 2129; x_wconf 89' lang='lat' dir='ltr'>non</span> <span class='ocrx_word' id='word_1_174' title='bbox 416 2077 543 2129; x_wconf 89' lang='lat' dir='ltr'>mutatur.</span> <span class='ocrx_word' id='word_1_175' title='bbox 564 2089 620 2128; x_wconf 92' lang='lat' dir='ltr'>una</span> <span class='ocrx_word' id='word_1_176' title='bbox 639 2090 751 2146; x_wconf 90' lang='lat' dir='ltr'>semper</span> <span class='ocrx_word' id='word_1_177' title='bbox 769 2081 797 2131; x_wconf 94' lang='lat' dir='ltr'>et</span> <span class='ocrx_word' id='word_1_178' title='bbox 812 2075 915 2148; x_wconf 89' lang='lat' dir='ltr'>ubique</span> <span class='ocrx_word' id='word_1_179' title='bbox 930 2078 988 2145; x_wconf 84' lang='lat' dir='ltr'>est,</span> <span class='ocrx_word' id='word_1_180' title='bbox 1008 2071 1063 2128; x_wconf 87' lang='lat' dir='ltr'>nisi</span> <span class='ocrx_word' id='word_1_181' title='bbox 1077 2073 1154 2144; x_wconf 93' lang='lat' dir='ltr'>quod</span> 
     </span>
     <span class='ocr_line' id='line_1_23' title="bbox 219 2155 1152 2232; baseline -0.001 -18"><span class='ocrx_word' id='word_1_182' title='bbox 219 2155 310 2230; x_wconf 81' lang='lat' dir='ltr'>magis</span> <span class='ocrx_word' id='word_1_183' title='bbox 322 2157 469 2229; x_wconf 83' lang='lat' dir='ltr'>magisque</span> <span class='ocrx_word' id='word_1_184' title='bbox 480 2157 627 2230; x_wconf 79' lang='lat' dir='ltr'>degustata</span> <span class='ocrx_word' id='word_1_185' title='bbox 635 2157 742 2215; x_wconf 87' lang='lat' dir='ltr'>dulcior</span> <span class='ocrx_word' id='word_1_186' title='bbox 753 2159 782 2213; x_wconf 91' lang='lat' dir='ltr'>in</span> <span class='ocrx_word' id='word_1_187' title='bbox 793 2159 855 2216; x_wconf 86' lang='lat' dir='ltr'>diss</span> <span class='ocrx_word' id='word_1_188' title='bbox 868 2165 895 2215; x_wconf 93' lang='lat' dir='ltr'>et</span> <span class='ocrx_word' id='word_1_189' title='bbox 904 2157 1021 2232; x_wconf 88' lang='lat' dir='ltr'>propius</span> <span class='ocrx_word' id='word_1_190' title='bbox 1033 2171 1152 2229; x_wconf 90' lang='lat' dir='ltr'>conspe-</span> 
     </span>
     <span class='ocr_line' id='line_1_24' title="bbox 220 2239 474 2314; baseline -0.008 -16"><span class='ocrx_word' id='word_1_191' title='bbox 220 2248 263 2298; x_wconf 89' lang='lat' dir='ltr'>cta</span> <span class='ocrx_word' id='word_1_192' title='bbox 275 2242 310 2297; x_wconf 92' lang='lat' dir='ltr'>sit</span> <span class='ocrx_word' id='word_1_193' title='bbox 322 2239 474 2314; x_wconf 82' lang='lat' dir='ltr'>pulchrior.</span> 
     </span>
    </p>
   </div>
   <div class='ocr_carea' id='block_1_5' title="bbox 219 2336 1153 2664">
    <p class='ocr_par' dir='ltr' id='par_1_7' title="bbox 219 2336 1153 2664">
     <span class='ocr_line' id='line_1_25' title="bbox 259 2336 1153 2416; baseline -0.002 -18"><span class='ocrx_word' id='word_1_194' title='bbox 259 2341 295 2398; x_wconf 89' lang='lat' dir='ltr'>Ut</span> <span class='ocrx_word' id='word_1_195' title='bbox 306 2340 345 2396; x_wconf 88' lang='lat' dir='ltr'>sis</span> <span class='ocrx_word' id='word_1_196' title='bbox 358 2336 451 2416; x_wconf 81' lang='lat' dir='ltr'>[ergo]</span> <span class='ocrx_word' id='word_1_197' title='bbox 464 2357 549 2398; x_wconf 91' lang='lat' dir='ltr'>verus</span> <span class='ocrx_word' id='word_1_198' title='bbox 563 2341 658 2411; x_wconf 89' lang='lat' dir='ltr'>dives,</span> <span class='ocrx_word' id='word_1_199' title='bbox 674 2341 709 2397; x_wconf 90' lang='lat' dir='ltr'>ab</span> <span class='ocrx_word' id='word_1_200' title='bbox 721 2338 775 2396; x_wconf 92' lang='lat' dir='ltr'>hac</span> <span class='ocrx_word' id='word_1_201' title='bbox 785 2356 888 2413; x_wconf 70' lang='lat' dir='ltr'>possea</span> <span class='ocrx_word' id='word_1_202' title='bbox 909 2355 967 2396; x_wconf 88' lang='lat' dir='ltr'>non</span> <span class='ocrx_word' id='word_1_203' title='bbox 983 2345 1011 2396; x_wconf 93' lang='lat' dir='ltr'>te</span> <span class='ocrx_word' id='word_1_204' title='bbox 1031 2339 1153 2398; x_wconf 78' lang='lat' dir='ltr'>fastidiet</span> 
     </span>
     <span class='ocr_line' id='line_1_26' title="bbox 220 2422 1153 2497; baseline -0.001 -17"><span class='ocrx_word' id='word_1_205' title='bbox 220 2441 273 2482; x_wconf 86' lang='lat' dir='ltr'>nec</span> <span class='ocrx_word' id='word_1_206' title='bbox 289 2425 420 2496; x_wconf 89' lang='lat' dir='ltr'>repellet,</span> <span class='ocrx_word' id='word_1_207' title='bbox 442 2424 570 2495; x_wconf 88' lang='lat' dir='ltr'>quamvis</span> <span class='ocrx_word' id='word_1_208' title='bbox 591 2428 730 2480; x_wconf 79' lang='lat' dir='ltr'>exerceat.</span> <span class='ocrx_word' id='word_1_209' title='bbox 753 2422 880 2480; x_wconf 87' lang='lat' dir='ltr'>difficiles</span> <span class='ocrx_word' id='word_1_210' title='bbox 894 2422 980 2480; x_wconf 87' lang='lat' dir='ltr'>habet</span> <span class='ocrx_word' id='word_1_211' title='bbox 995 2422 1086 2482; x_wconf 88' lang='lat' dir='ltr'>aditus</span> <span class='ocrx_word' id='word_1_212' title='bbox 1096 2425 1153 2497; x_wconf 90' lang='lat' dir='ltr'>pri-</span> 
     </span>
     <span class='ocr_line' id='line_1_27' title="bbox 220 2507 1151 2581; baseline -0.002 -17"><span class='ocrx_word' id='word_1_213' title='bbox 220 2525 295 2564; x_wconf 74' lang='lat' dir='ltr'>mosa</span> <span class='ocrx_word' id='word_1_214' title='bbox 309 2513 404 2564; x_wconf 89' lang='lat' dir='ltr'>cetera</span> <span class='ocrx_word' id='word_1_215' title='bbox 413 2523 519 2580; x_wconf 88' lang='lat' dir='ltr'>prona,</span> <span class='ocrx_word' id='word_1_216' title='bbox 530 2507 668 2577; x_wconf 84' lang='lat' dir='ltr'>iucunda,</span> <span class='ocrx_word' id='word_1_217' title='bbox 679 2507 781 2563; x_wconf 88' lang='lat' dir='ltr'>facilia.</span> <span class='ocrx_word' id='word_1_218' title='bbox 798 2510 886 2565; x_wconf 88' lang='lat' dir='ltr'>semel</span> <span class='ocrx_word' id='word_1_219' title='bbox 896 2507 944 2565; x_wconf 92' lang='lat' dir='ltr'>ubi</span> <span class='ocrx_word' id='word_1_220' title='bbox 955 2507 993 2565; x_wconf 92' lang='lat' dir='ltr'>ad</span> <span class='ocrx_word' id='word_1_221' title='bbox 1002 2508 1079 2566; x_wconf 88' lang='lat' dir='ltr'>illam</span> <span class='ocrx_word' id='word_1_222' title='bbox 1088 2523 1151 2581; x_wconf 88' lang='lat' dir='ltr'>per-</span> 
     </span>
     <span class='ocr_line' id='line_1_28' title="bbox 219 2591 752 2664; baseline -0.009 -15"><span class='ocrx_word' id='word_1_223' title='bbox 219 2592 349 2661; x_wconf 84' lang='lat' dir='ltr'>veneris,</span> <span class='ocrx_word' id='word_1_224' title='bbox 368 2606 425 2646; x_wconf 90' lang='lat' dir='ltr'>non</span> <span class='ocrx_word' id='word_1_225' title='bbox 436 2591 539 2647; x_wconf 89' lang='lat' dir='ltr'>senties</span> <span class='ocrx_word' id='word_1_226' title='bbox 550 2595 752 2664; x_wconf 87' lang='lat' dir='ltr'>paupertatem.</span> 
     </span>
    </p>
   </div>
   <div class='ocr_carea' id='block_1_6' title="bbox 218 2687 1153 3018">
    <p class='ocr_par' dir='ltr' id='par_1_8' title="bbox 218 2687 1153 3018">
     <span class='ocr_line' id='line_1_29' title="bbox 262 2687 1153 2764; baseline 0 -18"><span class='ocrx_word' id='word_1_227' title='bbox 262 2687 424 2762; x_wconf 89' lang='lat' dir='ltr'>„Spoliavit</span> <span class='ocrx_word' id='word_1_228' title='bbox 436 2705 481 2744; x_wconf 91' lang='lat' dir='ltr'>me</span> <span class='ocrx_word' id='word_1_229' title='bbox 496 2690 623 2747; x_wconf 91' lang='lat' dir='ltr'>omnibus</span> <span class='ocrx_word' id='word_1_230' title='bbox 634 2689 715 2747; x_wconf 88' lang='lat' dir='ltr'>bonis</span> <span class='ocrx_word' id='word_1_231' title='bbox 725 2688 796 2745; x_wconf 89' lang='lat' dir='ltr'>meis</span> <span class='ocrx_word' id='word_1_232' title='bbox 807 2690 945 2747; x_wconf 74' lang='lat' dir='ltr'>fortuna.“</span> <span class='ocrx_word' id='word_1_233' title='bbox 965 2691 1046 2748; x_wconf 85' lang='lat' dir='ltr'>Fallit</span> <span class='ocrx_word' id='word_1_234' title='bbox 1054 2697 1083 2748; x_wconf 92' lang='lat' dir='ltr'>te</span> <span class='ocrx_word' id='word_1_235' title='bbox 1093 2691 1153 2764; x_wconf 93' lang='lat' dir='ltr'>opi·</span> 
     </span>
     <span class='ocr_line' id='line_1_30' title="bbox 219 2772 1152 2846; baseline 0.002 -20"><span class='ocrx_word' id='word_1_236' title='bbox 219 2772 266 2827; x_wconf 92' lang='lat' dir='ltr'>nio</span> <span class='ocrx_word' id='word_1_237' title='bbox 276 2812 284 2840; x_wconf 96' lang='lat'>,</span> <span class='ocrx_word' id='word_1_238' title='bbox 296 2772 400 2827; x_wconf 90' lang='lat' dir='ltr'>malum</span> <span class='ocrx_word' id='word_1_239' title='bbox 411 2787 557 2829; x_wconf 89' lang='lat' dir='ltr'>commune</span> <span class='ocrx_word' id='word_1_240' title='bbox 569 2774 734 2830; x_wconf 88' lang='lat' dir='ltr'>mortalium.</span> <span class='ocrx_word' id='word_1_241' title='bbox 749 2789 815 2829; x_wconf 92' lang='lat' dir='ltr'>nam</span> <span class='ocrx_word' id='word_1_242' title='bbox 824 2775 951 2846; x_wconf 88' lang='lat' dir='ltr'>profecto</span> <span class='ocrx_word' id='word_1_243' title='bbox 962 2791 1020 2832; x_wconf 92' lang='lat' dir='ltr'>non</span> <span class='ocrx_word' id='word_1_244' title='bbox 1030 2775 1152 2832; x_wconf 80' lang='lat' dir='ltr'>bonis=</span> 
     </span>
     <span class='ocr_line' id='line_1_31' title="bbox 220 2855 1153 2931; baseline 0.001 -20"><span class='ocrx_word' id='word_1_245' title='bbox 220 2859 248 2911; x_wconf 88' lang='lat' dir='ltr'>et</span> <span class='ocrx_word' id='word_1_246' title='bbox 258 2860 288 2910; x_wconf 92' lang='lat' dir='ltr'>ut</span> <span class='ocrx_word' id='word_1_247' title='bbox 298 2855 373 2911; x_wconf 88' lang='lat' dir='ltr'>bona</span> <span class='ocrx_word' id='word_1_248' title='bbox 382 2855 567 2927; x_wconf 89' lang='lat' dir='ltr'>permiserim,</span> <span class='ocrx_word' id='word_1_249' title='bbox 580 2873 638 2914; x_wconf 90' lang='lat' dir='ltr'>non</span> <span class='ocrx_word' id='word_1_250' title='bbox 647 2857 733 2925; x_wconf 88' lang='lat' dir='ltr'>tuis,</span> <span class='ocrx_word' id='word_1_251' title='bbox 744 2856 798 2912; x_wconf 91' lang='lat' dir='ltr'>sed</span> <span class='ocrx_word' id='word_1_252' title='bbox 808 2873 880 2929; x_wconf 86' lang='lat' dir='ltr'>quae</span> <span class='ocrx_word' id='word_1_253' title='bbox 891 2863 939 2915; x_wconf 87' lang='lat' dir='ltr'>tna</span> <span class='ocrx_word' id='word_1_254' title='bbox 948 2858 1065 2916; x_wconf 80' lang='lat' dir='ltr'>forsitan</span> <span class='ocrx_word' id='word_1_255' title='bbox 1074 2858 1153 2931; x_wconf 79' lang='lat' dir='ltr'>vulgi</span> 
     </span>
     <span class='ocr_line' id='line_1_32' title="bbox 218 2934 1096 3018; baseline 0.005 -24"><span class='ocrx_word' id='word_1_256' title='bbox 218 2954 297 2994; x_wconf 92' lang='lat' dir='ltr'>mora</span> <span class='ocrx_word' id='word_1_257' title='bbox 309 2938 486 3010; x_wconf 90' lang='lat' dir='ltr'>credideras,</span> <span class='ocrx_word' id='word_1_258' title='bbox 501 2940 642 3013; x_wconf 88' lang='lat' dir='ltr'>mirorque</span> <span class='ocrx_word' id='word_1_259' title='bbox 653 2942 677 2997; x_wconf 92' lang='lat' dir='ltr'>si</span> <span class='ocrx_word' id='word_1_260' title='bbox 689 2934 837 3018; x_wconf 89' lang='lat' dir='ltr'>non[dum]</span> <span class='ocrx_word' id='word_1_261' title='bbox 848 2941 980 3015; x_wconf 72' lang='lat' dir='ltr'>intelligis</span> <span class='ocrx_word' id='word_1_262' title='bbox 995 2943 1096 3000; x_wconf 85' lang='lat' dir='ltr'>aliena.</span> 
     </span>
    </p>
   </div>
   <div class='ocr_carea' id='block_1_7' title="bbox 130 3037 1153 3365">
    <p class='ocr_par' dir='ltr' id='par_1_9' title="bbox 130 3037 1153 3365">
     <span class='ocr_line' id='line_1_33' title="bbox 130 3037 1151 3112; baseline 0.004 -19"><span class='ocrx_word' id='word_1_263' title='bbox 130 3051 163 3106; x_wconf 90' lang='lat'>11</span> <span class='ocrx_word' id='word_1_264' title='bbox 261 3037 407 3109; x_wconf 81' lang='lat' dir='ltr'>„Fortuna</span> <span class='ocrx_word' id='word_1_265' title='bbox 418 3055 463 3095; x_wconf 90' lang='lat' dir='ltr'>me</span> <span class='ocrx_word' id='word_1_266' title='bbox 478 3039 585 3097; x_wconf 92' lang='lat' dir='ltr'>nudum</span> <span class='ocrx_word' id='word_1_267' title='bbox 595 3047 623 3097; x_wconf 94' lang='lat' dir='ltr'>et</span> <span class='ocrx_word' id='word_1_268' title='bbox 634 3040 747 3112; x_wconf 88' lang='lat' dir='ltr'>inopem</span> <span class='ocrx_word' id='word_1_269' title='bbox 758 3039 865 3111; x_wconf 85' lang='lat' dir='ltr'>liquit.“</span> <span class='ocrx_word' id='word_1_270' title='bbox 892 3041 988 3099; x_wconf 85' lang='lat' dir='ltr'>Virtus</span> <span class='ocrx_word' id='word_1_271' title='bbox 999 3045 1027 3098; x_wconf 89' lang='lat' dir='ltr'>te</span> <span class='ocrx_word' id='word_1_272' title='bbox 1040 3042 1151 3112; x_wconf 86' lang='lat' dir='ltr'>vestiet,</span> 
     </span>
     <span class='ocr_line' id='line_1_34' title="bbox 217 3122 1153 3198; baseline 0.002 -18"><span class='ocrx_word' id='word_1_273' title='bbox 217 3125 249 3180; x_wconf 83' lang='lat' dir='ltr'>nt</span> <span class='ocrx_word' id='word_1_274' title='bbox 257 3122 383 3195; x_wconf 88' lang='lat' dir='ltr'>respuis,</span> <span class='ocrx_word' id='word_1_275' title='bbox 402 3139 436 3179; x_wconf 85' lang='lat' dir='ltr'>aa</span> <span class='ocrx_word' id='word_1_276' title='bbox 455 3123 564 3194; x_wconf 88' lang='lat' dir='ltr'>ditabit,</span> <span class='ocrx_word' id='word_1_277' title='bbox 583 3123 637 3181; x_wconf 89' lang='lat' dir='ltr'>nisi</span> <span class='ocrx_word' id='word_1_278' title='bbox 653 3124 724 3180; x_wconf 87' lang='lat' dir='ltr'>forte</span> <span class='ocrx_word' id='word_1_279' title='bbox 740 3123 829 3196; x_wconf 84' lang='lat' dir='ltr'>pluris</span> <span class='ocrx_word' id='word_1_280' title='bbox 844 3131 983 3189; x_wconf 80' lang='lat' dir='ltr'>summat</span> <span class='ocrx_word' id='word_1_281' title='bbox 999 3140 1153 3198; x_wconf 87' lang='lat' dir='ltr'>purpuram</span> 
     </span>
     <span class='ocr_line' id='line_1_35' title="bbox 218 3206 1153 3282; baseline 0.001 -19"><span class='ocrx_word' id='word_1_282' title='bbox 218 3223 301 3279; x_wconf 87' lang='lat' dir='ltr'>qnam</span> <span class='ocrx_word' id='word_1_283' title='bbox 313 3207 447 3264; x_wconf 87' lang='lat' dir='ltr'>decomm</span> <span class='ocrx_word' id='word_1_284' title='bbox 461 3224 618 3280; x_wconf 73' lang='lat' dir='ltr'>generosae</span> <span class='ocrx_word' id='word_1_285' title='bbox 629 3207 729 3263; x_wconf 84' lang='lat' dir='ltr'>mentis</span> <span class='ocrx_word' id='word_1_286' title='bbox 745 3206 870 3265; x_wconf 92' lang='lat' dir='ltr'>habitum</span> <span class='ocrx_word' id='word_1_287' title='bbox 885 3209 965 3266; x_wconf 77' lang='lat' dir='ltr'>facia.</span> <span class='ocrx_word' id='word_1_288' title='bbox 983 3208 1062 3282; x_wconf 88' lang='lat' dir='ltr'>quod</span> <span class='ocrx_word' id='word_1_289' title='bbox 1077 3209 1102 3265; x_wconf 91' lang='lat' dir='ltr'>si</span> <span class='ocrx_word' id='word_1_290' title='bbox 1112 3209 1153 3264; x_wconf 91' lang='lat' dir='ltr'>fe-</span> 
     </span>
     <span class='ocr_line' id='line_1_36' title="bbox 217 3292 944 3365; baseline 0 -17"><span class='ocrx_word' id='word_1_291' title='bbox 217 3292 304 3363; x_wconf 85' lang='lat' dir='ltr'>ceris,</span> <span class='ocrx_word' id='word_1_292' title='bbox 315 3296 382 3348; x_wconf 89' lang='lat' dir='ltr'>tnnc</span> <span class='ocrx_word' id='word_1_293' title='bbox 391 3308 461 3351; x_wconf 91' lang='lat' dir='ltr'>vere</span> <span class='ocrx_word' id='word_1_294' title='bbox 475 3293 590 3365; x_wconf 90' lang='lat' dir='ltr'>inopem</span> <span class='ocrx_word' id='word_1_295' title='bbox 598 3292 760 3363; x_wconf 88' lang='lat' dir='ltr'>nudumque</span> <span class='ocrx_word' id='word_1_296' title='bbox 768 3296 798 3347; x_wconf 91' lang='lat' dir='ltr'>te</span> <span class='ocrx_word' id='word_1_297' title='bbox 810 3292 944 3350; x_wconf 88' lang='lat' dir='ltr'>dicerem.</span> 
     </span>
    </p>
   </div>
   <div class='ocr_carea' id='block_1_8' title="bbox 129 3381 1153 3553">
    <p class='ocr_par' dir='ltr' id='par_1_10' title="bbox 129 3381 1153 3553">
     <span class='ocr_line' id='line_1_37' title="bbox 129 3381 1153 3467; baseline 0.002 -19"><span class='ocrx_word' id='word_1_298' title='bbox 129 3409 162 3462; x_wconf 76' lang='lat'>12</span> <span class='ocrx_word' id='word_1_299' title='bbox 259 3390 387 3462; x_wconf 90' lang='lat' dir='ltr'>„Domo,</span> <span class='ocrx_word' id='word_1_300' title='bbox 411 3381 527 3463; x_wconf 84' lang='lat' dir='ltr'>familia,</span> <span class='ocrx_word' id='word_1_301' title='bbox 549 3393 717 3450; x_wconf 87' lang='lat' dir='ltr'>necessariis</span> <span class='ocrx_word' id='word_1_302' title='bbox 735 3400 818 3467; x_wconf 86' lang='lat' dir='ltr'>atqua</span> <span class='ocrx_word' id='word_1_303' title='bbox 836 3395 1007 3453; x_wconf 86' lang='lat' dir='ltr'>ornamentis</span> <span class='ocrx_word' id='word_1_304' title='bbox 1024 3393 1153 3453; x_wconf 89' lang='lat' dir='ltr'>omnibus</span> 
     </span>
     <span class='ocr_line' id='line_1_38' title="bbox 217 3474 1152 3553; baseline 0.005 -25"><span class='ocrx_word' id='word_1_305' title='bbox 217 3474 353 3547; x_wconf 85' lang='lat' dir='ltr'>spoliatus</span> <span class='ocrx_word' id='word_1_306' title='bbox 365 3475 431 3546; x_wconf 87' lang='lat' dir='ltr'>quid</span> <span class='ocrx_word' id='word_1_307' title='bbox 441 3479 548 3548; x_wconf 71' lang='lat' dir='ltr'>agam?</span> <span class='ocrx_word' id='word_1_308' title='bbox 565 3492 621 3547; x_wconf 92' lang='lat' dir='ltr'>quo</span> <span class='ocrx_word' id='word_1_309' title='bbox 630 3493 676 3533; x_wconf 91' lang='lat' dir='ltr'>me</span> <span class='ocrx_word' id='word_1_310' title='bbox 686 3480 842 3536; x_wconf 78' lang='lat' dir='ltr'>vartamt“</span> <span class='ocrx_word' id='word_1_311' title='bbox 867 3479 915 3535; x_wconf 84' lang='lat' dir='ltr'>Ad</span> <span class='ocrx_word' id='word_1_312' title='bbox 927 3496 976 3537; x_wconf 89' lang='lat' dir='ltr'>eas</span> <span class='ocrx_word' id='word_1_313' title='bbox 987 3495 1074 3553; x_wconf 86' lang='lat' dir='ltr'>opes,</span> <span class='ocrx_word' id='word_1_314' title='bbox 1091 3478 1152 3550; x_wconf 85' lang='lat' dir='ltr'>qui-</span> 
     </span>
    </p>
   </div>
   <div class='ocr_carea' id='block_1_9' title="bbox 0 0 1238 3930">
    <p class='ocr_par' dir='ltr' id='par_1_11' title="bbox 0 0 1238 3930">
     <span class='ocr_line' id='line_1_39' title="bbox 0 0 1238 3930; baseline 0 0"><span class='ocrx_word' id='word_1_315' title='bbox 0 0 1238 3930; x_wconf 95' lang='lat' dir='ltr'> </span> 
     </span>
    </p>
   </div>
  </div>
 </body>
</html>
