2468 3930
187 581 373 656 81³1deth
391 578 553 656 stricti,
571 577 716 646 uirtus
734 577 971 647 muteronis
989 578 1171 660 mulsum,

257 700 302 767 itt
320 699 459 768 indidi!
473 697 682 766 uastarunt
694 698 737 764 Ei*
751 697 852 766 riuti
866 697 1037 766 trusisti
1054 699 1100 766 itt

598 814 764 883 structu.

259 1105 286 1157 S.
305 1106 488 1156 Htsrtouruus
505 1114 542 1153 nti
560 1099 671 1152 SENECA
689 1114 717 1152 nt
736 1112 889 1153 CATALOGO
909 1110 1094 1157 enectorum,

253 1212 353 1267 Lucius
376 1212 511 1266 Annaeus
532 1207 643 1266 Seneca
664 1206 868 1274 Cordubensis,
891 1205 1014 1264 Sotionis
1031 1207 1110 1265 stoici
1130 1209 1171 1264 di·

187 1296 312 1368 scipulus
329 1301 355 1351 et
370 1301 486 1366 patruus
499 1293 604 1349 Lucani
619 1297 737 1365 poetae,
760 1292 1015 1348 continentissimae
1030 1292 1102 1347 vitae
1113 1293 1171 1362 suit,

190 1396 274 1452 quem
292 1395 349 1435 non
366 1394 503 1451 ponerem
523 1377 552 1433 in
569 1378 697 1449 catalogo
712 1381 887 1445 sanctorum,
909 1375 1021 1432 nisime
1037 1376 1171 1448 epistolae

188 1465 252 1520 ittae
271 1467 475 1536 provocarent,
497 1478 569 1534 quae
588 1463 719 1533 teguntur
740 1460 914 1534 aplurimis‚
936 1459 1015 1515 Pauli
1030 1459 1068 1516 ad
1082 1457 1171 1517 Sene-

189 1563 251 1603 cam
273 1553 300 1602 et
320 1544 448 1604 Senecae
468 1544 505 1601 ad
526 1546 653 1600 Paulum.
680 1545 709 1600 in
731 1545 845 1616 quibus,
868 1559 932 1599 cum
956 1548 1031 1599 esset
1050 1542 1170 1600 Neronis

188 1631 321 1701 magister
340 1637 367 1685 et
385 1631 457 1684 iltius
476 1628 609 1700 temporis
623 1629 848 1701 potentissimus,
871 1635 968 1700 optare
983 1644 1015 1684 se
1030 1626 1095 1683 dicit
1111 1629 1171 1684 eius

190 1729 254 1768 esse
273 1713 327 1768 loci
348 1714 425 1784 apud
441 1728 522 1782 suos,
547 1712 626 1767 cuius
641 1712 677 1768 sit
690 1713 793 1769 Paulus
810 1711 886 1784 apud
901 1710 1081 1769 Christianos.
1120 1711 1170 1768 Hic

189 1801 253 1852 ante
271 1795 413 1852 biennium
431 1810 514 1866 quam
534 1796 632 1852 Petrus
648 1802 675 1851 et
690 1797 793 1853 Paulus
811 1796 944 1869 martyrio
960 1801 1170 1866 coronarentur,

189 1896 206 1935 a
220 1879 332 1936 Nerone
349 1880 508 1935 interiectus
524 1883 575 1936 est.

557 2157 756 2212 EPISTOLA
780 2163 800 2212 1.

485 2245 595 2297 sanson
611 2244 707 2294 Puero
727 2256 868 2301 susurru.

253 2354 343 2411 Credo
358 2354 420 2422 tibi,
439 2355 540 2424 Paule,
562 2351 722 2407 nunciatum
734 2369 813 2421 esse,
831 2351 907 2423 quod
916 2350 978 2408 heri
993 2348 1041 2427 [de
1053 2348 1093 2425 te]
1107 2368 1169 2408 cum

188 2440 292 2495 Lucilio
306 2443 402 2494 nostro
414 2437 451 2494 de
465 2435 638 2510 apocryphis
650 2442 678 2492 et
689 2435 750 2493 aliis
765 2438 849 2492 rebus
865 2451 1025 2492 sermonem
1037 2434 1169 2492 haberem

188 2540 260 2580 mus.
283 2527 362 2578 erant
373 2522 446 2577 enim
458 2521 572 2592 quidam
584 2519 793 2593 disciplinarum
803 2526 912 2577 tuarum
923 2519 1039 2576 comites
1050 2536 1161 2576 mecum

188 2623 254 2662 nem
274 2607 302 2660 in
322 2605 418 2660 hortos
439 2603 612 2662 Salustianos
627 2618 852 2674 recesseramus,
875 2620 930 2676 quo
942 2606 1005 2660 ioco
1019 2605 1170 2660 occasione

188 2694 284 2744 nostre
304 2689 358 2744 alio
379 2688 525 2743 tendentes
544 2686 588 2759 hi,
611 2688 647 2745 de
663 2689 764 2760 quibus
779 2689 850 2758 dixi,
869 2688 938 2746 visis
952 2685 1033 2744 nobis
1048 2687 1170 2744 adiuncti

188 2779 261 2828 sunt.
284 2771 694 2844 certequodtuipraesentiam
706 2772 879 2845 optavimus,
899 2771 1168 2829 ethocsciasvoloz

187 2857 279 2913 libello
297 2861 343 2912 tuo
359 2858 445 2926 lecto,
467 2856 497 2913 id
511 2861 554 2912 est
568 2856 604 2912 de
619 2856 746 2928 piurimis
774 2858 882 2926 aliquas
903 2852 1006 2908 litteras
1027 2865 1099 2923 quas
1133 2854 1170 2911 ad

186 2941 310 3013 aliquam
327 2941 468 2998 civitatem
481 2957 533 2999 seu
547 2947 631 3013 caput
643 2941 808 3013 provinciae
821 2940 960 3011 direxisti,
981 2940 1052 2995 mira
1068 2938 1169 2995 exhor-

79 3100 81 3104 ·
187 3027 289 3082 tatione
301 3026 387 3084 vitam
397 3028 532 3083 moralem
543 3025 732 3095 continentes,
746 3041 837 3097 usque
847 3025 944 3081 reiecti
954 3039 1062 3080 sumus.
1093 3021 1169 3092 Quos

187 3126 289 3167 sensus
303 3126 360 3166 non
373 3116 440 3183 puto
455 3128 492 3167 ex
504 3115 531 3166 te
544 3110 633 3166 dictos
648 3110 701 3165 sed
714 3125 766 3182 per
779 3114 822 3179 te,
843 3114 919 3166 certo
930 3107 1082 3180 aliquando
1095 3122 1132 3164 ex
1141 3113 1170 3164 te

188 3201 216 3252 et
234 3211 286 3268 per
306 3202 346 3251 tes
367 3199 443 3250 tante
460 3195 534 3252 enim
549 3194 680 3251 maiestas
695 3210 792 3250 earum
807 3199 849 3250 esi
863 3209 963 3250 rerum⁴
973 3197 1105 3264 tuumque
1119 3207 1169 3263 ge·

187 3280 339 3336 nerositate
362 3281 473 3350 calens,
495 3285 525 3335 ut
540 3280 587 3337 vix
602 3278 768 3336 suffecturas
783 3283 878 3351 putem
896 3282 1002 3334 aetates
1015 3276 1170 3346 hominum,

188 3363 287 3434 quibus
315 3364 418 3419 institui
446 3364 601 3436 perficique
628 3365 747 3437 possint.
787 3363 865 3419 Beue
887 3367 914 3418 te
936 3364 1053 3433 valere,
1074 3361 1169 3430 irater,

186 3463 281 3521 cupro.
