2468 3930
183 228 459 293 unrsrmmon.
480 230 554 293 ue.
572 232 625 291 vt.
646 233 741 296 uns.
764 240 836 313 (aa.)
935 238 995 301 tas

82 382 156 444 ecilli
170 380 341 457 fluvidique
355 382 513 443 intervalla
528 384 757 445 constituimus:
779 387 818 446 ad
833 385 884 447 illa
898 389 994 448 mitta-

82 483 90 527 s
115 464 264 539 animum,
288 482 367 540 quae
387 473 510 526 aeterna
535 473 614 528 sunt.
650 468 849 541 miremnrin
875 470 995 532 sublimi

82 555 184 611 lantes
204 564 305 609 rerum
324 549 458 610 omnium
473 552 587 610 formas
604 551 756 626 deumque
770 553 848 613 inter
862 555 916 613 illa
927 571 995 615 ver-

82 643 139 695 tam
154 641 184 693 et
196 633 257 693 hoc
274 633 500 708 providentem,
516 635 773 709 quemadmodum
790 652 868 711 quae
882 637 994 698 inmor-

82 719 211 778 alacere
224 731 286 777 non
302 716 415 792 potuit,
439 719 510 792 quia
530 719 656 778 materia
670 719 866 795 prohibebat,
887 721 993 781 deleu-

91 818 111 862 a
131 807 227 862 morte
250 814 286 860 ao
306 801 424 861 ratione
444 802 550 861 vitium
564 803 705 876 corporis
722 802 832 863 vincat.
871 804 1035 866 Manent28

82 901 101 944 n
117 891 240 958 cuncta,
262 901 323 944 non
339 887 412 959 quia
426 893 549 945 aeterna
563 892 651 957 sunt,
666 886 723 944 sed
739 885 811 960 quia
826 887 994 949 defendun-

83 983 158 1029 cura
172 965 322 1042 regentis:
348 969 519 1029 inmortalia
543 976 643 1028 tutore
665 985 726 1029 non
747 976 882 1042 egerent.
916 970 994 1032 haec

82 1058 187 1112 servat
210 1051 320 1112 artifex
347 1051 537 1127 fragilitatem
560 1051 705 1111 materiae
729 1052 761 1110 vi
786 1068 843 1112 sua
856 1054 993 1113 vincens.

83 1143 256 1197 temnamus
276 1135 390 1208 omnia,
414 1151 495 1210 quae
515 1135 594 1195 adeo
615 1135 752 1209 pretiosa
770 1151 831 1196 non
853 1143 939 1209 sunt,
961 1146 994 1197 ut

83 1218 145 1280 sint
168 1218 306 1290 omnino,
334 1218 458 1279 dubium
481 1217 529 1279 sit.
552 1218 631 1278 Illud
648 1218 737 1278 simul
760 1219 944 1293 cogitemus,
968 1220 1036 1285 sias

82 1303 166 1363 idum
182 1301 299 1376 ipsum,
322 1319 383 1362 non
399 1303 499 1362 minus
518 1303 674 1363 mortalem
696 1318 786 1376 quam
803 1318 860 1362 nos
875 1318 992 1376 sumus,

82 1385 212 1446 videntia
238 1385 382 1460 periculis
404 1386 521 1457 eximit,
550 1401 645 1461 posse
670 1385 861 1460 aliquatenus
890 1393 994 1446 nostra

82 1485 147 1545 tque
160 1467 354 1544 providentia
367 1470 534 1544 longiorem
547 1469 707 1544 prorogari
721 1470 792 1531 huic
807 1472 992 1544 corpusculo

82 1569 150 1626 am,
172 1553 198 1613 si
219 1554 409 1627 voluptates,
434 1553 545 1627 quibus
566 1568 639 1627 pars
659 1554 756 1613 maior
770 1555 863 1629 perit,
886 1562 992 1628 potue-

82 1653 115 1698 us
134 1651 243 1711 regere
263 1645 294 1696 el
315 1652 467 1697 coercere.
501 1636 585 1697 Plato
607 1636 676 1711 ipse
696 1637 736 1697 ad
757 1645 945 1698 senectutem
959 1641 1035 1700 se30

82 1721 176 1795 pontia
192 1720 327 1794 protulit.
363 1728 428 1780 erat
444 1718 567 1794 quidem
583 1736 696 1795 corpus
713 1722 847 1781 validum
864 1736 899 1780 ac
914 1722 993 1782 torte

82 1805 145 1865 itus
161 1810 191 1863 ct
204 1804 247 1864 illi
261 1820 372 1864 nomen
387 1804 516 1864 latitudo
531 1805 665 1878 pectoris
680 1805 809 1879 lecerat,
831 1805 889 1865 scd
909 1806 992 1865 navi·

83 1904 159 1949 ones
181 1903 217 1947 ac
236 1889 373 1962 pericula
393 1889 517 1947 multum
539 1889 734 1948 detraxerant
746 1888 877 1949 viribus:
895 1889 992 1962 parsi·

82 1971 122 2031 ria
134 1978 234 2032 tamen
250 1979 416 2044 eteorum,
439 1987 519 2046 quae
534 1971 707 2032 aviditatem
722 1979 866 2044 evocant,
882 1972 992 2033 modus

82 2054 193 2130 iligens
210 2055 258 2115 sui
271 2056 365 2116 tutela
379 2056 521 2129 perduxit
534 2055 618 2117 illum
632 2055 672 2115 ad
688 2062 874 2116 senectutem
884 2056 990 2134 ⁴multis

82 2137 254 2199 libentibus
270 2139 382 2198 causis.
422 2139 497 2199 Nam
512 2139 572 2200 hoc
588 2139 666 2213 scis,
682 2146 772 2213 puto,
794 2138 911 2198 Platoni
926 2139 1031 2199 dili-31

82 2223 139 2283 tiae
154 2238 229 2282 suae
243 2221 393 2283 beneficio
408 2221 589 2296 contigisse,
605 2222 689 2297 quod
704 2221 797 2281 natali
812 2238 869 2283 suo
884 2221 991 2282 deces-

82 2314 103 2367 at
117 2322 230 2366 annum
245 2323 337 2366 unum
353 2315 444 2382 atque
460 2305 681 2378 octogesimum
703 2303 829 2377 inplevit
850 2304 917 2365 sine
931 2305 993 2365 ulla

82 2390 213 2451 notione.
247 2390 317 2450 ideo
339 2392 435 2465 magi,
459 2389 511 2464 qui
531 2390 608 2450 lorte
630 2385 759 2447 Athenis
779 2395 878 2460 erant,
896 2387 992 2445 inmo·

82 2481 160 2534 crunt
174 2472 327 2546 defuncto,
345 2474 499 2548 amplioris
515 2471 613 2533 luisse
628 2469 720 2534 sortis
735 2487 827 2544 quam
842 2470 993 2530 humanae

82 2605 84 2622 .
102 2557 176 2631 quia
189 2563 436 2619 consummasset
450 2553 704 2632 perfectissimum
718 2570 886 2627 numerum,
901 2568 993 2627 quem

82 2655 131 2700 em
153 2638 261 2701 novies
275 2641 472 2715 multiplIcata
488 2646 680 2715 conponunt:
701 2654 762 2698 non
781 2638 902 2711 dubito,
919 2634 992 2712 quin

82 2730 143 2784 atus
159 2730 234 2786 esset
254 2740 370 2799 paucos
392 2725 458 2785 dies
478 2740 519 2784 ex
540 2724 599 2784 ista
619 2738 739 2784 summa
758 2730 788 2783 et
808 2719 992 2782 sacrificium

83 2807 180 2869 ittere.
221 2806 326 2869 Potest
350 2808 506 2882 frugalitas
534 2807 706 2883 producere
733 2811 1034 2878 senectutem,3l

82 2898 165 2952 mut
185 2908 264 2952 non
285 2898 375 2966 puto
399 2891 770 2966 concupiscendam,
792 2891 845 2950 ita
867 2905 912 2949 ne
932 2904 992 2948 re-

82 2994 84 3029 t
98 2974 234 3034 andam
255 2975 415 3051 quidem.
450 2976 618 3035 Iucundum
633 2982 765 3035 estesse
781 2988 885 3033 secum
902 2987 992 3047 quam

83 3058 205 3132 issime,
227 3074 296 3119 curn
319 3058 387 3134 quis
409 3073 444 3118 se
460 3058 598 3133 dignum,
621 3074 683 3134 quo
699 3059 866 3134 frueretur,
882 3055 992 3114 effecit.

82 3143 181 3203 uedc
198 3143 274 3203 isto
290 3143 457 3202 feremus
479 3142 727 3214 sententiam,
749 3156 794 3199 an
815 3144 994 3213 oporteat

84 3223 203 3288 tidire
238 3226 466 3287 senectutis
498 3230 669 3286 extrema
701 3233 737 3283 et
767 3223 884 3280 linem
915 3235 989 3281 non

82 3309 211 3385 lerini,
231 3310 302 3371 sed
324 3326 433 3371 manu
454 3311 595 3370 lacere.
630 3308 731 3380 Prope
756 3312 804 3365 est
824 3320 842 3363 a
859 3303 990 3377 timente,

84 3395 180 3455 iatum
196 3392 300 3469 segnis
315 3399 486 3468 exspectat,
510 3393 589 3454 siout
610 3392 659 3451 ille
673 3386 889 3450 ultramodum
905 3385 986 3446 dedi·

85 3478 160 3541 vino
175 3484 238 3552 est,
259 3479 312 3553 qui
332 3478 510 3552 amphoram
531 3473 667 3536 exsiccat
688 3481 718 3534 et
733 3474 849 3533 faecem
865 3485 989 3547 quoque
