2468 3930
249 254 417 316 EPISTUL.
433 253 527 316 molt.
548 255 620 316 LlB.
632 256 696 316 XX.
717 256 775 316 ΕΡ.
788 265 814 319 4.
836 264 924 334 (lii.)
1014 257 1079 322 403

101 408 158 470 des
178 413 323 466 exserunt
343 413 373 466 et
393 406 565 483 obliquant,
587 407 686 468 donee
707 410 747 469 ad
764 410 864 470 locum
879 421 1076 487 reponantur.

101 492 216 551 nullum
236 498 417 551 tormentum
437 492 528 551 sentit
543 490 651 565 supina
666 494 802 554 testudo:
823 494 957 569 inquieta
971 502 1020 555 est
1032 502 1076 556 ta-

101 592 170 635 men
187 574 340 634 desiderio
356 575 499 634 naturalis
515 582 612 635 status
621 590 685 635 nec
698 585 768 638 ante
780 578 891 638 desinit
902 578 988 652 [niti]
1002 595 1075 654 qua-

100 665 166 719 tere
187 673 237 731 so,
259 674 349 733 quam
366 656 395 716 in
415 659 511 732 pedes
526 659 668 720 constitit.
710 660 791 735 Ergo
810 662 951 722 omnibus
965 662 1107 724 consti-o

101 742 225 804 tutionis
241 758 316 802 suae
332 757 444 801 sensus
459 749 506 802 ost
519 750 550 803 et
562 742 633 802 inde
644 744 848 805 membrorum
860 753 921 806 tam
933 746 1078 820 expedita

101 826 253 899 tractatio,
275 841 334 885 neo
356 825 451 885 ullum
474 827 571 886 maius
592 825 736 887 indicium
757 827 905 889 habemus
930 845 997 889 eum
1019 830 1077 890 hac

101 912 152 971 illa
165 910 207 970 ad
221 910 385 970 vivendum
398 909 501 968 venire
513 910 627 984 notitia,
643 926 733 985 quam
746 913 830 985 quod
842 914 956 972 nullum
967 912 1078 974 animal

100 996 140 1056 ad
154 1010 244 1055 usum
259 994 307 1053 sui
321 992 397 1052 rude
419 1000 475 1053 est.
519 993 736 1069 ‚,Gonstitutio,
757 995 868 1071 inquit,
890 1002 952 1069 est,
973 1002 1008 1055 ut
1020 1012 1078 1056 vos
1087 1004 1121 1058 10

101 1078 215 1152 dicitis,
239 1077 406 1153 principale
426 1075 518 1136 animi
540 1077 674 1152 quodam
697 1078 789 1139 modo
812 1094 847 1139 se
868 1078 986 1139 habens
1004 1094 1078 1154 erga

102 1178 224 1238 eorpus.
256 1161 315 1222 hoe
336 1170 396 1222 tam
418 1162 598 1235 perplexum
620 1167 649 1220 et
669 1161 779 1221 subtile
800 1169 831 1223 et
849 1162 938 1224 vobis
953 1178 1079 1238 quoque

64 1247 68 1255 '
101 1246 153 1307 vix
167 1245 336 1305 enarrabile
351 1246 505 1320 quomodo
520 1245 622 1305 inians
632 1244 798 1320 intellegit?
824 1247 925 1306 omnia
936 1244 1079 1308 animalia

101 1331 259 1391 dialectica
272 1330 358 1388 nasci
374 1336 509 1404 oportet,
524 1335 558 1389 ut
570 1328 657 1388 istam
673 1329 838 1389 finitionem
856 1344 984 1404 magnae
1000 1329 1077 1406 parti

101 1413 256 1474 hominum
275 1420 445 1487 togatorum
462 1414 624 1472 obscuram
639 1412 841 1487 intellegant.“
883 1414 999 1473 Verum
1014 1415 1118 1475 erattl

102 1499 186 1574 quod
208 1497 354 1571 obponis,
380 1496 407 1555 si
428 1512 486 1571 ego
509 1497 547 1556 ab
566 1497 747 1558 animalibus
769 1497 991 1559 constitutionis
1012 1497 1065 1557 lini

101 1584 213 1644 tionem
228 1582 360 1655 intellegi
376 1579 519 1654 dicerem,
536 1596 599 1640 non
615 1579 714 1654 ipsam
727 1583 982 1643 constitutionem.
1005 1581 1078 1641 laei-

100 1667 159 1727 lius
175 1672 283 1726 natura
297 1664 478 1738 intellegitur
497 1681 587 1739 quarn
604 1671 769 1724 enarratur.
791 1665 895 1741 itaque
906 1664 1006 1725 inians
1018 1662 1078 1737 ille,

102 1750 176 1825 quid
191 1749 230 1808 sit
245 1747 427 1821 constitutio,
443 1749 611 1828 nonnovit,
628 1748 873 1809 constitutionem
884 1764 971 1810 suam
983 1749 1077 1810 novit.

102 1842 131 1894 et
147 1832 220 1908 quid
236 1833 274 1893 sit
289 1833 407 1905 animal,
423 1832 528 1906 nescit,
545 1832 654 1892 animal
666 1848 738 1893 esse
750 1849 785 1892 se
796 1834 896 1895 sentit.
918 1833 1080 1894 Praeterea
1087 1839 1121 1893 ta

101 1917 201 1992 ipsam
222 1914 467 1977 constitutionem
484 1922 594 1989 [suam]
611 1931 717 1977 crasse
737 1915 884 1993 intellegit
901 1925 931 1978 et
946 1931 1078 1978 summa·

101 2002 153 2062 tim
168 2008 198 2061 et
213 2001 354 2062 obscure.
381 2016 439 2061 nos
460 2016 586 2076 quoque
600 2000 732 2061 animum
748 2000 862 2061 habere
876 2017 934 2062 nos
949 2002 1078 2062 seimus:

103 2084 176 2159 quid
197 2083 237 2145 sit
258 2085 392 2157 animus,
413 2084 466 2144 ubi
487 2085 539 2155 sit,
561 2084 659 2159 qualis
681 2083 721 2144 sit
735 2083 898 2156 rotunde,
912 2085 1078 2145 nescimus.

102 2167 205 2242 Qualis
224 2168 264 2228 ad
279 2184 337 2228 nos
353 2166 547 2242 [pervenerit]
563 2166 654 2226 animi
675 2167 771 2226 nostri
790 2183 917 2239 sensus,
940 2167 1079 2242 quamvis

101 2261 237 2313 naturam
249 2251 316 2312 eius
328 2251 504 2326 ignoremus
515 2266 552 2310 ae
564 2250 678 2324 sedem,
694 2248 763 2309 talis
775 2251 813 2310 ad
826 2251 927 2310 omnia
938 2249 1080 2310 animalia

102 2331 1078 2406 constitutionissuaesensusest.neeesseestenimidsentiant,

101 2435 157 2494 per
173 2421 257 2495 quod
271 2419 330 2479 alia
352 2434 475 2494 quoque
493 2417 635 2478 sentiunt.
664 2431 793 2477 neeesse
808 2424 856 2479 est
873 2417 939 2478 eius
955 2430 1081 2478 sensum

101 2503 242 2578 habeant,
259 2504 306 2564 cui
321 2510 438 2580 parent
454 2519 473 2562 a
490 2517 552 2578 quo
565 2508 721 2576 reguntur.
750 2501 844 2561 Nemo
860 2517 920 2562 non
936 2517 975 2560 ex
990 2499 1079 2560 nobis
1089 2510 1125 2565 13

101 2587 246 2662 intellegit
260 2603 331 2648 esse
345 2587 476 2664 aliquid,
498 2586 583 2662 quod
600 2584 722 2661 inpetus
745 2600 821 2646 suos
842 2592 978 2646 moveat:
1006 2582 1080 2659 quid

102 2673 141 2732 sit
154 2671 244 2743 illud,
265 2673 394 2745 ignorat.
422 2677 454 2732 et
474 2678 615 2733 conatum
636 2668 694 2730 sibi
709 2685 780 2729 esse
795 2668 868 2731 seit=
891 2669 960 2746 quis
975 2668 1015 2730 sit
1029 2674 1081 2730 aut

101 2755 185 2814 unde
206 2754 260 2826 sit,
286 2755 393 2816 nescit.
426 2755 472 2815 sic
497 2753 662 2816 infantibus
688 2769 814 2830 quoque
838 2753 1081 2828 animalibusque

102 2833 281 2913 principalis
298 2838 392 2911 partis
408 2855 483 2899 suae
501 2854 612 2900 sensus
628 2846 751 2899 estnon
767 2838 841 2898 satis
856 2837 1009 2899 dilucidus
1023 2851 1081 2896 nee

103 2935 282 2994 expressus.
318 2921 450 2996 „Dicitis
469 2923 575 2998 inquit,
591 2939 682 2984 omne
696 2922 808 2982 animal
824 2921 955 2998 primum
970 2921 1126 2981 consti-14

102 3002 212 3067 tutioni
228 3018 304 3063 suae
319 3001 482 3064 conciliari.
509 3005 641 3066 hominis
656 3013 756 3067 autem
773 3004 1019 3066 constitutionem
1033 3019 1081 3062 ra-

102 3088 248 3151 tionalem
269 3101 340 3146 essa
360 3094 392 3148 et
410 3088 480 3147 ideo
503 3087 658 3150 conciliari
678 3088 831 3150 hominem
851 3086 911 3148 sibi
931 3100 992 3146 non
1006 3092 1081 3146 tarn-

104 3189 195 3249 quam
211 3171 347 3245 animali,
365 3171 422 3232 sed
435 3178 590 3247 tamquam
605 3170 754 3231 rationali.
775 3188 814 3231 ea
828 3168 907 3230 enim
924 3176 1009 3244 parte
1024 3165 1083 3228 sibi

104 3272 194 3317 carus
217 3264 265 3317 est
287 3255 398 3329 horno,
424 3271 485 3330 qua
504 3254 596 3316 homo
617 3262 679 3315 est=
709 3254 865 3329 quomodo
885 3268 959 3328 ergo
981 3252 1082 3312 inians

104 3338 259 3402 conciliari
284 3339 490 3401 constitutioni
515 3337 656 3399 rationali
682 3344 798 3413 potest,
830 3353 899 3397 eum
925 3335 1082 3397 rationalis

104 3425 241 3487 nondum
255 3424 341 3486 sitt“
384 3423 557 3500 Unicuique
572 3420 664 3485 aetati
678 3439 736 3484 sua
749 3420 924 3484 constitutio
941 3428 1004 3494 est,
1025 3418 1084 3480 alia
1091 3427 1124 3481 15

103 3506 219 3585 intanti,
243 3509 302 3570 ulia
316 3524 429 3586 puero,
449 3508 509 3570 alia
522 3506 604 3568 seni=
626 3522 732 3569 omnes
747 3507 775 3569 ei
790 3504 997 3569 constitutioni
1011 3519 1082 3566 con·

868 3590 930 3655 *ab*
