2468 3930
163 244 224 308 134
451 243 484 302 t.
499 238 646 301 ANNAEI
668 237 843 300 SENECAE

158 398 227 458 lieri
240 411 370 456 necesse
385 403 446 469 est,
461 402 495 454 ut
509 409 577 454 curn
593 393 695 469 aliquo
713 391 803 452 nobis
818 408 924 455 morsu
938 391 1132 466 amissorum,

160 497 240 557 quos
255 480 440 553 amavimus,
463 493 575 539 nomen
591 483 752 538 occurrat:
772 475 829 536 sed
849 475 899 536 hic
913 490 1040 550 quoque
1054 492 1132 538 mor-

127 578 211 630 asus
234 564 326 624 habet
346 578 433 622 suam
448 564 643 636 voluptatem.
666 576 750 634 nam,
772 567 805 621 ut
826 551 929 620 dicere
943 559 1065 622 solebat
1079 562 1137 622 Αι-

157 650 236 710 talus
258 653 378 719 noster,
409 644 475 719 „sic
494 645 660 705 amicorum
680 643 893 705 defunctorum
915 643 1062 706 memoria
1088 645 1133 705 iu·

157 731 259 793 cunda
288 739 351 802 est,
386 729 542 804 quomodo
574 743 666 804 poma
705 726 855 803 quaedam
889 735 962 789 sunt
997 727 1132 789 suaviter

157 831 284 890 aspera,
309 812 465 889 quomodo
486 813 516 872 in
537 810 609 873 vino
629 807 719 871 nimis
741 810 836 872 veteri
860 811 929 886 ipsa
949 827 1007 872 nos
1022 806 1131 872 amari-

157 899 230 960 tudo
247 898 390 957 delectat:
414 912 481 958 cum
493 911 566 956 vero
582 894 742 958 intervenit
757 896 903 970 spatium,
925 911 1030 967 omne,
1047 896 1131 971 quod

157 981 303 1056 angebat,
327 979 529 1055 exstinguitur
550 987 581 1039 et
603 995 681 1054 pura
703 978 743 1038 ad
768 995 826 1039 nos
847 980 990 1055 voluptas
1016 979 1129 1040 venit.“

126 1064 191 1131 asi
214 1065 256 1124 illi
278 1065 446 1136 eredImus‚
476 1064 611 1138 „amicos
633 1062 803 1123 incolumes
830 1061 965 1138 cogitare
984 1062 1073 1123 melle
1094 1079 1131 1123 ar,

157 1150 297 1224 placenta
317 1149 375 1207 srui
397 1154 459 1207 est:
488 1163 610 1221 eorum,
632 1146 684 1221 qui
707 1146 842 1221 luerunt,
873 1147 1046 1207 retractatio
1068 1163 1130 1207 non

157 1234 223 1292 sine
239 1231 402 1292 acerbitate
417 1231 549 1306 quadam
563 1231 656 1291 iuvat.
684 1228 753 1304 quis
767 1238 868 1290 autem
882 1227 1039 1304 negaverit
1054 1229 1131 1290 haec

156 1314 238 1376 acria
260 1330 384 1390 quoque
399 1321 429 1373 et
444 1314 586 1374 habentia
607 1314 789 1373 austeritatis
805 1313 920 1390 aliquid
939 1313 1130 1375 stomachum

124 1412 140 1466 7
157 1399 329 1459 excitaret“
364 1397 429 1470 Ego
449 1414 510 1458 non
526 1398 606 1457 idem
621 1397 736 1457 sentio:
751 1396 823 1456 milri
842 1397 1006 1458 amicorum
1022 1397 1128 1458 delun-

156 1489 273 1543 ctorum
295 1479 437 1554 cogitatio
459 1481 556 1541 dulcis
579 1496 615 1540 ae
634 1480 747 1540 blanda
767 1487 824 1540 est.
857 1479 949 1540 habui
964 1481 1046 1541 enim
1059 1481 1128 1544 illos

154 1572 310 1639 tamquam
324 1564 507 1637 amissurus,
525 1565 612 1623 amisi
627 1570 782 1639 tamquam
794 1563 933 1624 habeam.
967 1562 1030 1624 Fac
1044 1580 1127 1640 ergo,

156 1649 196 1708 mi
219 1648 328 1719 Lucili,
353 1647 437 1723 quod
462 1647 645 1722 aequitatem
668 1655 751 1707 tuam
776 1646 879 1720 decet,
904 1646 1012 1708 desine
1036 1647 1128 1708 bene·

155 1732 257 1791 licium
282 1732 422 1792 fortunae
447 1733 524 1790 male
549 1729 756 1806 interpretari=
782 1731 922 1802 abstulit,
950 1731 1008 1791 sed
1033 1730 1127 1792 dedit.

122 1816 227 1886 gldeo
250 1815 363 1875 amieis
377 1814 467 1875 avide
488 1815 637 1887 fruamur,
661 1814 746 1890 quia,
779 1814 923 1889 quamdiu
949 1813 1127 1890 contingere

154 1899 214 1959 hoc
233 1899 347 1973 possit,
369 1897 514 1960 incertum
536 1906 592 1958 est.
628 1897 812 1974 cogitemus,
836 1913 928 1972 quam
947 1913 1044 1975 saepe
1058 1899 1126 1960 illos

152 1982 366 2059 reliquerimus
382 1983 411 2042 in
426 1982 558 2057 aliquam
570 1981 844 2056 peregrinationem
853 1981 1051 2058 longinquam
1064 1983 1114 2042 exi

153 2067 225 2139 turi,
247 2081 338 2140 quam
359 2081 455 2140 saepe
474 2066 584 2126 eodem
604 2072 758 2126 morantes
777 2067 847 2126 loeo
870 2081 931 2126 non
945 2065 1125 2126 viderimus:

153 2149 362 2224 intellegemus
396 2151 465 2224 plus
502 2165 559 2210 nos
595 2149 741 2224 temporis
772 2147 803 2208 in
832 2148 911 2210 vivis
939 2148 1125 2224 perdidisse.

120 2231 246 2302 9Eeras
272 2240 374 2294 autem
396 2232 471 2307 hoe,
502 2234 554 2308 qui
577 2230 846 2307 neglegentissime
866 2231 982 2294 amicos
1002 2232 1126 2306 liabent,

151 2317 319 2377 miserrime
334 2319 451 2392 lugent,
475 2333 531 2377 neo
546 2324 648 2377 amant
669 2331 869 2392 quemquam,
890 2316 950 2377 nisi
972 2332 1041 2378 cum
1056 2332 1124 2392 per·

152 2399 302 2461 diderinta
327 2400 460 2476 ideoque
475 2407 546 2461 tuno
563 2399 691 2460 effusius
707 2407 857 2474 moerent,
879 2398 951 2476 quia
969 2406 1124 2471 verentur,

150 2499 190 2543 ne
211 2485 334 2546 dubium
357 2485 411 2556 sit,
429 2500 468 2543 an
489 2482 670 2544 amaverint=
693 2499 763 2544 sera
782 2482 895 2544 indicia
913 2482 1054 2544 adiectus
1076 2485 1125 2545 sui

110 2574 310 2641 10quaerunt.
348 2566 381 2626 Si
395 2567 542 2628 habemus
559 2568 635 2629 alios
651 2567 783 2641 amieos,
807 2567 886 2628 male
901 2566 941 2627 de
954 2566 1002 2627 his
1018 2572 1048 2627 et
1061 2583 1123 2627 me·

150 2664 252 2710 remur
271 2657 301 2708 et
321 2649 546 2723 existimamus,
567 2652 619 2725 qui
639 2666 747 2726 porum
767 2653 869 2711 valent
890 2650 919 2710 iu
941 2649 1033 2712 unius
1054 2650 1124 2727 elati

150 2731 306 2792 solatium:
327 2733 353 2791 si
373 2749 435 2793 non
457 2733 620 2809 habemus,
643 2736 788 2795 maiorem
803 2733 942 2795 iniuriam
957 2734 1018 2809 ipsi
1032 2734 1122 2797 nobis

149 2813 277 2875 lecimus
297 2830 387 2891 quam
408 2832 427 2875 a
445 2818 566 2877 fortuna
586 2820 778 2893 accepimus:
804 2816 856 2879 illa
874 2828 968 2879 unum
989 2816 1122 2889 abstulit,

106 2915 139 2966 11
149 2914 217 2971 noS,
235 2913 460 2975 quemeumque
473 2918 533 2962 non
550 2902 687 2961 lecimus.
707 2900 824 2962 Deinde
838 2918 878 2963 ne
891 2918 984 2962 unum
1000 2900 1123 2977 quidem

148 2982 236 3042 nimis
254 2983 379 3056 amavit,
403 2983 455 3060 qui
480 2986 548 3059 plus
578 3002 669 3059 quam
692 3002 786 3047 unum
807 3000 911 3045 amare
929 3001 991 3045 non
1014 2984 1121 3059 potuit.

148 3065 267 3143 Siquis
293 3066 483 3142 despoliatus
505 3069 621 3130 amissa
644 3069 735 3129 unica
758 3069 862 3130 tunica
881 3069 1066 3144 conplorare
1087 3082 1122 3128 se

146 3151 229 3211 malit
250 3167 341 3225 quam
363 3152 612 3228 circumspicere,
639 3153 795 3228 quomodo
821 3154 918 3228 frigus
944 3151 1072 3227 effugiat
1093 3157 1122 3210 et

145 3233 263 3310 aliquid
283 3233 431 3307 inveniat,
456 3253 517 3311 quo
542 3242 623 3311 tegat
642 3239 803 3311 scapulas,
827 3252 930 3297 nonne
948 3235 1002 3296 tibi
1017 3234 1120 3313 videa·

144 3324 193 3378 tur
207 3318 429 3383 stultissimum
451 3319 546 3394 Quem
562 3321 686 3380 amabas
702 3321 851 3381 extulisti:
874 3334 1007 3395 quaere,
1030 3332 1121 3395 quem

103 3408 239 3462 laamas.
264 3402 359 3462 satius
375 3411 423 3463 est
437 3404 567 3464 amioum
581 3419 725 3479 reparare
741 3420 831 3480 quam
849 3402 935 3463 llere.
963 3399 1036 3463 Soio
1051 3416 1121 3478 per·

149 3484 250 3544 tritum
275 3486 335 3544 iam
357 3486 417 3547 hoo
438 3503 523 3553 esse.
546 3486 631 3548 uuod
652 3487 825 3549 adiecturus
849 3502 932 3556 sum,
960 3500 1025 3547 non
1048 3484 1120 3547 ideo
