2468 3930
228 106 398 168 mrsrun.
412 107 507 169 mon.
527 108 678 169 nmvn.
700 108 794 172 ura.
816 114 887 188 (u.)
988 106 1049 174 153

69 275 154 322 mum
171 257 245 336 quia
263 258 331 319 fleri
357 275 421 320 non
445 268 563 336 potest,
586 269 620 323 ut
633 262 735 336 aliqua
750 277 802 322 res
822 261 904 322 bona
926 263 1048 338 quidem

70 345 126 419 sit,
148 344 206 404 sed
222 343 366 420 optabilis
382 360 444 405 uon
461 343 510 405 sit.
546 344 663 404 Deinde
677 346 703 405 si
718 344 815 406 virtus
830 345 973 422 optabilis
990 357 1046 421 est,

69 429 187 489 nullum
196 435 297 488 autem
308 427 611 489 sinevirtutebonum
619 437 674 500 est,
685 430 894 491 omnebonum
904 431 1048 507 optabile.

67 511 190 574 Deinde
204 512 323 571 etiamsi
334 509 398 548 ***
409 518 628 572 tormentorum
646 514 731 573 tortis
744 514 888 587 patientia
903 516 1048 590 optabilis

69 602 128 657 est
157 595 339 656 Etiamnunc
353 595 523 670 interrogo:
544 611 655 672 nempe
669 596 814 657 tortitudo
830 598 971 672 optabilis
985 608 1047 661 est:
1059 607 1077 663 6

69 677 156 755 atqui
173 680 310 754 pericula
331 680 496 739 contemnit
515 688 545 740 et
559 688 717 756 provocat.
753 681 957 754 pulcherrima
975 699 1047 758 pars

69 766 138 824 eius
158 761 354 836 maximeque
375 761 521 823 mirabilis
541 764 592 822 illa
609 771 678 835 est,
699 779 761 823 non
784 765 895 824 cedere
915 766 1047 841 ignibus

70 847 194 908 obviam
210 847 255 906 ire
274 845 468 920 volneribus,
490 846 642 906 interdum
662 847 780 906 telana
800 846 896 906 vitare
914 850 1046 924 quidem,

69 930 129 990 sed
149 936 276 1005 pectore
298 930 457 1004 excipere:
480 930 507 989 si
526 931 671 991 fortitudo
693 929 837 1004 optabilis
851 936 913 1003 cst,
936 939 966 992 et
986 939 1047 992 tor·

70 1021 174 1074 menta
188 1013 337 1088 patienter
352 1013 433 1072 ferre
447 1014 582 1088 optabile
597 1022 653 1073 est.
688 1013 749 1072 boc
764 1014 845 1073 enim
860 1014 1047 1075 tortitudinis

68 1113 143 1173 pars
157 1103 215 1157 est.
253 1095 316 1155 Sed
339 1111 451 1171 separa
470 1098 543 1171 ista,
567 1104 600 1157 ut
620 1097 698 1156 dixi:
719 1096 793 1155 nihil
814 1098 872 1156 erit
893 1098 977 1171 quod
993 1098 1048 1158 tibi

69 1181 163 1241 iaciat
176 1195 323 1240 errorem.
350 1181 506 1240 nonenim
522 1181 584 1256 pati
596 1186 747 1241 tormenta
764 1180 898 1255 optabile
913 1188 974 1254 est,
991 1182 1047 1241 sed

68 1263 133 1340 pati
147 1264 274 1324 fortiter.
298 1263 372 1323 illud
384 1272 459 1340 opto
471 1264 643 1338 fortiter,
660 1265 742 1340 quod
758 1271 806 1324 est
820 1263 927 1325 virtus.
953 1265 1075 1339 „Quisl

67 1355 169 1408 tamen
185 1363 330 1421 umquam
344 1347 404 1408 hoc
419 1345 479 1406 sibi
494 1352 620 1422 optatr‘
661 1348 817 1421 Quaedam
841 1355 914 1408 vota
940 1355 1047 1422 aperta

68 1439 100 1492 ct
125 1431 269 1506 professa
294 1438 379 1504 sunl,
402 1446 471 1490 cum
489 1432 688 1505 particulatim
711 1431 801 1491 fiunt=
831 1432 982 1506 quaedam
1004 1433 1047 1491 la-

69 1520 149 1588 tent,
165 1530 234 1575 cum
245 1529 307 1574 uno
319 1521 392 1575 voto
403 1515 498 1574 mulla
510 1530 683 1589 conprensa
697 1522 777 1576 sunt.
805 1522 961 1590 tamquam
973 1522 1046 1592 opto

68 1598 143 1658 mibi
159 1596 250 1657 vitam
264 1597 434 1658 honestam.
469 1598 532 1658 vita
546 1605 645 1658 autem
663 1598 793 1659 honesta
808 1599 979 1659 actionibus
993 1617 1047 1658 va-

67 1681 124 1742 riis
150 1687 284 1742 constatr
305 1681 336 1741 in
360 1681 419 1741 hac
446 1688 494 1740 est
512 1682 621 1757 Reguli
648 1698 734 1754 arca,
765 1683 887 1742 Catonis
913 1682 1047 1743 scissum

68 1781 160 1825 manu
181 1781 239 1826 sua
257 1764 387 1839 volnus,
409 1764 511 1824 Rutilii
531 1766 669 1837 exilium,
693 1769 775 1826 calix
789 1776 971 1840 venenatus,
994 1767 1047 1840 qui

69 1848 228 1909 Socratem
242 1848 395 1910 transtulit
408 1863 425 1907 e
440 1863 564 1909 carcere
577 1848 608 1909 in
623 1851 752 1911 coelum.
782 1849 841 1924 lta,
858 1866 927 1910 cum
943 1850 1046 1925 optavi

67 1931 142 1991 mihi
158 1932 250 1992 vitam
264 1930 440 2005 honestam,
463 1932 495 1992 et'
512 1931 590 1993 haec
604 1932 724 2008 optavi,
743 1933 811 1993 sine
827 1933 940 2008 quibus
954 1934 1044 1994 inter-

68 2016 144 2076 dum
156 2014 289 2075 honesta
305 2032 365 2076 non
382 2022 485 2090 potest
499 2031 580 2076 esse.
1055 2023 1074 2078 8

340 2099 364 2160 0
383 2105 485 2175 terque
507 2106 669 2176 quotaque
688 2101 779 2173 beuti,

152 2185 218 2259 qtcls
232 2189 302 2244 onte
321 2198 376 2244 ora
391 2189 515 2258 patrum
532 2183 639 2243 Troiae
655 2185 708 2243 sub
726 2182 876 2242 moenibus
892 2185 960 2244 altis

145 2264 439 2344 -conlipitoppctercl
960 2266 962 2271 ’

70 2349 149 2424 Quid
169 2350 309 2425 interest,
333 2357 422 2426 optes
443 2351 503 2411 hoc
524 2350 614 2410 alicui
628 2365 667 2409 an
689 2349 822 2423 optabile
837 2348 934 2408 luisse
951 2347 1043 2407 latea-

66 2434 133 2494 risl
166 2433 281 2494 Decius
305 2449 341 2494 se
364 2450 421 2510 pro
446 2433 603 2510 republica
627 2434 764 2493 devovit:
793 2434 846 2505 [et]
872 2432 904 2491 in
926 2428 1074 2497 mediosa

69 2517 177 2579 hostes
192 2517 343 2580 concitato
365 2533 446 2593 equo
465 2524 592 2578 mortem
614 2524 720 2593 petens
737 2516 839 2576 inruit.
872 2516 959 2576 Alter
974 2522 1047 2590 post

67 2601 166 2675 bunc,
185 2607 332 2677 paternae
352 2602 471 2663 virtutis
493 2603 646 2673 aemulus,
671 2599 828 2675 conceptis
843 2599 1044 2661 sollemnibus

70 2700 107 2745 ac
120 2685 183 2744 iam
194 2685 397 2746 familiaribus
412 2685 514 2746 verbis
530 2686 560 2744 in
576 2686 672 2745 aciem
688 2684 942 2745 confertissimam
957 2684 1043 2744 incu-

70 2768 178 2840 currit,
208 2768 247 2828 de
270 2767 330 2829 hoc
353 2769 502 2831 sollicitus
527 2775 656 2841 tantum,
685 2777 719 2830 ut
740 2769 852 2843 litaret,
881 2767 1044 2843 optabilem

68 2867 132 2912 rem
148 2857 262 2928 putans
276 2853 388 2912 bonam
403 2860 540 2913 mortem.
575 2852 702 2913 Dubitas
722 2868 812 2926 ergo,
837 2868 874 2911 au
897 2850 1044 2926 optimum

70 2935 108 2995 sit
119 2936 350 2996 memorabilem
369 2936 446 2997 mori
466 2943 497 2996 et
516 2935 546 2994 in
561 2936 664 3010 aliquo
680 2951 775 3010 opere
789 2933 933 2995 virtutis?
971 2934 1088 3001 cumlo

71 3019 183 3095 aliquis
205 3025 356 3079 tormenta
372 3018 489 3079 fortiter
503 3020 630 3094 patitur,
655 3019 796 3078 omnibus
811 3017 973 3077 virtutibus
988 3015 1044 3075 uti·

68 3109 117 3164 tur
143 3102 294 3163 sortasse:
322 3119 384 3162 una
407 3104 437 3163 in
464 3111 607 3178 promptu
631 3101 670 3162 sit
693 3111 723 3163 et
745 3100 876 3160 maxime
898 3100 1046 3173 adpareat

69 3187 227 3261 patientia.
263 3192 397 3248 ceterum
417 3186 477 3246 illic
498 3194 546 3246 est
566 3184 726 3256 fortitudo,
747 3184 835 3242 cuius
858 3180 1001 3256 patientia
1016 3187 1046 3241 et

69 3269 236 3346 perpessio
262 3277 294 3330 et
317 3269 478 3332 tolerantia
500 3269 576 3328 rami
601 3275 680 3328 suut.
718 3266 778 3326 illic
803 3271 851 3324 est
875 3263 1044 3340 prudentia,

68 3354 137 3415 sine
164 3368 228 3430 qua
252 3354 368 3415 nullum
392 3353 484 3414 initur
509 3353 684 3425 consilium,
711 3365 791 3426 quae
815 3348 939 3423 suadet,
962 3347 1047 3423 quod
