2468 3930
152 226 213 294 148
442 228 475 288 L.
496 228 644 289 nunaut
666 226 842 290 SENECAE

152 382 277 442 iniciunt
301 379 494 440 formidinem
518 380 669 440 mentibus
694 385 724 439 et
748 379 816 440 ilias
842 397 904 441 non
925 381 1011 441 aliter
1032 393 1125 456 qnam

110 464 292 528 32animalia
307 464 429 538 speeies
444 464 571 538 periculi
586 464 707 538 agitant.
746 463 883 539 Utraque
899 479 951 524 res
965 479 1040 538 ergo
1057 465 1125 527 sino

153 565 248 609 nausa
268 548 401 607 animum
426 553 457 606 et
477 545 619 608 diffundit
638 554 669 606 et
692 546 820 607 mordet.
856 563 914 606 nee
934 547 985 607 illa
1006 549 1124 632 gaudio

152 649 209 693 nee
224 632 301 692 haee
315 638 397 691 metu
411 630 505 705 digna
520 639 579 691 est:
603 632 670 691 sola
682 629 759 691 ratio
775 629 959 691 inmutabilis
974 637 1006 690 et
1020 631 1125 692 iudieii

151 725 244 776 tenax
257 722 313 775 est.
336 715 491 775 nonenim
505 714 613 788 servit,
634 713 691 772 sed
707 714 837 789 imperat
850 714 1006 774 sensibus.
1033 715 1124 776 Ratio

151 799 263 859 rationi
276 815 333 874 par
347 804 408 870 est,
424 799 504 858 siout
515 806 632 858 rentum
648 803 749 857 reoto=
765 812 839 871 ergo
855 798 990 857 etvirtus
1002 798 1124 875 [virtuti.

152 887 255 954 virtus]
278 898 339 943 non
359 881 442 942 aliud
464 898 554 956 qnam
574 887 657 941 reeta
677 880 754 942 ratio
776 888 832 940 est.
868 896 975 940 omnes
997 882 1122 942 virtutes

152 965 287 1026 rationes
313 973 396 1026 sunt:
425 966 559 1026 rationes
585 970 787 1026 summotae:
816 964 843 1025 si
862 970 965 1024 rectae
985 972 1070 1037 sunt,
1093 973 1124 1025 et

110 1055 242 1127 adpones
262 1057 341 1111 sunt.
365 1049 467 1124 Qualis
482 1050 559 1109 ratio
576 1054 636 1122 est,
652 1050 728 1108 tales
744 1056 774 1108 et
787 1048 924 1109 actiones
940 1054 1028 1109 sunm
1047 1062 1121 1123 ergo

153 1150 259 1195 omues
274 1149 366 1209 pares
382 1140 468 1193 sunt:
490 1149 559 1192 nam
576 1147 643 1193 oum
655 1133 768 1193 similes
779 1131 889 1192 rationi
907 1131 981 1206 sint,
1006 1131 1121 1192 similes

152 1227 182 1279 et
195 1217 274 1278 inter
287 1234 322 1277 se
337 1226 417 1278 sunt.
440 1232 530 1292 pares
546 1223 646 1276 autern
663 1216 801 1276 actiones
815 1217 893 1276 inter
907 1231 943 1275 se
957 1230 1031 1276 esse
1042 1217 1121 1292 dieo,

152 1302 224 1378 quia
238 1301 387 1361 honestae
401 1307 504 1360 rectae
520 1307 607 1360 sunt:
623 1307 756 1360 aeterum
768 1314 880 1373 magna
890 1298 1047 1362 habebunt
1059 1300 1122 1361 dis-

151 1386 276 1445 crimina
295 1384 432 1443 variante
456 1383 595 1457 materia,
619 1399 698 1457 quae
717 1384 810 1445 modo
835 1384 924 1443 latior
943 1390 1006 1456 est,
1027 1383 1120 1446 modo

151 1476 295 1542 angusta,
316 1466 409 1527 modo
425 1467 576 1539 inlustris,
596 1467 688 1527 modo
703 1468 859 1541 ignobilis,
881 1467 1029 1528 modoad
1046 1470 1120 1529 mul-

149 1559 198 1612 tos
216 1552 387 1626 pertinens,
410 1551 502 1610 modo
518 1551 557 1610 ad
571 1566 699 1625 paucos.
739 1552 767 1610 in
785 1551 925 1611 omnibns
939 1557 1040 1610 tamen
1053 1551 1120 1612 istis

107 1634 191 1707 said,
207 1634 290 1710 quod
311 1634 458 1708 optimum
473 1641 529 1706 est,
547 1651 603 1708 par
617 1641 679 1694 est:
697 1634 845 1695 honestae
861 1644 941 1695 suut.
967 1642 1121 1710 tamquam

149 1718 207 1777 viri
226 1718 299 1776 boni
315 1734 422 1778 omnes
437 1733 527 1791 pares
543 1725 628 1792 sunt,
654 1734 715 1792 ‘lua
731 1718 804 1779 boni
821 1723 901 1778 sunt.
938 1717 996 1778 sed
1009 1717 1122 1780 habent

150 1800 338 1862 differentias
353 1802 476 1863 aetatis:
500 1801 577 1862 alius
593 1801 696 1861 senior
710 1811 771 1876 est,
791 1802 870 1862 alius
884 1802 1033 1862 iuvenior.
1068 1803 1122 1862 ha·

149 1884 222 1945 bem
235 1885 390 1960 eorporis:
414 1886 489 1945 alius
511 1885 680 1959 formosus,
704 1885 782 1947 alius
805 1885 950 1946 deformis
967 1892 1024 1945 est.
1067 1884 1122 1946 ha·

148 1968 220 2030 bant
235 1969 387 2030 fortunae:
410 1970 460 2028 iiie
474 1969 577 2041 dives,
599 1968 649 2028 hio
670 1984 790 2044 pauper
804 1976 865 2043 est,
888 1969 939 2028 iiie
956 1969 1121 2045 gratiosus,

148 2060 273 2127 potans,
296 2053 422 2112 urbibus
438 2060 527 2114 notus
548 2060 578 2112 et
592 2053 729 2127 populis,
751 2053 873 2126 ignotus
895 2052 945 2112 hie
964 2052 1122 2128 plerisque

148 2142 178 2196 et
193 2137 353 2197 obscurus.
390 2136 447 2197 sed
468 2152 524 2211 per
543 2136 631 2208 iilud,
655 2152 716 2210 quo
734 2136 807 2196 boni
824 2143 909 2210 sunt,
932 2151 1024 2210 pares
1040 2143 1120 2197 sunt.

104 2219 192 2280 35De
218 2220 307 2281 bonis
332 2236 370 2281 ae
396 2220 484 2279 rnaiis
509 2235 621 2280 sensus
648 2236 710 2280 non
731 2219 860 2281 iudicat:
883 2220 958 2295 quid
978 2219 1052 2281 utile
1072 2221 1120 2295 sit,

148 2303 223 2380 quid
243 2304 357 2379 inutile,
378 2305 506 2380 ignorat.
541 2319 603 2364 non
622 2309 726 2377 potest
745 2303 826 2363 ferre
841 2303 1039 2376 sententiam,
1061 2303 1122 2364 nisi

146 2389 176 2447 in
199 2404 263 2448 rern
283 2395 479 2464 praesentem
498 2388 666 2462 perductus
687 2393 744 2447 est.
777 2403 834 2448 nee
856 2387 947 2447 iuturi
969 2386 1120 2462 providus

146 2479 194 2531 est
216 2489 274 2533 neo
289 2473 442 2547 praeteriti
464 2487 595 2531 memor:
618 2469 693 2547 quid
719 2472 759 2531 sit
779 2485 985 2547 consequens,
1010 2470 1120 2532 nescit.

145 2570 184 2615 ex
198 2556 258 2616 hoo
274 2564 374 2616 autem
389 2572 490 2615 rerum
511 2555 587 2615 ordo
609 2554 770 2630 seriesque
790 2556 962 2616 contexitur
975 2562 1006 2616 et
1019 2555 1119 2615 unitas

144 2639 225 2697 vitae
245 2654 302 2712 per
320 2644 436 2698 reatum
457 2639 550 2698 itura:
572 2637 648 2699 ratio
675 2654 749 2713 ergo
772 2639 884 2699 arbitra
904 2647 953 2700 est
968 2637 1120 2700 bonorum

146 2736 183 2780 ae
198 2723 359 2781 malorum=
388 2720 488 2781 aliena
509 2728 539 2781 et
559 2728 685 2781 externa
706 2738 763 2797 pro
783 2723 895 2783 vilibus
912 2723 1006 2783 habet
1024 2730 1057 2784 et
1072 2739 1119 2799 ea,

147 2818 227 2878 quae
242 2819 344 2878 neque
357 2802 440 2865 bona
454 2812 526 2865 sunt
540 2821 641 2879 neque
656 2807 749 2880 mala,
765 2807 963 2868 accessiones
977 2805 1119 2867 minimas

145 2902 182 2946 ae
202 2888 374 2948 levissimas
396 2887 518 2949 iudicat.
555 2905 645 2949 omne
670 2888 750 2949 enirn
773 2889 816 2951 illi
836 2888 952 2952 bonum
971 2890 1002 2950 in
1016 2891 1119 2953 animo

103 2973 204 3031 anast:
242 2977 376 3033 aeterum
394 2972 476 3033 bona
498 2973 649 3048 quaedam
670 2974 768 3048 prima
789 2974 955 3050 existimat,
977 2974 1017 3035 ad
1040 2990 1120 3050 quae

145 3072 184 3115 ex
199 3058 358 3131 proposito
378 3058 474 3129 venit,
498 3065 654 3130 tamquam
673 3057 847 3132 victoriam,
868 3057 968 3120 bonos
993 3058 1119 3136 liberos,

145 3140 273 3200 salutem
287 3141 414 3216 patriae.
451 3140 603 3216 quaedam
618 3141 770 3214 secunda,
799 3158 879 3217 quae
893 3158 955 3203 non
970 3142 1121 3217 adparent

144 3222 203 3282 nisi
219 3225 249 3283 in
264 3226 356 3285 rebus
373 3224 529 3298 adversis,
558 3232 713 3300 tamquam
728 3241 829 3301 aequo
845 3225 946 3288 animo
960 3226 1025 3302 pati
1038 3242 1119 3288 mor·

144 3305 216 3365 bum
239 3325 396 3384 magnum,
424 3308 558 3369 exilium.
598 3309 749 3384 quaedam
775 3310 890 3386 media,
921 3325 1002 3386 quae
1023 3309 1119 3372 nihilo

143 3391 240 3465 magis
265 3393 435 3453 seeundum
460 3398 597 3454 naturam
622 3401 693 3454 sunt
718 3410 809 3469 quam
835 3401 942 3456 eontra
968 3401 1120 3471 naturam,

160 3482 298 3550 nmquam
317 3477 484 3550 prudenter
507 3478 676 3552 ambulare,
709 3477 871 3553 conposite
899 3480 1020 3540 sedero.
1055 3494 1121 3541 non
