2468 3930
212 247 276 312 414
503 248 536 306 L.
555 247 703 306 ANNAEI
722 245 897 307 SENECAE

182 401 244 469 cin
257 400 324 460 aliis
339 397 520 459 animalibus
535 394 659 459 tardior.
691 395 785 470 Quid,
806 396 833 455 si
849 395 919 470 quis
932 397 1024 456 vellet
1038 413 1101 457 non
1117 413 1189 458 ocu-

211 483 266 559 lis,
289 483 346 542 sed
368 487 448 542 tactu
471 478 586 540 minuta
605 481 803 540 discerneret
829 479 968 540 subtilior
989 480 1092 540 adhuc
1107 481 1190 542 acies

211 569 296 628 nulla
316 582 408 640 quam
429 566 588 624 oculorum
603 571 634 623 et
647 562 819 623 intentior*
833 564 920 623 daret
933 565 1048 624 bonum
1063 566 1190 626 malum·

214 666 274 725 que
289 649 462 709 dinoscere.
494 649 600 722 Vides,
615 649 646 707 in
662 654 776 722 quanta
786 648 956 722 ignorantia
970 649 1107 710 veritatis
1123 666 1190 711 ver·

215 740 297 794 setur
311 740 341 794 et
357 747 448 809 quam
463 731 546 793 humi
567 732 708 793 sublimia
729 747 765 790 ac
781 731 884 791 divina
903 731 1082 808 proiecerit,
1107 736 1192 809 apud

182 829 303 894 oquem
319 818 490 877 desummo
505 815 588 875 bono
603 817 744 889 maloque
758 815 872 875 iudicat
885 823 994 876 taetus.
1016 816 1189 891 „Quemad-

210 902 350 973 modum,
373 900 485 976 inquit,
509 900 607 960 omnis
627 899 754 959 scientia
774 906 866 974 atque
887 916 940 961 ars
959 900 1077 976 aliquid
1098 901 1191 962 debet

210 985 325 1045 habere
338 985 530 1044 manifestum
543 998 700 1058 sensuque
712 983 969 1057 conprehensum,
981 999 1021 1043 ex
1033 1001 1095 1059 quo
1108 985 1189 1046 oria-

209 1075 258 1129 tur
279 1076 309 1129 et
330 1074 464 1139 crescat,
487 1068 533 1126 sic
547 1067 637 1126 beata
653 1066 715 1126 vita
730 1067 957 1128 fundamentum
981 1075 1012 1128 et
1031 1067 1149 1130 initium
1172 1086 1189 1128 a

210 1152 379 1213 manifestis
401 1152 484 1211 ducit
505 1157 535 1210 et
550 1165 602 1223 eo,
626 1149 710 1225 quod
724 1150 782 1210 sub
799 1166 924 1212 sensum
947 1151 1047 1211 cadat.
1076 1169 1187 1228 nempe

209 1252 266 1299 vos
282 1252 301 1296 a
315 1235 483 1295 manifestis
498 1235 618 1295 beatam
632 1235 722 1294 vitam
734 1234 851 1294 initium
866 1235 914 1295 sui
929 1250 1041 1311 capere
1056 1236 1187 1298 dicitis.“

180 1321 344 1386 illicimus
359 1321 449 1379 beata
463 1334 550 1390 esse,
574 1334 654 1392 quae
669 1318 838 1378 secundum
853 1326 992 1379 naturam
1007 1319 1084 1380 sint=
1113 1321 1186 1396 quid

210 1412 310 1465 autern
325 1403 496 1463 secundum
509 1409 648 1462 naturam
661 1403 715 1474 sit,
731 1405 831 1477 palam
848 1409 878 1462 et
892 1404 1033 1477 protinus
1048 1403 1186 1480 adparet,

208 1490 288 1549 sicut
312 1487 386 1563 quid
408 1487 447 1547 sit
466 1485 625 1561 integrum.
667 1484 755 1560 Quod
782 1486 951 1549 secundum
971 1493 1110 1548 naturam
1130 1494 1184 1561 est,

209 1572 293 1647 quod
315 1571 441 1646 contigit
460 1571 599 1645 protinus
619 1577 706 1640 nato,
730 1586 791 1630 non
812 1571 881 1631 dico
902 1572 1034 1646 bonum,
1059 1572 1117 1632 sed
1131 1573 1185 1632 ini-

207 1657 280 1716 tium
295 1655 379 1715 boni.
401 1661 435 1714 tu
446 1669 596 1714 summum
607 1656 737 1727 bonum,
753 1656 954 1730 voluptatem,
969 1654 1118 1716 infantiae
1132 1657 1185 1716 do

208 1755 283 1814 nac,
304 1745 338 1799 ut
358 1739 430 1799 inde
450 1738 576 1813 incipiat
594 1753 742 1810 nascens,
767 1755 828 1813 quo
847 1746 1078 1800 consummatus
1093 1740 1184 1801 homo

179 1822 358 1898 spervenit.
383 1837 527 1882 cacumen
542 1821 655 1882 radicis
676 1822 746 1882 loco
763 1821 865 1897 ponis.
886 1822 918 1883 st
937 1825 1006 1899 quis
1021 1824 1139 1886 diceret
1152 1825 1183 1884 il-

206 1907 315 1968 lumin
330 1914 466 1967 materno
478 1912 564 1966 utero
579 1907 737 1980 latentem,
755 1922 849 1967 sexus
866 1924 991 1983 quoque
1002 1907 1127 1983 incerti,
1142 1917 1184 1970 te

207 2007 314 2053 nerum
336 1998 366 2050 et
387 1991 586 2067 inperfectum
611 1996 642 2050 et
663 1988 821 2050 informem
848 1992 909 2051 iam
928 1990 960 2052 in
977 1991 1080 2067 aliquo
1101 1992 1184 2054 bono

207 2091 294 2149 esse,
318 2083 425 2150 aperte
439 2073 592 2134 videretur
606 2089 724 2134 errare:
753 2075 837 2150 atqui
859 2077 1038 2150 quantulum
1058 2075 1185 2138 interest

206 2162 285 2220 inter
300 2175 384 2234 eum,
408 2160 459 2234 qui
482 2175 551 2218 oum
566 2159 697 2219 maxime
710 2157 803 2219 vitam
819 2159 945 2236 accipit,
966 2166 997 2221 et
1011 2159 1111 2236 illum,
1133 2160 1183 2237 qui

208 2253 413 2305 maternorum
429 2243 583 2303 ufscerum
602 2245 701 2303 latens
719 2259 798 2304 onus
821 2249 890 2303 estt
918 2252 1063 2318 uterque,
1089 2260 1183 2321 quan-

207 2336 270 2389 tum
292 2329 333 2389 ad
353 2328 536 2388 inteffectmn
557 2327 628 2387 boni
650 2343 687 2386 ao
707 2327 792 2399 mali,
814 2343 914 2403 aeque
933 2334 1071 2388 maturus
1093 2335 1141 2389 est
1155 2334 1184 2388 et

206 2430 268 2474 non
289 2412 386 2487 magis
408 2410 509 2471 infans
528 2411 628 2471 adhuc
650 2410 722 2471 boni
743 2427 842 2487 capax
857 2419 905 2474 est
917 2428 1010 2487 quam
1024 2412 1118 2472 arbor
1132 2418 1183 2472 aut

206 2505 321 2558 mutum
347 2495 473 2572 aliquod
495 2494 615 2555 animal.
650 2510 745 2571 quare
764 2503 864 2556 autem
885 2496 1000 2557 bonum
1020 2497 1050 2555 in
1072 2496 1182 2557 arbore

206 2581 390 2656 animalique
410 2587 493 2640 mulo
515 2596 577 2640 non
591 2586 660 2639 esti
687 2579 760 2654 quia
774 2595 831 2639 nec
843 2580 932 2641 ratio.
961 2580 1002 2641 ob
1015 2578 1077 2641 hoc
1092 2579 1124 2638 in
1138 2578 1182 2640 in·

205 2666 287 2724 fante
302 2678 426 2739 quoque
440 2680 501 2724 non
518 2670 574 2723 est.
596 2678 666 2723 nam
680 2670 710 2723 et
723 2662 793 2723 huic
807 2664 910 2724 deest=
931 2671 1003 2725 tunc
1014 2663 1055 2725 ad
1068 2663 1182 2725 bonum

175 2754 193 2809 9
203 2747 378 2821 perveniet,
399 2761 468 2806 eum
491 2748 530 2806 ad
551 2747 699 2806 rationem
714 2748 898 2823 pervenerit
924 2748 980 2809 Est
997 2748 1123 2823 aliquod
1137 2745 1182 2807 in·

204 2829 352 2889 rationale
366 2830 492 2902 animal,
508 2837 557 2890 est
569 2830 694 2906 aliquod
705 2832 841 2892 nondum
851 2831 1012 2906 rationale,
1028 2838 1078 2893 est
1091 2831 1181 2891 ratio-

205 2913 275 2973 nale
290 2913 347 2974 sed
361 2913 578 2990 inperfectum:
600 2914 629 2973 in
644 2916 727 2976 nullo
743 2915 853 2976 horum
866 2916 996 2978 bonum:
1013 2914 1092 2976 ratio
1107 2914 1181 2975 illud

205 3012 312 3059 secum
326 2998 433 3060 adfert.
463 2997 538 3075 quid
558 3013 632 3073 ergo
654 2999 733 3059 inter
747 3000 820 3075 ista,
842 3016 923 3076 quae
938 2998 1043 3072 retuli,
1070 2999 1183 3059 distat?

204 3083 235 3143 in
250 3098 304 3159 eo,
321 3084 405 3158 quod
418 3081 598 3144 inrationale
613 3090 674 3158 est,
691 3099 856 3159 numquam
871 3084 928 3145 erit
941 3083 1066 3145 bonum.
1087 3082 1118 3142 in
1134 3096 1181 3154 eo,

206 3168 289 3244 quod
305 3168 440 3229 nondum
453 3166 601 3229 rationale
616 3174 678 3241 est,
692 3173 764 3227 tunc
779 3169 978 3230 essebonum
992 3183 1054 3229 non
1069 3172 1181 3243 potest

205 3251 306 3314 sedin
322 3269 375 3325 eo,
405 3252 489 3328 quod
509 3260 557 3312 est
577 3251 725 3312 rationale
740 3252 798 3312 sed
812 3252 1028 3327 inperfectum,
1048 3248 1111 3313 iam
1124 3265 1180 3325 po·

162 3344 263 3400 latest
282 3353 354 3398 esse
373 3337 502 3410 bonum,
526 3335 584 3396 sed
603 3342 738 3397 nonest.
767 3337 812 3397 lta
824 3336 909 3412 dico,
931 3335 1043 3396 Lucilia
1064 3335 1181 3396 bonum

203 3421 311 3482 nonin
326 3421 463 3498 quolibet
474 3435 622 3497 corpore,
642 3436 704 3481 non
718 3421 749 3482 in
765 3422 901 3496 qualibet
914 3427 1013 3481 aetate
1027 3418 1182 3481 invenitur

200 3511 232 3567 et
252 3512 368 3568 tantum
387 3505 475 3566 abest
493 3505 532 3564 ab
552 3502 692 3579 infantia,
715 3511 861 3582 quantum
883 3504 1015 3582 aprimo
1031 3503 1180 3576 ultimum,
