2468 3930
145 250 210 315 eoo
442 249 475 310 u.
498 248 645 310 annam
668 209 843 308 sunucnu

295 400 297 404 ’
352 402 540 461 Iniuriarum
553 401 716 461 remedium
729 406 773 461 est
785 401 898 462 oblivio.

349 484 499 544 Audentes
509 485 636 559 satana
649 487 739 544 tonat.

347 569 439 642 Piper
451 569 516 644 ipse
528 570 586 628 sibi
597 569 698 628 obstat.

145 653 338 713 Advocatum
363 650 422 711 ista
442 667 503 712 non
525 657 683 726 quaerunt.
720 650 860 711 adiectus
888 649 975 726 ipsos
999 658 1129 727 aarum

102 744 173 800 acet
195 742 302 796 natura
315 735 377 795 vim
398 751 484 796 suam
499 743 662 795 exercente
678 735 850 810 proflatum.
879 732 1017 796 Omnium
1032 735 1128 798 hone-

145 828 260 882 starum
287 834 389 879 rerum
413 819 531 878 semina
554 819 646 879 animi
670 825 794 893 gerunt,
820 834 900 893 quae
920 819 1129 880 admonitione

146 905 334 976 excitantur,
368 919 429 963 non
455 903 541 963 aliter
566 918 656 978 quam
683 901 814 962 scintilla
840 900 915 964 flatu
938 903 998 962 levi
1023 903 1129 965 adiuta

145 990 246 1063 ignem
262 1003 350 1049 suum
367 985 516 1061 explicam
531 984 657 1060 erigitur
671 986 783 1060 virtus,
798 1001 868 1047 cum
882 993 962 1047 tacta
975 995 1024 1047 est
1037 995 1069 1048 et
1082 987 1127 1047 in·

146 1074 246 1149 pulsa.
281 1071 443 1130 Praeterea
466 1069 618 1145 quaedam
639 1075 711 1129 sunt
732 1068 857 1145 quidem
876 1069 908 1129 in
928 1070 1047 1146 animo,
1070 1071 1129 1131 sed

145 1173 254 1232 parum
276 1161 432 1231 prompta,
455 1169 535 1230 quae
557 1151 707 1229 incipiunt
729 1154 759 1212 in
781 1154 925 1230 expedito
947 1170 1035 1229 esse,
1058 1171 1133 1220 curn

146 1238 322 1300 dictasunt.
356 1239 509 1313 quaedam
531 1235 664 1298 diversis
684 1237 762 1298 locis
778 1238 880 1299 iacent
901 1253 1027 1313 sparsa,
1046 1252 1129 1313 quae

147 1318 328 1385 contrahere
343 1320 541 1382 inexercitata
553 1336 640 1380 mens
655 1338 717 1382 non
735 1328 845 1396 potest.
867 1323 972 1397 itaque
985 1320 1017 1381 in
1032 1337 1128 1384 unum

147 1407 335 1468 conserenda
350 1413 421 1465 sunt
433 1412 462 1465 et
475 1405 644 1479 iungenda,
659 1407 776 1480 utplus
793 1407 914 1465 valeant
929 1405 1126 1482 animumque

104 1490 243 1565 itomagis
259 1490 414 1550 adierant:
444 1495 497 1549 aut
516 1489 543 1548 si
565 1496 731 1564 praecepta
751 1487 824 1549 nibil
845 1488 1005 1562 adiuvant,
1028 1489 1128 1554 omnis

146 1574 292 1634 institutio
307 1573 443 1633 tollenda
457 1579 517 1647 est,
532 1572 602 1646 ipsa
614 1581 720 1633 natura
733 1573 865 1634 contenti
880 1588 952 1634 esse
967 1572 1128 1634 debemus.

145 1657 213 1717 Hoc
228 1657 280 1732 qui
296 1655 414 1728 dicunt,
438 1672 500 1715 non
521 1654 627 1716 vident
641 1657 731 1717 alium
748 1655 861 1730 ingenii
875 1672 947 1717 esse
961 1656 1083 1718 mobilis
1098 1663 1129 1717 et

145 1741 254 1814 erecti,
277 1740 369 1801 alium
387 1740 465 1800 tardi
481 1747 511 1800 et
525 1739 662 1814 hebetis,
682 1740 786 1814 unque
806 1739 898 1801 alium
914 1741 973 1801 alio
989 1739 1128 1816 ingenio·

147 1826 270 1885 siorem.
299 1823 411 1898 ingenii
431 1823 479 1884 vis
500 1824 675 1900 praeceptis
690 1824 779 1884 alitur
793 1831 824 1884 et
839 1823 950 1886 crescit
965 1837 1128 1900 novasque

104 1922 137 1976 31
146 1906 366 1984 persuasiones
378 1908 470 1968 adicit
480 1907 592 1968 innatis
604 1915 634 1968 et
645 1908 811 1983 depravata
821 1909 952 1984 corrigit.
975 1907 1028 1982 „si
1045 1907 1127 1982 quis,

147 1992 261 2068 inquit,
277 2008 339 2052 non
358 1991 450 2054 habet
462 2000 547 2053 recta
561 1991 698 2064 decreta,
714 1992 788 2067 quid
803 1991 885 2053 ilium
900 1990 1127 2053 admonitiones

148 2076 295 2137 iuvabunt
308 2076 428 2136 vitiosis
450 2076 663 2151 obligaturum
689 2077 756 2136 Hoc
771 2076 903 2151 seilicet,
925 2083 959 2138 ut
977 2073 1038 2136 illis
1052 2074 1129 2136 libe·

147 2167 239 2221 retur.
273 2161 434 2221 nonenim
457 2161 607 2221 exstincta
626 2160 657 2219 in
677 2160 729 2220 illo
751 2159 871 2221 indoles
898 2158 1045 2222 naturalis
1070 2167 1128 2233 est,

149 2245 204 2304 sed
220 2244 423 2305 obscurataet
439 2245 606 2320 obpressa:
626 2243 672 2304 sic
685 2259 811 2320 quoque
827 2250 953 2320 temptat
963 2258 1129 2318 resurgere

148 2337 179 2390 et
195 2336 302 2389 canna
315 2344 411 2404 prava
425 2329 537 2391 aititur.
560 2334 755 2389 nanctavero
773 2327 961 2403 praesidium
976 2334 1008 2388 et
1023 2327 1129 2388 adiuta

147 2411 323 2489 praeceptis
337 2411 498 2486 evalescit,
513 2412 539 2479 si
554 2420 653 2473 tamen
664 2413 745 2472 iliam
761 2412 877 2473 diutina
891 2411 989 2486 pestis
1003 2426 1066 2471 non
1082 2410 1127 2470 in·

147 2497 220 2557 iecit
234 2511 291 2555 nec
308 2497 442 2557 enecuit:
465 2497 544 2557 hanc
559 2494 638 2556 enim
656 2511 695 2555 ne
710 2494 874 2570 disciplina
889 2495 1013 2571 quidem
1028 2493 1127 2569 philo·

148 2579 277 2655 sophiae
298 2586 362 2640 toto
385 2581 491 2654 inpetu
505 2595 563 2640 suo
579 2579 708 2640 connisa
721 2580 867 2642 restituet.
898 2577 973 2655 quid
987 2578 1067 2640 enim
1082 2576 1128 2638 in-

149 2671 243 2723 terest
257 2662 335 2722 inter
350 2663 473 2723 decreta
488 2661 703 2738 philosophiae
719 2671 749 2724 et
763 2671 944 2739 praecepta,
966 2660 1026 2723 nisi
1041 2661 1128 2738 quod

149 2747 199 2806 iila
211 2745 364 2819 generalia
377 2754 544 2822 praecepta
555 2753 641 2819 sunt,
658 2746 735 2807 haec
747 2747 915 2823 speeiaiiat
935 2752 1127 2822 utraqueres

106 2846 141 2901 32
148 2826 312 2905 praecipit,
334 2830 391 2890 sed
416 2832 510 2892 altera
529 2830 559 2890 in
581 2837 693 2906 totum,
715 2830 915 2906 particulatim
930 2832 1034 2892 altera.
1066 2828 1127 2904 „Si

149 2913 234 2990 quis,
255 2911 367 2988 inquit,
389 2922 473 2974 rccta
486 2913 578 2976 habet
592 2921 622 2975 et
641 2915 772 2977 honesta
787 2916 926 2989 decreta,
951 2913 1002 2975 hie
1018 2929 1058 2974 ex
1074 2929 1126 2974 su-

148 3013 303 3074 pervacuo
330 3004 506 3059 monetur.“
535 2999 668 3061 Minime.
699 3016 769 3060 nam
794 2999 843 3060 hie
870 3013 995 3075 quoque
1014 2997 1126 3057 doctus

150 3084 272 3159 quidem
288 3091 334 3144 est
348 3084 465 3157 iacere,
489 3099 569 3160 quae
586 3083 690 3158 debet,
713 3084 769 3144 sed
787 3083 865 3143 haec
884 3082 1037 3143 nonsatis
1056 3096 1127 3157 per·

149 3168 249 3244 spicit.
277 3184 339 3229 non
361 3169 441 3228 enim
460 3174 576 3229 tantum
596 3167 768 3229 adfectibus
789 3165 976 3243 inpedimur,
994 3182 1056 3242 quo
1071 3163 1125 3225 mi-

149 3270 208 3314 nus
227 3254 388 3328 probanda
408 3253 571 3325 iaciamus,
594 3252 651 3314 sed
671 3250 812 3328 inperitia
832 3249 1023 3325 inveniendi,
1052 3247 1126 3325 quid

150 3352 292 3414 quaeque
306 3354 357 3398 res
372 3338 484 3412 exigat.
510 3336 665 3398 Habemus
685 3336 835 3397 interdum
851 3335 1046 3412 conpositum
1061 3331 1125 3394 ani·

149 3438 247 3493 mum,
268 3422 325 3482 sed
337 3420 470 3482 residem
485 3429 516 3483 et
529 3421 758 3482 inexercitatum
773 3421 813 3481 ad
827 3419 1042 3484 inveniendam
1057 3417 1126 3480 offl-

106 3506 264 3568 tectorum
279 3505 376 3582 viam,
393 3521 484 3580 quam
498 3505 663 3566 admonitio
678 3505 873 3566 demonstrat.
895 3502 1064 3580 ,mapella
1079 3498 1124 3560 in·
