2468 3930
484 226 720 278 PRAEFATIO.

169 374 224 415 tur:
252 367 279 414 si
304 363 388 413 nihii
413 363 551 418 obstitit.
573 390 608 400 —
628 364 662 417 ib.
686 363 746 426 §3.
768 362 827 414 fort.
852 372 929 415 scrib.
947 363 1104 427 verisque

170 434 299 498 555555
322 432 416 483 solet.
434 458 469 467 —
494 448 516 485 c.
536 433 583 497 18,
600 430 626 486 3.
644 433 742 482 scribe:
762 433 1103 498 palpitantemque.-

168 502 204 555 ib.
218 503 235 564 s
251 504 277 554 4.
298 500 357 554 fort.
377 501 453 554 scrib.
469 502 626 566 suxetiie,
647 509 674 552 ut
694 503 727 550 sit
742 515 844 561 versus,
866 502 910 563 qui
927 507 1011 564 potest
1028 501 1104 551 Ennii

171 585 235 620 esse.
254 597 287 608 -
303 587 324 621 c.
344 568 385 630 20,
403 570 429 618 4.
447 568 506 622 fort.
522 571 597 624 scrib.
614 571 737 619 evenit:
760 569 788 618 si
805 569 945 635 virgam.
966 595 1001 606 -
1024 584 1102 635 cupp.

169 641 202 688 22
222 647 246 688 et
264 638 307 692 23.
324 638 433 688 fortusse
450 639 566 702 ponende
586 647 643 688 ente
657 653 679 691 c.
695 636 737 692 20.
753 663 787 675 -
802 653 824 691 c.
840 638 889 701 24,
907 639 931 692 1.
949 635 1008 690 fort.
1025 639 1104 691 scrib.

169 715 246 756 sunt
261 709 290 756 ei
309 706 389 760 solo.
405 707 488 759 -15,
505 706 520 768 ξ
535 705 560 759 3.
576 705 633 769 forr.
652 707 728 758 scrib.
747 707 817 757 loco
835 707 1002 761 aestuarii.

168 775 201 835 V,
221 790 244 828 c.
262 778 293 839 4,
315 775 338 828 1.
365 775 424 829 fort.
446 774 521 825 scrib.
538 789 574 824 ex
590 775 722 826 humido
739 789 786 839 pro
809 789 847 824 ex
867 774 942 829 imo.
962 800 997 811 -
1017 791 1040 829 c.
1060 773 1101 830 10.

169 852 234 897 extr,
255 844 349 894 scribe:
373 842 553 896 defendit.‘⁴
572 871 605 880 -
626 859 649 898 c.
673 843 721 906 18,
738 844 764 897 0.
790 843 848 896 fort.
871 844 945 896 scdb.
967 845 1103 894 testium

186 912 442 963 conlaudandus
461 920 517 965 est.

168 997 214 1060 Vi,
227 1011 248 1048 c.
266 999 291 1058 2,
310 1000 335 1052 b.
358 999 454 1048 Versus
470 996 578 1048 fortusse
593 996 652 1047 tuiis
666 995 726 1046 tuit:
750 997 818 1046 sive
836 996 1017 1047 cudendum
1033 995 1037 1059 Ι
1054 1003 1102 1047 est

169 1064 264 1127 mihi,
291 1067 330 1116 de
347 1066 438 1116 coelo
458 1065 683 1115 mececidisse
705 1065 809 1118 velim.
832 1093 867 1105 -
891 1063 976 1130 c.29,
994 1066 1019 1116 2.
1041 1064 1100 1118 iort.

169 1135 243 1186 scrib.
262 1136 434 1200 consipere
449 1149 495 1200 pro
513 1147 575 1183 non
589 1133 753 1199 desipere.

167 1220 225 1280 VII,
244 1235 266 1270 c.
280 1219 359 1280 20,1,
379 1221 462 1270 scribe
481 1219 610 1270 etiamsi
626 1233 673 1284 pro
688 1219 763 1269 etsi.
779 1219 832 1272 vid.
848 1232 926 1284 snpru
941 1232 969 1283 p.
986 1217 1056 1272 XIV.
1067 1243 1103 1257 -

168 1301 190 1339 o.
205 1289 249 1350 27,
266 1290 292 1338 4.
314 1289 393 1337 scribe
414 1289 508 1338 vides
529 1289 627 1336 enim:
651 1301 697 1351 pro
716 1289 777 1352 quid
795 1288 899 1336 enimi
918 1307 953 1324 —
973 1303 996 1342 c.
1012 1286 1060 1349 30,
1074 1287 1099 1337 i.

168 1355 329 1405 scribendum
345 1358 443 1406 videtur
455 1354 575 1406 voltum
589 1356 802 1408 demittimus.
1142 1370 1144 1379 ·

101 1451 177 1519 voh.
197 1455 245 1522 ΙΙΙ,
265 1457 313 1521 Ep.
327 1456 358 1515 5,
376 1458 401 1507 7.
423 1456 481 1511 fort.
496 1455 589 1509 scrib:
616 1457 727 1506 Dicens
747 1471 851 1523 „ergo
864 1457 929 1507 iste
947 1462 1010 1505 tam
1030 1455 1097 1513 div,

170 1551 202 1560 —
223 1525 269 1589 Ep.
288 1526 375 1584 0,17.
395 1540 472 1575 voces
491 1526 595 1575 illucet
614 1525 775 1590 adpetitio
794 1523 964 1576 societatis
982 1525 1037 1576 sive
1056 1537 1101 1589 ge·

170 1595 263 1645 nuinue
283 1601 343 1642 sunt
360 1594 413 1643 sive
432 1595 533 1659 spuriae
553 1607 609 1644 cnm
628 1601 686 1644 ente
705 1609 792 1644 vocem
813 1594 970 1657 quomodo
985 1592 1101 1658 1535555-
1142 1620 1144 1633 ι

169 1673 219 1722 tur,
240 1661 401 1712 collocandae
414 1662 486 1711 visae
502 1669 562 1712 suut
577 1670 635 1728 post
652 1676 726 1712 voces
745 1662 912 1712 naturalis
930 1661 1086 1711 inritatio
1142 1654 1144 1721 J

171 1731 239 1794 quod
253 1744 319 1779 nunc
332 1730 416 1781 nescio
431 1745 480 1792 quo
499 1746 583 1781 errore
596 1731 668 1781 aliter
679 1731 781 1785 facturn.
798 1757 832 1766 —
852 1730 871 1778 E
892 1765 898 1780 .
918 1729 1020 1790 13,13.
1041 1728 1100 1782 fort.
1142 1742 1144 1793 J

171 1799 246 1851 scrib.
266 1799 378 1849 dumus
395 1813 451 1848 nos
464 1800 572 1850 timori
591 1799 752 1852 ferendos.
778 1799 812 1854 51.
830 1745 896 1849 nid.
914 1799 963 1861 Vi,
980 1797 1011 1858 2,
1026 1799 1053 1852 2.
1068 1821 1101 1833 -
1142 1796 1144 1841 Ξ

170 1867 217 1932 Ep.
239 1867 281 1931 15,
298 1865 323 1917 8.
345 1865 403 1921 iort.
422 1868 497 1921 scrib.
515 1867 622 1919 lenius
643 1883 690 1934 pro
706 1868 843 1920 leutius.
868 1874 892 1917 st
911 1866 1016 1917 deinde:
1038 1881 1101 1915 mo·

169 1935 449 2000 derutorisni(vei
463 1933 662 2002 suo)psreet
680 1952 747 1989 nec.
768 1962 803 1972 —
821 1936 869 2001 Ep,
888 1937 932 1997 17,
945 1937 970 1985 5.
994 1933 1103 1985 fortusse
1142 1952 1144 1983 ι

168 2012 280 2068 praestet
294 2005 330 2054 sic
342 2006 533 2071 interpungere:
546 2006 726 2071 parandum
740 2014 797 2060 est.
825 2005 910 2069 quod
927 2011 960 2053 tu
978 2001 1101 2055 differs
1142 1988 1144 2075 1

171 2082 199 2122 et
223 2082 296 2137 post
316 2081 429 2123 cetero
451 2087 565 2139 puras,
593 2074 628 2125 eb
652 2073 713 2124 hoc
741 2073 967 2138 incipiendum
989 2079 1047 2122 est.
1068 2097 1102 2107 -
1142 2078 1144 2121 t

169 2142 216 2207 Ep.
234 2142 276 2203 27,
291 2143 318 2194 4.
342 2140 401 2196 iort.
421 2144 499 2198 scrib.
514 2148 683 2206 cessetur,
706 2144 762 2193 sed
781 2140 889 2192 55555
908 2140 1099 2190 festinetur.
1142 2126 1144 2191 1

169 2236 204 2247 -
217 2210 263 2274 Ep.
279 2209 320 2268 30,
338 2210 363 2263 3.
379 2209 437 2264 fort.
449 2214 527 2268 scrib.
541 2209 641 2261 finem
655 2225 744 2261 suum
758 2216 942 2276 eoespeotst.
958 2207 1101 2274 -15530,

172 2279 212 2332 ll.
229 2278 284 2329 fort.
303 2279 378 2333 scrib.
393 2279 495 2331 hiems
514 2279 631 2342 cessit,
648 2281 705 2330 sed
723 2278 875 2330 referent.
895 2303 930 2319 ·-
952 2277 1001 2341 Ep.
1017 2274 1060 2338 37,
1075 2277 1100 2328 4.

171 2348 229 2398 fort.
249 2348 324 2398 scrib.
341 2349 511 2414 subicere,
532 2361 656 2398 omnem
674 2348 790 2399 subice
806 2345 1032 2400 5555511551.-
1053 2343 1099 2410 Ep.
1142 2368 1144 2373 ·

169 2415 212 2480 40,
228 2416 253 2468 9.
273 2416 332 2469 fort.
351 2417 426 2471 scrib.
446 2417 579 2468 mireris
595 2430 642 2481 pro
662 2416 798 2466 videris.
816 2440 850 2451 —
869 2414 917 2480 Ep.
930 2415 980 2478 45,
994 2414 1021 2469 8.
1040 2411 1100 2466 fort.
1142 2450 1144 2473 ,

169 2486 244 2539 scrib,
262 2494 294 2535 ut
309 2486 450 2551 nesciet,
465 2501 534 2537 cum
552 2483 603 2532 illi
621 2485 701 2538 subt.
718 2485 790 2540 coil.
809 2483 1027 2550 persuaseris.
1046 2483 1101 2546 inp
1142 2486 1144 2537 1

170 2556 237 2604 enim
255 2554 282 2604 si
297 2553 377 2614 deest,
390 2555 416 2601 in
429 2553 448 2603 P
460 2569 538 2620 snpra
551 2552 672 2618 scriptum
685 2561 731 2608 est.
747 2580 779 2590 -
795 2553 841 2618 Ep.
856 2553 898 2613 53,
912 2551 938 2604 9.
952 2551 1012 2602 iort.
1026 2551 1100 2601 scrib.
1142 2550 1144 2620 1

170 2624 288 2673 adesse
304 2623 407 2672 iubet.
424 2648 455 2659 -
472 2624 506 2672 ib.
522 2622 589 2686 511.
603 2620 721 2675 fort.scr.
737 2622 850 2672 Totum
863 2621 924 2670 555
943 2627 1101 2671 converte
1142 2628 1144 2697 5

171 2689 213 2757 [te]
233 2697 386 2740 mente·
400 2689 448 2753 Ep.
463 2690 505 2752 50,
519 2694 544 2744 5.
564 2689 622 2744 fort.
642 2690 717 2745 scrib.
739 2691 857 2741 decore
873 2693 1102 2740 evocentur·
1142 2708 1144 2759 p

169 2762 217 2825 Ep.
236 2758 277 2813 63,
293 2757 319 2807 0.
337 2755 396 2808 iort.
411 2759 484 2808 scrib.
498 2760 573 2827 pius
591 2760 685 2809 nobis
703 2760 863 2824 temporis
881 2759 913 2809 i'n
929 2757 1014 2808 vivis
1030 2768 1103 2821 per·
1142 2770 1144 2781 ·

168 2830 258 2878 iisse.
275 2851 311 2864 -
327 2825 374 2892 Ep.
390 2825 433 2889 07,
449 2829 490 2878 12.
508 2829 565 2881 fort.
582 2828 657 2881 scrib.
675 2826 769 2886 05152
788 2836 821 2877 tu
837 2842 884 2894 pro
902 2829 950 2876 Itu
965 2834 1007 2876 tu.
1021 2849 1055 2860 —
1067 2821 1102 2872 ib·
1141 2798 1144 2893 Ι

169 2894 275 2959 81015
287 2894 435 2960 codpest:
451 2898 563 2959 quidni
581 2896 638 2946 hoc
653 2896 799 2961 optabile
817 2903 924 2946 sutem
937 2908 996 2945 non
1009 2889 1100 2957 quod.
1142 2898 1144 2955 ξ

170 2966 215 3013 sed
229 2963 288 3012 555
305 2969 343 3013 est
355 2967 573 3033 suprascriptum,
590 2965 657 3028 quod
672 2965 693 3015 si
708 2966 847 3030 genuinum
857 2965 958 3025 nonsit,
970 2960 1101 3012 coniicitur

171 3032 309 3091 Quidni?
327 3033 478 3098 optabile
495 3043 672 3085 autemnon
693 3034 787 3096 5555.
804 3061 839 3071 -
854 3033 903 3098 Ep.
919 3034 962 3095 74,
978 3029 1021 3085 10.
1041 3027 1100 3079 fort.

170 3102 245 3151 scrib.
262 3102 424 3166 quicquid
440 3102 516 3153 5551
530 3100 629 3152 dedit.
647 3125 682 3136 -
694 3101 808 3169 ib.§ll.
825 3102 884 3157 fort.
900 3101 975 3152 scrib.
989 3113 1026 3148 ex
1043 3095 1102 3145 555

171 3170 403 3236 deploratione
426 3173 530 3222 nostri
554 3169 708 3222 nescitur.
731 3197 765 3208 -
785 3171 820 3220 ib.
843 3171 922 3235 §²7-
941 3164 1101 3225 scribendum

170 3239 281 3292 videtur:
307 3240 339 3288 in
363 3240 496 3289 eundem
518 3248 652 3302 uterque
679 3238 811 3289 formum
836 3239 909 3290 init.
930 3264 964 3275 —
990 3234 1039 3301 Ep-
1058 3231 1100 3294 7⁰2

170 3308 204 3361 30
219 3317 280 3367 extr.
301 3306 417 3374 praefero
435 3315 465 3358 et
478 3309 613 3359 elidunt.
633 3333 666 3344 -
690 3307 725 3360 ib.
744 3308 818 3370 §31-
838 3306 898 3359 iort.
913 3307 989 3358 scrib.
1006 3300 1101 3354 meti·

166 3360 225 3432 ris.
252 3385 357 3437 munet
380 3376 532 3441 pumilio,
558 3376 644 3429 iicet.
672 3405 705 3414 -
732 3376 779 3440 Ep.
802 3376 911 3440 77,17,
939 3375 1001 3425 ford.
1022 3368 1097 3422 scrib.

169 3447 253 3495 tenti
270 3446 355 3495 enim
375 3444 434 3494 1115
449 3452 553 3510 putus.
569 3470 604 3482 -
620 3443 669 3509 Ep.
687 3443 727 3505 78,
747 3451 762 3510 §
780 3446 811 3495 ll
827 3445 880 3499 vid.
897 3459 976 3510 supro
993 3456 1055 3510 pag.
1067 3438 1099 3489 V·
