2468 3930
133 229 176 292 36
412 229 447 288 L.
468 226 616 288 ANNAEI
637 225 813 287 SENECAE

134 379 345 457 cupiditatem,
362 379 537 455 considera,
552 395 624 438 num
640 376 740 453 possit
753 377 863 439 alicubi
880 376 1067 438 consistere=
1084 375 1110 439 si

134 467 226 540 longe
247 481 412 540 progresso
433 480 555 539 semper
578 463 693 538 aliquid
711 461 833 537 longius
853 468 962 534 restat,
985 461 1064 522 scito
1079 460 1110 521 id

135 551 273 610 naturale
287 565 349 609 non
365 565 445 610 esse.
468 550 555 607 Vale.

460 682 783 752 persultarunt.)
831 680 837 755 g

386 780 496 832 Sennea
513 781 624 832 Lucrum
644 791 696 830 suo
716 789 856 831 suoram.

103 896 119 948 1
196 875 303 937 Proice
324 877 425 937 omnia
447 878 521 952 ista,
548 877 574 937 si
589 877 691 953 sapis,
715 875 805 937 immo
820 884 855 937 ut
872 875 993 951 sapias,
1017 883 1049 936 et
1065 873 1112 936 ad

134 959 272 1020 bonam
295 969 457 1022 mentem
481 977 615 1036 magno
637 976 753 1020 cursu
773 976 816 1020 ac
839 960 932 1021 totis
956 958 1112 1020 viribus

134 1044 261 1104 tende.
288 1045 320 1103 si
336 1045 430 1118 quid
446 1055 522 1119 est,
540 1061 613 1120 qno
629 1044 793 1115 teneris,
809 1042 1113 1118 autexpediaut

134 1126 273 1187 incide.
302 1128 478 1203 „Moratum
501 1130 619 1203 inquis,
641 1144 689 1188 me
703 1143 754 1187 res
770 1127 941 1187 familiaris:
969 1127 1015 1186 sle
1028 1125 1112 1186 illam

135 1213 301 1286 disponere
322 1215 408 1286 volo,
435 1219 469 1272 ut
489 1213 632 1273 sufficere
651 1211 723 1271 nihil
744 1212 844 1286 agenti
866 1210 980 1285 possit,
1000 1225 1040 1270 ne
1061 1218 1113 1271 aut

103 1305 120 1356 f
136 1304 302 1370 paupertas
323 1297 395 1355 mihi
416 1297 502 1356 oneri
523 1297 563 1356 sit
577 1304 630 1356 aut
644 1311 702 1369 ego
717 1295 837 1356 alieui.“
860 1295 934 1355 Cum
948 1293 1008 1354 hoc
1023 1292 1111 1365 dicis,

113 1424 116 1430 .
135 1396 196 1439 non
211 1379 326 1439 videris
342 1381 401 1438 vim
416 1395 452 1439 ac
467 1381 633 1454 potentiam
648 1380 730 1453 eius,
752 1379 868 1454 dequo
884 1378 1018 1453 cogilaS,
1037 1377 1112 1439 boni

135 1477 240 1522 nosse.
267 1469 297 1522 et
311 1478 460 1522 summam
476 1463 598 1538 quidem
615 1463 659 1522 rei
674 1462 833 1538 pervides,
855 1469 999 1538 quantum
1013 1461 1111 1536 philo·

136 1546 247 1620 sophia
267 1546 378 1619 prosit,
404 1554 507 1621 partes
528 1553 627 1607 auteln
650 1547 785 1607 nondum
807 1546 882 1606 satis
903 1544 1052 1606 subtiliter
1067 1545 1111 1606 di·

136 1629 246 1703 spicis,
260 1629 399 1688 necdum
412 1631 489 1703 scia,
503 1636 648 1706 quantum
661 1630 775 1704 ubique
785 1645 844 1690 nos
856 1629 995 1703 adiuvet,
1007 1645 1111 1704 quem-

135 1712 301 1772 admodum
323 1721 352 1773 et
372 1713 403 1773 in
417 1715 572 1788 maximis,
593 1722 625 1775 ut
640 1715 794 1774 Ciceronis
814 1721 883 1774 utar
895 1711 1007 1786 verbo,
1029 1714 1111 1789 opi-

135 1797 298 1871 tuletur,
321 1805 350 1858 et
368 1797 399 1858 in
420 1799 542 1858 minima
562 1798 740 1859 descendat.
771 1797 845 1857 Mihi
865 1797 971 1869 crede,
993 1797 1113 1858 advoca

136 1880 217 1939 illam
232 1878 262 1939 in
279 1881 454 1941 consilium=
481 1882 622 1943 suadebit
635 1883 704 1956 tibi,
725 1897 764 1941 ne
784 1882 824 1942 ad
839 1881 975 1942 calculos
990 1880 1112 1941 sedeas.

103 1971 121 2024 3
134 1963 250 2037 Nempe
270 1965 330 2025 hoc
345 1967 466 2041 quaeris
482 1974 511 2027 et
527 1965 586 2026 hoe
601 1968 659 2028 ista
673 1966 816 2027 dilatione
831 1965 878 2026 vis
894 1965 1059 2041 consequi,
1074 1980 1113 2024 ne

135 2048 189 2107 tibi
206 2056 370 2124 paupertas
381 2050 513 2110 timenda
528 2051 582 2110 sit:
606 2051 680 2126 quid
694 2049 722 2110 si
736 2050 910 2125 adpetenda
923 2056 992 2110 esti
1015 2048 1112 2109 Mul·

136 2131 187 2191 tis
225 2132 272 2191 ad
308 2133 667 2210 philosophandum
700 2133 893 2195 obstitere
929 2130 1111 2194 divitiae:

135 2219 639 2293 paupertasexpeditaest,
660 2225 882 2278 securaest
916 2217 1112 2277 Gumclassi·

135 2314 203 2358 eum
225 2300 346 2376 cecinit,
374 2301 432 2362 scit
451 2319 513 2362 non
537 2318 572 2362 se
591 2303 664 2378 peti.
698 2317 766 2362 cum
790 2302 893 2377 aliqua
910 2300 1112 2362 conclamatio

136 2391 197 2457 est,
221 2386 377 2460 quomodo
399 2393 503 2458 exeat,
524 2403 586 2447 non
609 2385 683 2461 quid
705 2384 831 2459 aflerat,
851 2385 978 2461 quaerit
1010 2391 1065 2446 aut
1085 2384 1112 2445 sl

135 2468 338 2543 navigandum
354 2478 416 2543 est,
436 2487 498 2530 non
514 2477 653 2545 strepunt
667 2476 775 2544 portus
790 2484 847 2528 nec
863 2469 953 2529 unius
968 2467 1112 2529 comitatu

134 2551 270 2625 inquieta
294 2560 366 2613 sunt
390 2554 487 2613 litora.
521 2570 582 2614 non
604 2554 779 2614 circumstat
798 2553 879 2612 illam
896 2552 985 2613 turba
1006 2566 1111 2612 servo·

134 2650 216 2707 rum,
237 2635 278 2694 ad
298 2652 377 2709 quos
399 2637 574 2710 pascendos
594 2637 863 2697 transmarinarum
883 2637 1044 2712 regionum
1064 2642 1114 2695 est

102 2716 270 2791 doptanda
291 2716 438 2779 fertilitas.
464 2719 553 2779 facile
574 2727 621 2782 est
644 2736 774 2796 pascere
796 2736 914 2796 paucos
935 2726 1059 2787 ventres
1081 2725 1113 2779 et

134 2800 214 2860 bene
233 2800 387 2862 institutos
406 2809 436 2863 et
454 2802 527 2862 nihil
549 2805 632 2865 aliud
652 2804 864 2864 desiderantes
886 2820 977 2880 quam
991 2803 1111 2878 inpleri.

134 2899 231 2959 parvo
258 2885 354 2945 fames
372 2893 506 2961 constat,
531 2904 641 2964 magno
657 2887 821 2948 fastidium.
848 2893 1016 2962 paupertas
1039 2902 1111 2947 con·

134 2975 216 3027 tenta
230 2975 278 3028 est
292 2969 453 3030 desideriis
469 2971 651 3033 instantibus
663 2973 850 3033 satisfacere.
875 2971 949 3046 quid
965 2977 1014 3031 est
1028 2985 1113 3044 ergo,

135 3067 230 3126 quare
250 3051 329 3113 hanc
349 3070 475 3115 recuses
497 3056 759 3129 contubernalem,
787 3055 873 3114 cuius
896 3069 998 3115 mores
1016 3068 1112 3114 sanus

102 3139 118 3191 t
134 3136 220 3196 dives
236 3136 385 3198 imitaturi
406 3138 439 3198 Si
451 3138 499 3198 vis
513 3156 623 3199 vacare
633 3139 749 3212 animo,
764 3145 816 3199 aut
828 3154 949 3214 pauper
960 3137 1004 3198 sis
1021 3149 1112 3212 opor-

135 3226 175 3281 tet
191 3227 242 3281 aut
257 3222 385 3297 pauperi
400 3221 516 3283 similis.
554 3239 615 3284 non
631 3230 733 3297 potest
747 3222 881 3284 studium
897 3224 1031 3283 salutare
1046 3219 1113 3281 lieri

134 3301 201 3364 sine
221 3305 401 3381 frugalitatis
417 3322 504 3366 cura:
535 3307 690 3381 frugalitas
706 3313 806 3368 autem
820 3314 988 3382 paupertas
1004 3304 1112 3366 volun-

133 3389 208 3447 taria
228 3395 283 3449 est.
305 3390 378 3451 tolle
398 3389 501 3466 itaque
521 3391 596 3451 istas
617 3391 849 3451 excusationes:
881 3390 1046 3465 „nondum
1059 3387 1113 3448 ha-

133 3467 207 3539 beo,
230 3480 375 3546 quantum
397 3480 444 3534 sat
464 3480 520 3534 est.
550 3474 575 3535 si
597 3475 635 3534 ad
656 3475 736 3535 illam
758 3490 907 3543 summam
928 3488 1112 3550 pervenero„
