2468 3930
216 247 383 311 EPISTUL.
398 247 493 310 Mota.
510 249 583 310 ΠΒ.
601 249 678 310 xlll.
699 250 756 311 ΕΡ.
773 262 798 314 1.
810 261 836 314 i.
848 259 905 326 (86.
917 259 976 327 87.)
1024 255 1089 322 289

102 402 236 480 stupetis
257 403 296 463 ad
316 418 526 478 supervacua,
547 402 698 464 neminem
719 404 886 466 aestimatis
907 422 974 468 suo.
1019 424 1087 470 cum

103 488 143 549 ad
165 486 381 564 patrimonium
397 494 519 547 ventum
538 496 600 563 est,
621 487 847 564 diligentissimi
866 497 1086 566 conputatores

102 571 147 632 sic
171 570 321 631 rationem
343 570 457 646 ponitis
481 572 683 646 singulorum,
711 573 823 647 quibus
848 581 900 634 ant
926 577 1087 650 pecuniam

102 655 248 716 credituri
262 655 337 716 estis
353 661 405 714 aut
417 654 577 714 beneficia.
615 673 686 716 narn
706 655 783 716 haec
804 674 930 734 quoque
950 660 1010 720 iarn
1033 676 1086 720 ex·

101 754 202 814 pensa
216 739 318 799 sertis:
335 739 394 798 late
409 737 559 814 possidet,
575 740 632 799 sed
647 741 771 800 multum
788 742 888 802 debet.
926 743 1018 803 babel
1032 745 1115 806 dod

101 839 183 884 mum
203 823 385 893 formosam,
407 822 465 881 sed
486 822 593 882 alienis
609 823 739 883 nummis
755 830 902 900 paralum.
942 829 1086 888 lamllinm

101 920 192 966 nemo
208 905 268 966 cito
284 904 506 981 speciosiorem
522 907 686 980 producet,
701 908 757 968 sed
773 908 947 971 nominibus
962 927 1023 971 non
1037 928 1085 972 re-

102 986 259 1065 spondet<
295 992 322 1050 si
348 989 550 1051 creditoribus
578 990 719 1062 solverit,
752 991 826 1050 nihil
857 992 898 1050 illi
924 995 1085 1069 supererit.

101 1072 184 1133 idem
199 1073 230 1132 in
243 1071 370 1148 reliquis
387 1088 512 1149 qnoque
528 1075 630 1134 lacere
645 1073 811 1146 debebitis,
829 1083 974 1136 excutere
990 1094 1086 1152 qnan-

101 1163 164 1216 tum
179 1157 296 1233 proprii
312 1157 444 1232 quisque
460 1157 601 1218 babeal.“
638 1158 768 1218 Divitem
789 1159 870 1218 illurn
885 1167 998 1235 putas,
1015 1161 1114 1236 quial

102 1255 196 1300 aurea
219 1242 362 1315 supellex
382 1242 473 1301 eliam
493 1241 524 1301 in
541 1241 589 1300 via
607 1242 761 1317 sequitur,
787 1242 859 1318 qnia
886 1243 917 1302 in
944 1244 1085 1305 omnibus

102 1323 268 1400 provinciis
294 1332 373 1400 arat,
402 1326 473 1400 quia
498 1341 626 1398 magnus
650 1326 820 1386 kalendarii
844 1326 920 1386 liber
945 1326 1086 1404 volvitur,

103 1408 174 1483 quia
192 1413 309 1469 mutum
329 1408 496 1469 suburbani
513 1409 576 1484 agri
594 1410 747 1484 possidet,
770 1418 917 1486 quantum
933 1412 1085 1472 invidiose

101 1490 278 1552 iu‘desertis
292 1493 424 1567 Apuliae
439 1491 629 1568 possideret:
650 1507 719 1554 cum
740 1495 841 1554 omnia
862 1494 992 1567 dixeris,
1008 1512 1084 1570 pau·

101 1590 158 1650 per
170 1582 227 1636 est.
262 1583 378 1652 queret
411 1577 482 1651 quia
497 1576 596 1637 debet.
638 1576 855 1652 „Quanluml“
869 1579 981 1655 inquis.
1015 1578 1084 1640 Om-

101 1659 161 1719 nia.
195 1659 253 1720 nisi
267 1660 345 1721 lorte
359 1659 477 1720 iudicas
492 1662 651 1732 interesse,
666 1667 766 1722 ulrum
781 1662 892 1737 aliquis
910 1663 948 1723 ab
962 1664 1085 1723 bomine

102 1758 139 1802 an
154 1759 173 1803 a
188 1743 309 1804 lortuna
322 1751 460 1804 mutuum
481 1745 654 1819 sumpserit.
691 1744 768 1820 Quid
789 1746 827 1806 ad
849 1762 913 1807 rem
935 1749 1115 1823 pertinente

102 1827 202 1887 mulae
216 1827 373 1903 saginatae
388 1826 478 1888 unius
494 1844 601 1890 omnes
617 1831 751 1890 colons?
783 1830 857 1906 quid
872 1830 930 1892 ista
944 1833 1084 1892 vehicula

104 1912 241 1971 caelarat

184 1994 331 2057 Intactas
343 2002 421 2056 ostro
435 1996 568 2072 nipedes
577 1999 722 2072 pictaque
737 2001 853 2073 tapetia,

186 2094 281 2140 aureo
292 2081 459 2156 pectoribus
472 2081 599 2140 musa
611 2084 732 2141 mundio
743 2083 883 2157 pendent,

186 2166 254 2224 tecti
266 2179 343 2224 curo
352 2163 470 2237 salvum
483 2164 629 2224 mandunt
640 2165 842 2225 subdentibus
856 2179 973 2225 aarum.

102 2247 160 2309 ista
180 2263 238 2307 nec
256 2248 410 2309 dominum
431 2248 587 2308 meliorem
608 2255 740 2322 possunt
761 2249 863 2307 lacere
884 2263 941 2306 nec
962 2246 1083 2307 mulam.

101 2330 141 2391 lt.
156 2331 230 2392 calo
247 2331 421 2404 Censorius,
438 2347 528 2407 quam
544 2336 604 2390 tarn
619 2347 637 2390 e
651 2331 809 2406 republica
823 2330 879 2391 luit
893 2329 980 2390 nasci
992 2340 1113 2405 quaml)

103 2413 292 2491 Scipionem,
313 2417 388 2475 alter
403 2416 482 2477 enim
498 2431 566 2475 cum
580 2414 722 2475 hostibus
737 2415 851 2474 nostris
865 2415 994 2483 bellum,
1010 2415 1085 2473 altar

103 2514 172 2559 cum
197 2498 335 2560 moribus
359 2501 471 2575 gessit,
499 2498 634 2559 canterio
656 2498 826 2558 vehebatur
851 2504 880 2558 el
902 2496 1084 2572 hippoperis

103 2584 225 2659 quidem
240 2581 391 2658 inpositis,
405 2591 439 2643 ut
453 2598 558 2644 secum
573 2583 657 2643 utilia
672 2588 816 2659 portaret.
847 2581 870 2642 0
886 2597 977 2657 quam
992 2596 1084 2656 cnpe

101 2683 166 2728 rem
185 2667 228 2728 illi
243 2683 324 2728 nuuc
344 2683 506 2728 occurrere
526 2668 658 2742 aliquem
684 2682 725 2726 ex
746 2666 794 2726 bis
823 2664 965 2726 trossulis
984 2666 1015 2724 in
1034 2664 1085 2725 via

103 2751 271 2825 [divitibus]
285 2768 429 2812 cursores
446 2759 475 2810 et
491 2751 636 2811 Numldas
651 2759 682 2812 et
695 2753 820 2812 mullum
836 2757 905 2812 ante
926 2765 961 2810 se
977 2751 1084 2825 pulve-

101 2835 145 2895 ris
165 2843 319 2911 agentcmt
362 2835 412 2895 hic
430 2835 497 2895 sine
517 2836 610 2897 dubio
626 2836 734 2895 cultior
747 2835 978 2909 comitatiorque
993 2850 1084 2909 quam

102 2917 142 2978 ld.
159 2918 231 2980 cato
247 2919 413 2995 videretur,
428 2919 493 2991 hic,
510 2920 562 2994 qui
577 2918 738 2980 interillos
754 2920 922 2995 adparatus
936 2918 1084 2977 delicatos

103 3002 304 3064 cummaxime
324 3002 454 3075 dubitat,
480 3010 579 3064 ulrum
599 3020 634 3064 se
656 3003 696 3062 nd
715 3004 850 3078 gladium
875 3004 955 3061 locet
979 3017 1018 3058 an
1044 3001 1084 3060 ad

103 3087 242 3148 cultrum.
282 3086 306 3147 0
322 3095 467 3164 quantum
482 3094 547 3146 erat
562 3087 657 3146 seculi
673 3087 784 3165 decus,
804 3087 1017 3161 imperatorem
1034 3083 1127 3142 tri-10

103 3171 292 3246 umpbatem,
321 3172 507 3245 censorium,
535 3170 583 3248 [ct]
605 3171 688 3245 quod
709 3186 804 3244 super
823 3168 924 3228 omnia
937 3166 1014 3226 baec
1028 3172 1085 3240 est,

104 3252 248 3316 calonem
263 3272 326 3317 uno
342 3255 459 3316 caballo
476 3270 549 3315 esse
565 3261 740 3314 contentum
761 3259 790 3312 et
808 3268 848 3311 ne
867 3256 930 3311 toto
946 3249 1084 3323 quideml

103 3345 220 3414 partem
237 3339 317 3400 euim
331 3341 470 3401 sarcinae
486 3339 525 3399 ab
540 3345 670 3413 utroque
691 3337 785 3396 latera
805 3334 1016 3410 dependentes
1033 3348 1085 3393 oc

104 3424 273 3501 cupabant=
288 3424 329 3484 ita
339 3440 399 3484 non
415 3422 557 3484 omnibus
571 3421 676 3482 obesis
691 3418 811 3480 mannis
826 3426 857 3479 et
869 3415 1084 3479 asturconibus

103 3515 135 3570 el
147 3504 297 3571 tolutariis
314 3509 485 3584 praeferres
502 3506 623 3569 unicum
643 3507 726 3568 illum
742 3521 855 3580 equum
878 3501 917 3563 ab
937 3502 1007 3578 ipso
1029 3499 1084 3562 Cu-
