<?xml version="1.0" encoding="UTF-8"?>
<!DOCTYPE html PUBLIC "-//W3C//DTD XHTML 1.0 Transitional//EN"
    "http://www.w3.org/TR/xhtml1/DTD/xhtml1-transitional.dtd">
<html xmlns="http://www.w3.org/1999/xhtml" xml:lang="en" lang="en">
 <head>
  <title>
</title>
<meta http-equiv="Content-Type" content="text/html;charset=utf-8" />
  <meta name='ocr-system' content='tesseract 3.04.00' />
  <meta name='ocr-capabilities' content='ocr_page ocr_carea ocr_par ocr_line ocrx_word'/>
</head>
<body>
  <div class='ocr_page' id='page_1' title='image "./lannaeisenecaeo00haasgoog_0395.png"; bbox 0 0 2468 3930; ppageno 0'>
   <div class='ocr_carea' id='block_1_1' title="bbox 196 216 888 284">
    <p class='ocr_par' dir='ltr' id='par_1_1' title="bbox 196 216 888 284">
     <span class='ocr_line' id='line_1_1' title="bbox 196 216 888 284; baseline -0.01 0"><span class='ocrx_word' id='word_1_1' title='bbox 196 219 261 284; x_wconf 77' lang='lat'>362</span> <span class='ocrx_word' id='word_1_2' title='bbox 490 219 521 278; x_wconf 88' lang='lat' dir='ltr'>L.</span> <span class='ocrx_word' id='word_1_3' title='bbox 543 218 691 278; x_wconf 85' lang='grc' dir='ltr'>ΑΝΝΑΕΙ</span> <span class='ocrx_word' id='word_1_4' title='bbox 713 216 888 278; x_wconf 81' lang='lat' dir='ltr'>SENECAE</span> 
     </span>
    </p>
   </div>
   <div class='ocr_carea' id='block_1_2' title="bbox 167 369 1183 1452">
    <p class='ocr_par' dir='ltr' id='par_1_2' title="bbox 167 369 1183 1452">
     <span class='ocr_line' id='line_1_2' title="bbox 198 369 1183 449; baseline -0.002 -17"><span class='ocrx_word' id='word_1_5' title='bbox 198 370 354 449; x_wconf 89' lang='lat' dir='ltr'>putaveris</span> <span class='ocrx_word' id='word_1_6' title='bbox 369 370 510 446; x_wconf 90' lang='lat' dir='ltr'>dignum,</span> <span class='ocrx_word' id='word_1_7' title='bbox 527 378 631 446; x_wconf 89' lang='lat' dir='ltr'>optes,</span> <span class='ocrx_word' id='word_1_8' title='bbox 648 376 681 430; x_wconf 89' lang='lat' dir='ltr'>ut</span> <span class='ocrx_word' id='word_1_9' title='bbox 695 369 824 431; x_wconf 78' lang='lat' dir='ltr'>infestos</span> <span class='ocrx_word' id='word_1_10' title='bbox 839 370 916 431; x_wconf 91' lang='lat' dir='ltr'>deos</span> <span class='ocrx_word' id='word_1_11' title='bbox 933 370 1061 431; x_wconf 73' lang='lat' dir='ltr'>habeare</span> <span class='ocrx_word' id='word_1_12' title='bbox 1079 369 1183 446; x_wconf 86' lang='lat' dir='ltr'>hehet,</span> 
     </span>
     <span class='ocr_line' id='line_1_3' title="bbox 198 453 1183 531; baseline -0.001 -15"><span class='ocrx_word' id='word_1_13' title='bbox 198 456 336 531; x_wconf 85' lang='lat' dir='ltr'>inquom,</span> <span class='ocrx_word' id='word_1_14' title='bbox 360 454 477 513; x_wconf 86' lang='lat' dir='ltr'>etiamsi</span> <span class='ocrx_word' id='word_1_15' title='bbox 499 454 618 514; x_wconf 89' lang='lat' dir='ltr'>videtur</span> <span class='ocrx_word' id='word_1_16' title='bbox 633 469 737 514; x_wconf 90' lang='lat' dir='ltr'>eorum</span> <span class='ocrx_word' id='word_1_17' title='bbox 760 459 845 526; x_wconf 90' lang='lat' dir='ltr'>[cura</span> <span class='ocrx_word' id='word_1_18' title='bbox 859 459 899 526; x_wconf 90' lang='lat' dir='ltr'>et]</span> <span class='ocrx_word' id='word_1_19' title='bbox 915 453 1021 514; x_wconf 87' lang='lat' dir='ltr'>lavore</span> <span class='ocrx_word' id='word_1_20' title='bbox 1038 454 1183 530; x_wconf 85' lang='lat' dir='ltr'><strong>produci.</strong></span> 
     </span>
     <span class='ocr_line' id='line_1_4' title="bbox 167 536 1183 614; baseline -0.002 -13"><span class='ocrx_word' id='word_1_21' title='bbox 167 539 318 606; x_wconf 80' lang='lat' dir='ltr'>eAdhibe</span> <span class='ocrx_word' id='word_1_22' title='bbox 333 536 518 613; x_wconf 80' lang='lat' dir='ltr'>diligentiam</span> <span class='ocrx_word' id='word_1_23' title='bbox 534 543 616 598; x_wconf 86' lang='lat' dir='ltr'>tuam</span> <span class='ocrx_word' id='word_1_24' title='bbox 631 544 661 597; x_wconf 91' lang='lat' dir='ltr'>et</span> <span class='ocrx_word' id='word_1_25' title='bbox 675 537 801 612; x_wconf 90' lang='lat' dir='ltr'>intuere,</span> <span class='ocrx_word' id='word_1_26' title='bbox 817 537 891 612; x_wconf 85' lang='lat' dir='ltr'>quid</span> <span class='ocrx_word' id='word_1_27' title='bbox 903 537 965 600; x_wconf 89' lang='lat' dir='ltr'>sint</span> <span class='ocrx_word' id='word_1_28' title='bbox 977 553 1029 598; x_wconf 93' lang='lat' dir='ltr'>res</span> <span class='ocrx_word' id='word_1_29' title='bbox 1045 545 1183 614; x_wconf 86' lang='lat' dir='ltr'>nostrae,</span> 
     </span>
     <span class='ocr_line' id='line_1_5' title="bbox 198 621 1182 697; baseline -0.003 -13"><span class='ocrx_word' id='word_1_30' title='bbox 198 639 260 684; x_wconf 92' lang='lat' dir='ltr'>non</span> <span class='ocrx_word' id='word_1_31' title='bbox 276 621 351 696; x_wconf 86' lang='lat' dir='ltr'>quid</span> <span class='ocrx_word' id='word_1_32' title='bbox 363 628 526 682; x_wconf 85' lang='lat' dir='ltr'>vocentur:</span> <span class='ocrx_word' id='word_1_33' title='bbox 543 629 574 681; x_wconf 91' lang='lat' dir='ltr'>et</span> <span class='ocrx_word' id='word_1_34' title='bbox 588 623 695 682; x_wconf 91' lang='lat' dir='ltr'>scies</span> <span class='ocrx_word' id='word_1_35' title='bbox 710 622 822 696; x_wconf 85' lang='lat' dir='ltr'>plura</span> <span class='ocrx_word' id='word_1_36' title='bbox 835 624 932 681; x_wconf 86' lang='lat' dir='ltr'>mala</span> <span class='ocrx_word' id='word_1_37' title='bbox 948 621 1182 697; x_wconf 86' lang='lat' dir='ltr'>contingere</span> 
     </span>
     <span class='ocr_line' id='line_1_6' title="bbox 197 703 1183 780; baseline -0.002 -13"><span class='ocrx_word' id='word_1_38' title='bbox 197 706 311 767; x_wconf 92' lang='lat' dir='ltr'>nobis</span> <span class='ocrx_word' id='word_1_39' title='bbox 340 721 449 780; x_wconf 90' lang='lat' dir='ltr'>quam</span> <span class='ocrx_word' id='word_1_40' title='bbox 468 704 662 764; x_wconf 88' lang='lat' dir='ltr'>accidere.</span> <span class='ocrx_word' id='word_1_41' title='bbox 698 705 839 780; x_wconf 88' lang='lat' dir='ltr'>quotiens</span> <span class='ocrx_word' id='word_1_42' title='bbox 867 703 946 765; x_wconf 91' lang='lat' dir='ltr'>enim</span> <span class='ocrx_word' id='word_1_43' title='bbox 972 705 1125 766; x_wconf 78' lang='lat' dir='ltr'>felicitatis</span> <span class='ocrx_word' id='word_1_44' title='bbox 1153 711 1183 766; x_wconf 89' lang='lat' dir='ltr'>et</span> 
     </span>
     <span class='ocr_line' id='line_1_7' title="bbox 198 788 1181 864; baseline -0.003 -13"><span class='ocrx_word' id='word_1_45' title='bbox 198 806 294 851; x_wconf 86' lang='lat' dir='ltr'>cause</span> <span class='ocrx_word' id='word_1_46' title='bbox 308 797 338 850; x_wconf 89' lang='lat' dir='ltr'>et</span> <span class='ocrx_word' id='word_1_47' title='bbox 353 788 468 850; x_wconf 92' lang='lat' dir='ltr'>initium</span> <span class='ocrx_word' id='word_1_48' title='bbox 484 788 547 863; x_wconf 87' lang='lat' dir='ltr'>luit,</span> <span class='ocrx_word' id='word_1_49' title='bbox 563 788 648 864; x_wconf 88' lang='lat' dir='ltr'>quod</span> <span class='ocrx_word' id='word_1_50' title='bbox 662 789 817 849; x_wconf 88' lang='lat' dir='ltr'>calamites</span> <span class='ocrx_word' id='word_1_51' title='bbox 832 789 1021 849; x_wconf 68' lang='lat' dir='ltr'>vocabatur?</span> <span class='ocrx_word' id='word_1_52' title='bbox 1036 789 1181 864; x_wconf 87' lang='lat' dir='ltr'>quotiens</span> 
     </span>
     <span class='ocr_line' id='line_1_8' title="bbox 197 872 1180 950; baseline -0.004 -15"><span class='ocrx_word' id='word_1_53' title='bbox 197 889 307 950; x_wconf 86' lang='lat' dir='ltr'>magna</span> <span class='ocrx_word' id='word_1_54' title='bbox 332 874 534 948; x_wconf 75' lang='lat' dir='ltr'>gratulatione</span> <span class='ocrx_word' id='word_1_55' title='bbox 558 880 689 948; x_wconf 86' lang='lat' dir='ltr'>excepta</span> <span class='ocrx_word' id='word_1_56' title='bbox 712 888 764 932; x_wconf 88' lang='lat' dir='ltr'>res</span> <span class='ocrx_word' id='word_1_57' title='bbox 787 873 915 947; x_wconf 87' lang='lat' dir='ltr'>gradum</span> <span class='ocrx_word' id='word_1_58' title='bbox 939 872 998 933; x_wconf 91' lang='lat' dir='ltr'>sibi</span> <span class='ocrx_word' id='word_1_59' title='bbox 1021 873 1134 934; x_wconf 87' lang='lat' dir='ltr'>struxit</span> <span class='ocrx_word' id='word_1_60' title='bbox 1149 873 1180 932; x_wconf 90' lang='lat' dir='ltr'>in</span> 
     </span>
     <span class='ocr_line' id='line_1_9' title="bbox 197 956 1181 1035; baseline -0.001 -18"><span class='ocrx_word' id='word_1_61' title='bbox 197 973 349 1035; x_wconf 86' lang='lat' dir='ltr'>praeceps</span> <span class='ocrx_word' id='word_1_62' title='bbox 364 963 394 1016; x_wconf 91' lang='lat' dir='ltr'>et</span> <span class='ocrx_word' id='word_1_63' title='bbox 408 957 541 1031; x_wconf 86' lang='lat' dir='ltr'>aliquem</span> <span class='ocrx_word' id='word_1_64' title='bbox 554 958 613 1016; x_wconf 88' lang='lat' dir='ltr'>iem</span> <span class='ocrx_word' id='word_1_65' title='bbox 629 956 810 1018; x_wconf 83' lang='lat' dir='ltr'>eminentem</span> <span class='ocrx_word' id='word_1_66' title='bbox 824 957 977 1017; x_wconf 89' lang='lat' dir='ltr'>adlevavit</span> <span class='ocrx_word' id='word_1_67' title='bbox 997 956 1181 1032; x_wconf 87' lang='lat' dir='ltr'>etiamnunc,</span> 
     </span>
     <span class='ocr_line' id='line_1_10' title="bbox 168 1039 1179 1118; baseline -0.008 -9"><span class='ocrx_word' id='word_1_68' title='bbox 168 1049 351 1118; x_wconf 72' lang='lat' dir='ltr'>tamquam</span> <span class='ocrx_word' id='word_1_69' title='bbox 362 1040 462 1102; x_wconf 90' lang='lat' dir='ltr'>adhuc</span> <span class='ocrx_word' id='word_1_70' title='bbox 476 1041 518 1100; x_wconf 90' lang='lat' dir='ltr'>ibi</span> <span class='ocrx_word' id='word_1_71' title='bbox 533 1046 640 1112; x_wconf 88' lang='lat' dir='ltr'>staret,</span> <span class='ocrx_word' id='word_1_72' title='bbox 656 1041 738 1101; x_wconf 88' lang='lat' dir='ltr'>unde</span> <span class='ocrx_word' id='word_1_73' title='bbox 753 1047 816 1104; x_wconf 90' lang='lat' dir='ltr'>tuto</span> <span class='ocrx_word' id='word_1_74' title='bbox 832 1041 966 1101; x_wconf 70' lang='lat' dir='ltr'>cadunt?</span> <span class='ocrx_word' id='word_1_75' title='bbox 999 1039 1063 1101; x_wconf 85' lang='lat' dir='ltr'>Sed</span> <span class='ocrx_word' id='word_1_76' title='bbox 1076 1039 1179 1115; x_wconf 87' lang='lat' dir='ltr'>ipsum</span> 
     </span>
     <span class='ocr_line' id='line_1_11' title="bbox 196 1124 1181 1200; baseline -0.003 -14"><span class='ocrx_word' id='word_1_77' title='bbox 196 1127 272 1187; x_wconf 92' lang='lat' dir='ltr'>illud</span> <span class='ocrx_word' id='word_1_78' title='bbox 293 1126 404 1186; x_wconf 87' lang='lat' dir='ltr'>cadere</span> <span class='ocrx_word' id='word_1_79' title='bbox 424 1142 486 1187; x_wconf 93' lang='lat' dir='ltr'>non</span> <span class='ocrx_word' id='word_1_80' title='bbox 506 1124 599 1185; x_wconf 86' lang='lat' dir='ltr'>habet</span> <span class='ocrx_word' id='word_1_81' title='bbox 615 1125 645 1184; x_wconf 96' lang='lat' dir='ltr'>in</span> <span class='ocrx_word' id='word_1_82' title='bbox 666 1139 702 1184; x_wconf 87' lang='lat' dir='ltr'>se</span> <span class='ocrx_word' id='word_1_83' title='bbox 723 1126 793 1184; x_wconf 88' lang='lat' dir='ltr'>mali</span> <span class='ocrx_word' id='word_1_84' title='bbox 816 1124 995 1200; x_wconf 86' lang='lat' dir='ltr'>quicquam,</span> <span class='ocrx_word' id='word_1_85' title='bbox 1021 1125 1049 1184; x_wconf 87' lang='lat' dir='ltr'>si</span> <span class='ocrx_word' id='word_1_86' title='bbox 1065 1125 1181 1185; x_wconf 88' lang='lat' dir='ltr'>exitum</span> 
     </span>
     <span class='ocr_line' id='line_1_12' title="bbox 197 1208 1181 1287; baseline -0.002 -16"><span class='ocrx_word' id='word_1_87' title='bbox 197 1217 336 1287; x_wconf 89' lang='lat' dir='ltr'>spectes,</span> <span class='ocrx_word' id='word_1_88' title='bbox 356 1209 435 1269; x_wconf 91' lang='lat' dir='ltr'>ultra</span> <span class='ocrx_word' id='word_1_89' title='bbox 458 1224 548 1284; x_wconf 81' lang='lat' dir='ltr'>quem</span> <span class='ocrx_word' id='word_1_90' title='bbox 569 1215 676 1272; x_wconf 87' lang='lat' dir='ltr'>natura</span> <span class='ocrx_word' id='word_1_91' title='bbox 696 1209 847 1269; x_wconf 89' lang='lat' dir='ltr'>neminem</span> <span class='ocrx_word' id='word_1_92' title='bbox 864 1208 983 1268; x_wconf 89' lang='lat' dir='ltr'>deiecit.</span> <span class='ocrx_word' id='word_1_93' title='bbox 1015 1223 1115 1283; x_wconf 90' lang='lat' dir='ltr'>prope</span> <span class='ocrx_word' id='word_1_94' title='bbox 1133 1216 1181 1269; x_wconf 89' lang='lat' dir='ltr'>est</span> 
     </span>
     <span class='ocr_line' id='line_1_13' title="bbox 195 1289 1181 1371; baseline -0.002 -17"><span class='ocrx_word' id='word_1_95' title='bbox 195 1310 297 1354; x_wconf 88' lang='lat' dir='ltr'>rerum</span> <span class='ocrx_word' id='word_1_96' title='bbox 309 1294 441 1354; x_wconf 90' lang='lat' dir='ltr'>omnium</span> <span class='ocrx_word' id='word_1_97' title='bbox 453 1292 616 1353; x_wconf 81' lang='lat' dir='ltr'>terminus:</span> <span class='ocrx_word' id='word_1_98' title='bbox 631 1308 729 1368; x_wconf 91' lang='lat' dir='ltr'>prope</span> <span class='ocrx_word' id='word_1_99' title='bbox 741 1300 799 1371; x_wconf 81' lang='lat' dir='ltr'>est,</span> <span class='ocrx_word' id='word_1_100' title='bbox 812 1293 945 1368; x_wconf 91' lang='lat' dir='ltr'>inquam,</span> <span class='ocrx_word' id='word_1_101' title='bbox 958 1299 988 1353; x_wconf 93' lang='lat' dir='ltr'>et</span> <span class='ocrx_word' id='word_1_102' title='bbox 997 1289 1082 1365; x_wconf 90' lang='lat' dir='ltr'>iilud,</span> <span class='ocrx_word' id='word_1_103' title='bbox 1096 1292 1181 1352; x_wconf 89' lang='lat' dir='ltr'>unde</span> 
     </span>
     <span class='ocr_line' id='line_1_14' title="bbox 197 1375 1180 1452; baseline -0.003 -13"><span class='ocrx_word' id='word_1_104' title='bbox 197 1379 270 1439; x_wconf 87' lang='lat' dir='ltr'>leiix</span> <span class='ocrx_word' id='word_1_105' title='bbox 284 1378 405 1452; x_wconf 90' lang='lat' dir='ltr'>eicitur,</span> <span class='ocrx_word' id='word_1_106' title='bbox 422 1384 452 1437; x_wconf 89' lang='lat' dir='ltr'>et</span> <span class='ocrx_word' id='word_1_107' title='bbox 467 1375 556 1449; x_wconf 90' lang='lat' dir='ltr'>illud,</span> <span class='ocrx_word' id='word_1_108' title='bbox 578 1377 660 1436; x_wconf 90' lang='lat' dir='ltr'>unde</span> <span class='ocrx_word' id='word_1_109' title='bbox 677 1376 783 1437; x_wconf 82' lang='lat' dir='ltr'>infelix</span> <span class='ocrx_word' id='word_1_110' title='bbox 798 1376 954 1436; x_wconf 85' lang='lat' dir='ltr'>emittitur:</span> <span class='ocrx_word' id='word_1_111' title='bbox 975 1391 1033 1437; x_wconf 84' lang='lat' dir='ltr'>nos</span> <span class='ocrx_word' id='word_1_112' title='bbox 1049 1383 1180 1452; x_wconf 91' lang='lat' dir='ltr'>utraque</span> 
     </span>
    </p>
   </div>
   <div class='ocr_carea' id='block_1_3' title="bbox 167 1458 1179 1957">
    <p class='ocr_par' dir='ltr' id='par_1_3' title="bbox 167 1458 1179 1957">
     <span class='ocr_line' id='line_1_15' title="bbox 196 1458 1179 1536; baseline -0.003 -14"><span class='ocrx_word' id='word_1_113' title='bbox 196 1460 391 1522; x_wconf 86' lang='lat' dir='ltr'>extendimus</span> <span class='ocrx_word' id='word_1_114' title='bbox 406 1466 436 1519; x_wconf 91' lang='lat' dir='ltr'>et</span> <span class='ocrx_word' id='word_1_115' title='bbox 452 1462 545 1535; x_wconf 86' lang='lat' dir='ltr'>ionga</span> <span class='ocrx_word' id='word_1_116' title='bbox 560 1476 618 1535; x_wconf 91' lang='lat' dir='ltr'>spe</span> <span class='ocrx_word' id='word_1_117' title='bbox 636 1476 673 1520; x_wconf 91' lang='lat' dir='ltr'>ac</span> <span class='ocrx_word' id='word_1_118' title='bbox 687 1467 770 1520; x_wconf 89' lang='lat' dir='ltr'>metu</span> <span class='ocrx_word' id='word_1_119' title='bbox 784 1460 921 1521; x_wconf 85' lang='lat' dir='ltr'>lecimus.</span> <span class='ocrx_word' id='word_1_120' title='bbox 957 1458 1015 1519; x_wconf 87' lang='lat' dir='ltr'>sed</span> <span class='ocrx_word' id='word_1_121' title='bbox 1035 1459 1063 1520; x_wconf 84' lang='lat' dir='ltr'>si</span> <span class='ocrx_word' id='word_1_122' title='bbox 1082 1460 1179 1536; x_wconf 85' lang='lat' dir='ltr'>sapis,</span> 
     </span>
     <span class='ocr_line' id='line_1_16' title="bbox 195 1543 1179 1618; baseline -0.002 -12"><span class='ocrx_word' id='word_1_123' title='bbox 195 1545 298 1606; x_wconf 83' lang='lat' dir='ltr'>omnia</span> <span class='ocrx_word' id='word_1_124' title='bbox 318 1545 452 1606; x_wconf 85' lang='lat' dir='ltr'>humana</span> <span class='ocrx_word' id='word_1_125' title='bbox 475 1543 656 1604; x_wconf 91' lang='lat' dir='ltr'>condicione</span> <span class='ocrx_word' id='word_1_126' title='bbox 670 1544 791 1604; x_wconf 79' lang='lat' dir='ltr'>metire:</span> <span class='ocrx_word' id='word_1_127' title='bbox 812 1544 901 1604; x_wconf 92' lang='lat' dir='ltr'>simul</span> <span class='ocrx_word' id='word_1_128' title='bbox 916 1551 946 1603; x_wconf 92' lang='lat' dir='ltr'>et</span> <span class='ocrx_word' id='word_1_129' title='bbox 960 1544 1044 1618; x_wconf 90' lang='lat' dir='ltr'>quod</span> <span class='ocrx_word' id='word_1_130' title='bbox 1059 1544 1179 1618; x_wconf 86' lang='lat' dir='ltr'>gaudes</span> 
     </span>
     <span class='ocr_line' id='line_1_17' title="bbox 195 1627 1179 1703; baseline -0.002 -14"><span class='ocrx_word' id='word_1_131' title='bbox 195 1635 225 1690; x_wconf 92' lang='lat' dir='ltr'>et</span> <span class='ocrx_word' id='word_1_132' title='bbox 240 1628 325 1703; x_wconf 90' lang='lat' dir='ltr'>quod</span> <span class='ocrx_word' id='word_1_133' title='bbox 339 1631 435 1699; x_wconf 89' lang='lat' dir='ltr'>times,</span> <span class='ocrx_word' id='word_1_134' title='bbox 452 1628 606 1688; x_wconf 83' lang='lat' dir='ltr'>contrahe.</span> <span class='ocrx_word' id='word_1_135' title='bbox 622 1633 670 1687; x_wconf 89' lang='lat' dir='ltr'>est</span> <span class='ocrx_word' id='word_1_136' title='bbox 684 1635 783 1688; x_wconf 90' lang='lat' dir='ltr'>autern</span> <span class='ocrx_word' id='word_1_137' title='bbox 795 1628 868 1688; x_wconf 88' lang='lat' dir='ltr'>tanti</span> <span class='ocrx_word' id='word_1_138' title='bbox 883 1627 956 1687; x_wconf 89' lang='lat' dir='ltr'>nihil</span> <span class='ocrx_word' id='word_1_139' title='bbox 968 1627 1020 1689; x_wconf 90' lang='lat' dir='ltr'>diu</span> <span class='ocrx_word' id='word_1_140' title='bbox 1032 1627 1179 1703; x_wconf 84' lang='lat' dir='ltr'>gaudere,</span> 
     </span>
     <span class='ocr_line' id='line_1_18' title="bbox 167 1711 1179 1788; baseline 0 -17"><span class='ocrx_word' id='word_1_141' title='bbox 167 1729 234 1782; x_wconf 84' lang='lat' dir='ltr'>5ne</span> <span class='ocrx_word' id='word_1_142' title='bbox 250 1713 324 1788; x_wconf 90' lang='lat' dir='ltr'>quid</span> <span class='ocrx_word' id='word_1_143' title='bbox 345 1713 398 1774; x_wconf 90' lang='lat' dir='ltr'>diu</span> <span class='ocrx_word' id='word_1_144' title='bbox 420 1712 537 1774; x_wconf 87' lang='lat' dir='ltr'>timeas.</span> <span class='ocrx_word' id='word_1_145' title='bbox 572 1711 636 1772; x_wconf 90' lang='lat' dir='ltr'>Sed</span> <span class='ocrx_word' id='word_1_146' title='bbox 656 1728 751 1788; x_wconf 88' lang='lat' dir='ltr'>quare</span> <span class='ocrx_word' id='word_1_147' title='bbox 772 1712 850 1773; x_wconf 92' lang='lat' dir='ltr'>istuc</span> <span class='ocrx_word' id='word_1_148' title='bbox 870 1713 982 1772; x_wconf 89' lang='lat' dir='ltr'>maium</span> <span class='ocrx_word' id='word_1_149' title='bbox 997 1711 1179 1787; x_wconf 67' lang='lat' dir='ltr'>adstringo?</span> 
     </span>
     <span class='ocr_line' id='line_1_19' title="bbox 195 1796 1179 1874; baseline 0 -18"><span class='ocrx_word' id='word_1_150' title='bbox 195 1813 267 1858; x_wconf 91' lang='lat' dir='ltr'>non</span> <span class='ocrx_word' id='word_1_151' title='bbox 284 1802 356 1868; x_wconf 89' lang='lat' dir='ltr'>est,</span> <span class='ocrx_word' id='word_1_152' title='bbox 373 1796 474 1871; x_wconf 90' lang='lat' dir='ltr'>quod</span> <span class='ocrx_word' id='word_1_153' title='bbox 491 1796 699 1871; x_wconf 91' lang='lat' dir='ltr'>quicquam</span> <span class='ocrx_word' id='word_1_154' title='bbox 713 1796 921 1857; x_wconf 90' lang='lat' dir='ltr'>timendum</span> <span class='ocrx_word' id='word_1_155' title='bbox 935 1802 1059 1874; x_wconf 85' lang='lat' dir='ltr'>putes.</span> <span class='ocrx_word' id='word_1_156' title='bbox 1077 1813 1179 1857; x_wconf 86' lang='lat' dir='ltr'>vana</span> 
     </span>
     <span class='ocr_line' id='line_1_20' title="bbox 195 1878 1177 1957; baseline -0.001 -16"><span class='ocrx_word' id='word_1_157' title='bbox 195 1887 285 1941; x_wconf 89' lang='lat' dir='ltr'>sunt</span> <span class='ocrx_word' id='word_1_158' title='bbox 310 1878 402 1954; x_wconf 89' lang='lat' dir='ltr'>iste,</span> <span class='ocrx_word' id='word_1_159' title='bbox 433 1896 531 1956; x_wconf 89' lang='lat' dir='ltr'>quae</span> <span class='ocrx_word' id='word_1_160' title='bbox 559 1896 629 1940; x_wconf 88' lang='lat' dir='ltr'>nos</span> <span class='ocrx_word' id='word_1_161' title='bbox 656 1886 823 1955; x_wconf 91' lang='lat' dir='ltr'>movent,</span> <span class='ocrx_word' id='word_1_162' title='bbox 854 1895 951 1957; x_wconf 85' lang='lat' dir='ltr'>quae</span> <span class='ocrx_word' id='word_1_163' title='bbox 974 1879 1177 1942; x_wconf 85' lang='lat' dir='ltr'>adtonitos</span> 
     </span>
    </p>
   </div>
   <div class='ocr_carea' id='block_1_4' title="bbox 161 1962 1180 3554">
    <p class='ocr_par' dir='ltr' id='par_1_4' title="bbox 161 1962 1180 3554">
     <span class='ocr_line' id='line_1_21' title="bbox 193 1962 1180 2040; baseline 0 -16"><span class='ocrx_word' id='word_1_164' title='bbox 193 1962 343 2024; x_wconf 90' lang='lat' dir='ltr'>habent.</span> <span class='ocrx_word' id='word_1_165' title='bbox 375 1979 464 2025; x_wconf 91' lang='lat' dir='ltr'>nemo</span> <span class='ocrx_word' id='word_1_166' title='bbox 483 1971 636 2037; x_wconf 90' lang='lat' dir='ltr'>nostrum,</span> <span class='ocrx_word' id='word_1_167' title='bbox 659 1963 734 2039; x_wconf 90' lang='lat' dir='ltr'>quid</span> <span class='ocrx_word' id='word_1_168' title='bbox 748 1965 813 2024; x_wconf 82' lang='lat' dir='ltr'>veri</span> <span class='ocrx_word' id='word_1_169' title='bbox 830 1971 928 2040; x_wconf 88' lang='lat' dir='ltr'>esset,</span> <span class='ocrx_word' id='word_1_170' title='bbox 949 1963 1101 2037; x_wconf 85' lang='lat' dir='ltr'>excussit,</span> <span class='ocrx_word' id='word_1_171' title='bbox 1119 1965 1180 2024; x_wconf 92' lang='lat' dir='ltr'>sed</span> 
     </span>
     <span class='ocr_line' id='line_1_22' title="bbox 193 2046 1178 2123; baseline 0.001 -15"><span class='ocrx_word' id='word_1_172' title='bbox 193 2054 306 2108; x_wconf 91' lang='lat' dir='ltr'>metum</span> <span class='ocrx_word' id='word_1_173' title='bbox 326 2049 401 2109; x_wconf 89' lang='lat' dir='ltr'>alter</span> <span class='ocrx_word' id='word_1_174' title='bbox 422 2049 507 2109; x_wconf 89' lang='lat' dir='ltr'>alteri</span> <span class='ocrx_word' id='word_1_175' title='bbox 528 2048 660 2108; x_wconf 87' lang='lat' dir='ltr'>tradidit.</span> <span class='ocrx_word' id='word_1_176' title='bbox 690 2063 779 2108; x_wconf 89' lang='lat' dir='ltr'>nemo</span> <span class='ocrx_word' id='word_1_177' title='bbox 801 2065 896 2110; x_wconf 89' lang='lat' dir='ltr'>ausus</span> <span class='ocrx_word' id='word_1_178' title='bbox 915 2056 962 2110; x_wconf 91' lang='lat' dir='ltr'>est</span> <span class='ocrx_word' id='word_1_179' title='bbox 981 2047 1020 2108; x_wconf 86' lang='lat' dir='ltr'>ed</span> <span class='ocrx_word' id='word_1_180' title='bbox 1039 2046 1087 2121; x_wconf 91' lang='lat' dir='ltr'>id,</span> <span class='ocrx_word' id='word_1_181' title='bbox 1113 2065 1178 2123; x_wconf 89' lang='lat' dir='ltr'>quo</span> 
     </span>
     <span class='ocr_line' id='line_1_23' title="bbox 193 2130 1177 2208; baseline 0 -16"><span class='ocrx_word' id='word_1_182' title='bbox 193 2132 434 2208; x_wconf 86' lang='lat' dir='ltr'>perturbabatur,</span> <span class='ocrx_word' id='word_1_183' title='bbox 453 2133 602 2193; x_wconf 79' lang='lat' dir='ltr'>accedere</span> <span class='ocrx_word' id='word_1_184' title='bbox 618 2140 648 2194; x_wconf 92' lang='lat' dir='ltr'>et</span> <span class='ocrx_word' id='word_1_185' title='bbox 662 2141 800 2193; x_wconf 85' lang='lat' dir='ltr'>naturam</span> <span class='ocrx_word' id='word_1_186' title='bbox 814 2148 851 2193; x_wconf 88' lang='lat' dir='ltr'>ec</span> <span class='ocrx_word' id='word_1_187' title='bbox 867 2133 981 2195; x_wconf 90' lang='lat' dir='ltr'>bonum</span> <span class='ocrx_word' id='word_1_188' title='bbox 995 2130 1113 2192; x_wconf 89' lang='lat' dir='ltr'>timoris</span> <span class='ocrx_word' id='word_1_189' title='bbox 1129 2132 1177 2192; x_wconf 90' lang='lat' dir='ltr'>sui</span> 
     </span>
     <span class='ocr_line' id='line_1_24' title="bbox 193 2215 1177 2293; baseline 0 -17"><span class='ocrx_word' id='word_1_190' title='bbox 193 2233 297 2279; x_wconf 90' lang='lat' dir='ltr'>nosse.</span> <span class='ocrx_word' id='word_1_191' title='bbox 320 2217 423 2293; x_wconf 88' lang='lat' dir='ltr'>itaque</span> <span class='ocrx_word' id='word_1_192' title='bbox 435 2232 487 2277; x_wconf 91' lang='lat' dir='ltr'>res</span> <span class='ocrx_word' id='word_1_193' title='bbox 502 2217 625 2276; x_wconf 83' lang='lat' dir='ltr'>loiseel</span> <span class='ocrx_word' id='word_1_194' title='bbox 640 2216 739 2277; x_wconf 87' lang='lat' dir='ltr'>inanis</span> <span class='ocrx_word' id='word_1_195' title='bbox 753 2216 846 2277; x_wconf 88' lang='lat' dir='ltr'>hahet</span> <span class='ocrx_word' id='word_1_196' title='bbox 859 2218 959 2278; x_wconf 86' lang='lat' dir='ltr'>adhuc</span> <span class='ocrx_word' id='word_1_197' title='bbox 974 2216 1081 2291; x_wconf 88' lang='lat' dir='ltr'>fidem,</span> <span class='ocrx_word' id='word_1_198' title='bbox 1104 2215 1177 2292; x_wconf 85' lang='lat' dir='ltr'>quia</span> 
     </span>
     <span class='ocr_line' id='line_1_25' title="bbox 164 2299 1175 2376; baseline -0.005 -10"><span class='ocrx_word' id='word_1_199' title='bbox 164 2313 254 2366; x_wconf 76' lang='lat' dir='ltr'>onon</span> <span class='ocrx_word' id='word_1_200' title='bbox 270 2303 453 2376; x_wconf 77' lang='lat' dir='ltr'>coarguitur.</span> <span class='ocrx_word' id='word_1_201' title='bbox 474 2301 560 2360; x_wconf 86' lang='lat' dir='ltr'>Tanti</span> <span class='ocrx_word' id='word_1_202' title='bbox 578 2308 720 2376; x_wconf 89' lang='lat' dir='ltr'>putemus</span> <span class='ocrx_word' id='word_1_203' title='bbox 736 2302 844 2362; x_wconf 91' lang='lat' dir='ltr'>oculos</span> <span class='ocrx_word' id='word_1_204' title='bbox 859 2301 1032 2362; x_wconf 85' lang='lat' dir='ltr'>intendere=</span> <span class='ocrx_word' id='word_1_205' title='bbox 1048 2299 1108 2361; x_wconf 87' lang='lat' dir='ltr'>iam</span> <span class='ocrx_word' id='word_1_206' title='bbox 1123 2300 1175 2361; x_wconf 87' lang='lat' dir='ltr'>ad·</span> 
     </span>
     <span class='ocr_line' id='line_1_26' title="bbox 192 2384 1175 2462; baseline -0.003 -16"><span class='ocrx_word' id='word_1_207' title='bbox 192 2384 320 2462; x_wconf 83' lang='lat' dir='ltr'>parebit,</span> <span class='ocrx_word' id='word_1_208' title='bbox 339 2402 430 2460; x_wconf 88' lang='lat' dir='ltr'>quam</span> <span class='ocrx_word' id='word_1_209' title='bbox 444 2385 558 2457; x_wconf 91' lang='lat' dir='ltr'>brevia,</span> <span class='ocrx_word' id='word_1_210' title='bbox 576 2401 668 2460; x_wconf 90' lang='lat' dir='ltr'>quam</span> <span class='ocrx_word' id='word_1_211' title='bbox 683 2386 807 2457; x_wconf 82' lang='lat' dir='ltr'>incerta,</span> <span class='ocrx_word' id='word_1_212' title='bbox 824 2402 917 2461; x_wconf 87' lang='lat' dir='ltr'>quam</span> <span class='ocrx_word' id='word_1_213' title='bbox 931 2392 994 2447; x_wconf 83' lang='lat' dir='ltr'>tuta</span> <span class='ocrx_word' id='word_1_214' title='bbox 1005 2385 1175 2447; x_wconf 87' lang='lat' dir='ltr'>timeantur.</span> 
     </span>
     <span class='ocr_line' id='line_1_27' title="bbox 190 2468 1174 2545; baseline 0 -15"><span class='ocrx_word' id='word_1_215' title='bbox 190 2471 259 2530; x_wconf 89' lang='lat' dir='ltr'>talis</span> <span class='ocrx_word' id='word_1_216' title='bbox 282 2476 329 2529; x_wconf 89' lang='lat' dir='ltr'>est</span> <span class='ocrx_word' id='word_1_217' title='bbox 354 2468 524 2530; x_wconf 87' lang='lat' dir='ltr'>animorum</span> <span class='ocrx_word' id='word_1_218' title='bbox 545 2475 719 2530; x_wconf 91' lang='lat' dir='ltr'>nostrorum</span> <span class='ocrx_word' id='word_1_219' title='bbox 735 2470 890 2544; x_wconf 84' lang='lat' dir='ltr'>conlusio,</span> <span class='ocrx_word' id='word_1_220' title='bbox 913 2469 1013 2545; x_wconf 81' lang='lat' dir='ltr'>qualis</span> <span class='ocrx_word' id='word_1_221' title='bbox 1034 2469 1174 2532; x_wconf 88' lang='lat' dir='ltr'>Lucretio</span> 
     </span>
     <span class='ocr_line' id='line_1_28' title="bbox 190 2554 334 2614; baseline -0.035 -1"><span class='ocrx_word' id='word_1_222' title='bbox 190 2554 258 2614; x_wconf 88' lang='lat' dir='ltr'>visa</span> <span class='ocrx_word' id='word_1_223' title='bbox 272 2559 334 2614; x_wconf 73' lang='lat' dir='ltr'>este</span> 
     </span>
     <span class='ocr_line' id='line_1_29' title="bbox 273 2637 1042 2714; baseline 0.007 -18"><span class='ocrx_word' id='word_1_224' title='bbox 273 2652 344 2696; x_wconf 84' lang='lat' dir='ltr'>nom</span> <span class='ocrx_word' id='word_1_225' title='bbox 358 2637 547 2711; x_wconf 81' lang='lat' dir='ltr'>cclutipucri</span> <span class='ocrx_word' id='word_1_226' title='bbox 561 2637 714 2714; x_wconf 79' lang='lat' dir='ltr'>trepidant</span> <span class='ocrx_word' id='word_1_227' title='bbox 730 2645 819 2714; x_wconf 79' lang='lat' dir='ltr'>atque</span> <span class='ocrx_word' id='word_1_228' title='bbox 832 2640 931 2700; x_wconf 81' lang='lat' dir='ltr'>omnio</span> <span class='ocrx_word' id='word_1_229' title='bbox 944 2640 1042 2701; x_wconf 62' lang='lat' dir='ltr'>comte</span> 
     </span>
     <span class='ocr_line' id='line_1_30' title="bbox 273 2720 993 2792; baseline 0.003 -13"><span class='ocrx_word' id='word_1_230' title='bbox 273 2722 305 2779; x_wconf 83' lang='lat' dir='ltr'>in</span> <span class='ocrx_word' id='word_1_231' title='bbox 319 2720 444 2779; x_wconf 75' lang='lat' dir='ltr'>tenebris</span> <span class='ocrx_word' id='word_1_232' title='bbox 458 2725 597 2792; x_wconf 79' lang='lat' dir='ltr'>metuunt,</span> <span class='ocrx_word' id='word_1_233' title='bbox 612 2723 654 2781; x_wconf 78' lang='lat' dir='ltr'>lto</span> <span class='ocrx_word' id='word_1_234' title='bbox 667 2738 721 2782; x_wconf 83' lang='lat' dir='ltr'>nos</span> <span class='ocrx_word' id='word_1_235' title='bbox 734 2725 767 2782; x_wconf 80' lang='lat' dir='ltr'>lo</span> <span class='ocrx_word' id='word_1_236' title='bbox 776 2726 842 2783; x_wconf 82' lang='lat' dir='ltr'>luce</span> <span class='ocrx_word' id='word_1_237' title='bbox 852 2725 993 2784; x_wconf 81' lang='lat' dir='ltr'>timemus.</span> 
     </span>
     <span class='ocr_line' id='line_1_31' title="bbox 191 2800 1173 2882; baseline 0.004 -18"><span class='ocrx_word' id='word_1_238' title='bbox 191 2800 269 2877; x_wconf 82' lang='lat' dir='ltr'>Quid</span> <span class='ocrx_word' id='word_1_239' title='bbox 283 2808 379 2876; x_wconf 70' lang='lat' dir='ltr'>ergo?</span> <span class='ocrx_word' id='word_1_240' title='bbox 396 2802 463 2863; x_wconf 88' lang='lat' dir='ltr'>Non</span> <span class='ocrx_word' id='word_1_241' title='bbox 479 2804 561 2863; x_wconf 93' lang='lat' dir='ltr'>omni</span> <span class='ocrx_word' id='word_1_242' title='bbox 575 2819 673 2878; x_wconf 88' lang='lat' dir='ltr'>puero</span> <span class='ocrx_word' id='word_1_243' title='bbox 689 2808 843 2866; x_wconf 90' lang='lat' dir='ltr'>stultiores</span> <span class='ocrx_word' id='word_1_244' title='bbox 859 2821 975 2880; x_wconf 84' lang='lat' dir='ltr'>sumus,</span> <span class='ocrx_word' id='word_1_245' title='bbox 992 2804 1090 2882; x_wconf 86' lang='lat' dir='ltr'>quiin</span> <span class='ocrx_word' id='word_1_246' title='bbox 1105 2805 1173 2867; x_wconf 89' lang='lat' dir='ltr'>luce</span> 
     </span>
     <span class='ocr_line' id='line_1_32' title="bbox 161 2884 1172 2963; baseline -0.002 -16"><span class='ocrx_word' id='word_1_247' title='bbox 161 2886 353 2958; x_wconf 74' lang='lat' dir='ltr'>atimemus?</span> <span class='ocrx_word' id='word_1_248' title='bbox 372 2884 436 2947; x_wconf 90' lang='lat' dir='ltr'>Sed</span> <span class='ocrx_word' id='word_1_249' title='bbox 452 2887 560 2947; x_wconf 79' lang='lat' dir='ltr'>salsum</span> <span class='ocrx_word' id='word_1_250' title='bbox 575 2895 639 2963; x_wconf 90' lang='lat' dir='ltr'>est,</span> <span class='ocrx_word' id='word_1_251' title='bbox 654 2888 789 2962; x_wconf 90' lang='lat' dir='ltr'>Lucreti,</span> <span class='ocrx_word' id='word_1_252' title='bbox 812 2905 873 2951; x_wconf 92' lang='lat' dir='ltr'>non</span> <span class='ocrx_word' id='word_1_253' title='bbox 887 2889 1029 2951; x_wconf 87' lang='lat' dir='ltr'>tlmemus</span> <span class='ocrx_word' id='word_1_254' title='bbox 1044 2888 1075 2951; x_wconf 91' lang='lat' dir='ltr'>in</span> <span class='ocrx_word' id='word_1_255' title='bbox 1090 2889 1172 2951; x_wconf 85' lang='lat' dir='ltr'>luee=</span> 
     </span>
     <span class='ocr_line' id='line_1_33' title="bbox 190 2970 1174 3048; baseline 0 -15"><span class='ocrx_word' id='word_1_256' title='bbox 190 2972 317 3033; x_wconf 85' lang='lat' dir='ltr'>omnia</span> <span class='ocrx_word' id='word_1_257' title='bbox 332 2970 444 3031; x_wconf 93' lang='lat' dir='ltr'>nobis</span> <span class='ocrx_word' id='word_1_258' title='bbox 460 2971 834 3033; x_wconf 86' lang='lat' dir='ltr'>lecimustenebras.</span> <span class='ocrx_word' id='word_1_259' title='bbox 856 2973 1174 3048; x_wconf 87' lang='lat' dir='ltr'>nihilvidemus,nec</span> 
     </span>
     <span class='ocr_line' id='line_1_34' title="bbox 190 3055 1174 3132; baseline -0.001 -14"><span class='ocrx_word' id='word_1_260' title='bbox 190 3055 265 3132; x_wconf 91' lang='lat' dir='ltr'>quid</span> <span class='ocrx_word' id='word_1_261' title='bbox 278 3062 389 3117; x_wconf 82' lang='lat' dir='ltr'>noceat</span> <span class='ocrx_word' id='word_1_262' title='bbox 403 3070 460 3115; x_wconf 91' lang='lat' dir='ltr'>nec</span> <span class='ocrx_word' id='word_1_263' title='bbox 476 3055 550 3130; x_wconf 90' lang='lat' dir='ltr'>quid</span> <span class='ocrx_word' id='word_1_264' title='bbox 561 3056 717 3131; x_wconf 86' lang='lat' dir='ltr'>expediat.</span> <span class='ocrx_word' id='word_1_265' title='bbox 734 3063 797 3118; x_wconf 86' lang='lat' dir='ltr'>tota</span> <span class='ocrx_word' id='word_1_266' title='bbox 811 3058 873 3118; x_wconf 86' lang='lat' dir='ltr'>vita</span> <span class='ocrx_word' id='word_1_267' title='bbox 886 3057 1106 3119; x_wconf 86' lang='lat' dir='ltr'>incursitamus</span> <span class='ocrx_word' id='word_1_268' title='bbox 1117 3071 1174 3117; x_wconf 90' lang='lat' dir='ltr'>nee</span> 
     </span>
     <span class='ocr_line' id='line_1_35' title="bbox 188 3139 1173 3217; baseline -0.003 -16"><span class='ocrx_word' id='word_1_269' title='bbox 188 3140 229 3201; x_wconf 93' lang='lat' dir='ltr'>ob</span> <span class='ocrx_word' id='word_1_270' title='bbox 253 3140 312 3201; x_wconf 88' lang='lat' dir='ltr'>hoc</span> <span class='ocrx_word' id='word_1_271' title='bbox 337 3139 509 3200; x_wconf 88' lang='lat' dir='ltr'>resistimus</span> <span class='ocrx_word' id='word_1_272' title='bbox 537 3148 590 3202; x_wconf 82' lang='lat' dir='ltr'>aut</span> <span class='ocrx_word' id='word_1_273' title='bbox 614 3140 864 3216; x_wconf 88' lang='lat' dir='ltr'>circumspectius</span> <span class='ocrx_word' id='word_1_274' title='bbox 886 3141 998 3217; x_wconf 90' lang='lat' dir='ltr'>pedem</span> <span class='ocrx_word' id='word_1_275' title='bbox 1019 3141 1173 3216; x_wconf 86' lang='lat' dir='ltr'>ponimus.</span> 
     </span>
     <span class='ocr_line' id='line_1_36' title="bbox 187 3223 1175 3300; baseline 0 -15"><span class='ocrx_word' id='word_1_276' title='bbox 187 3224 276 3285; x_wconf 89' lang='lat' dir='ltr'>vides</span> <span class='ocrx_word' id='word_1_277' title='bbox 291 3231 406 3296; x_wconf 87' lang='lat' dir='ltr'>autem,</span> <span class='ocrx_word' id='word_1_278' title='bbox 423 3223 569 3299; x_wconf 87' lang='lat' dir='ltr'>quamsit</span> <span class='ocrx_word' id='word_1_279' title='bbox 584 3224 700 3285; x_wconf 82' lang='lat' dir='ltr'>furiosa</span> <span class='ocrx_word' id='word_1_280' title='bbox 712 3241 764 3285; x_wconf 88' lang='lat' dir='ltr'>res</span> <span class='ocrx_word' id='word_1_281' title='bbox 779 3224 957 3286; x_wconf 90' lang='lat' dir='ltr'>intenebris</span> <span class='ocrx_word' id='word_1_282' title='bbox 977 3223 1120 3300; x_wconf 70' lang='lat' dir='ltr'>inpetrat</span> <span class='ocrx_word' id='word_1_283' title='bbox 1145 3231 1175 3285; x_wconf 83' lang='lat' dir='ltr'>at</span> 
     </span>
     <span class='ocr_line' id='line_1_37' title="bbox 188 3307 1174 3385; baseline 0.001 -17"><span class='ocrx_word' id='word_1_284' title='bbox 188 3308 378 3369; x_wconf 90' lang='lat' dir='ltr'>mehercules</span> <span class='ocrx_word' id='word_1_285' title='bbox 394 3307 425 3368; x_wconf 93' lang='lat' dir='ltr'>id</span> <span class='ocrx_word' id='word_1_286' title='bbox 443 3308 571 3382; x_wconf 87' lang='lat' dir='ltr'>agimus,</span> <span class='ocrx_word' id='word_1_287' title='bbox 587 3314 621 3369; x_wconf 94' lang='lat' dir='ltr'>ut</span> <span class='ocrx_word' id='word_1_288' title='bbox 631 3308 751 3384; x_wconf 89' lang='lat' dir='ltr'>longius</span> <span class='ocrx_word' id='word_1_289' title='bbox 762 3308 929 3371; x_wconf 85' lang='lat' dir='ltr'>revocandi</span> <span class='ocrx_word' id='word_1_290' title='bbox 940 3307 1048 3385; x_wconf 88' lang='lat' dir='ltr'>simus,</span> <span class='ocrx_word' id='word_1_291' title='bbox 1063 3316 1174 3371; x_wconf 87' lang='lat' dir='ltr'>etcum</span> 
     </span>
     <span class='ocr_line' id='line_1_38' title="bbox 187 3391 1174 3470; baseline 0.001 -18"><span class='ocrx_word' id='word_1_292' title='bbox 187 3391 380 3467; x_wconf 88' lang='lat' dir='ltr'>ignoremus,</span> <span class='ocrx_word' id='word_1_293' title='bbox 396 3408 456 3467; x_wconf 88' lang='lat' dir='ltr'>quo</span> <span class='ocrx_word' id='word_1_294' title='bbox 472 3392 620 3466; x_wconf 81' lang='lat' dir='ltr'>feramur,</span> <span class='ocrx_word' id='word_1_295' title='bbox 636 3393 782 3452; x_wconf 90' lang='lat' dir='ltr'>velociter</span> <span class='ocrx_word' id='word_1_296' title='bbox 795 3401 896 3454; x_wconf 87' lang='lat' dir='ltr'>tamen</span> <span class='ocrx_word' id='word_1_297' title='bbox 913 3393 981 3466; x_wconf 90' lang='lat' dir='ltr'>iilo,</span> <span class='ocrx_word' id='word_1_298' title='bbox 997 3410 1061 3470; x_wconf 87' lang='lat' dir='ltr'>quo</span> <span class='ocrx_word' id='word_1_299' title='bbox 1076 3393 1174 3455; x_wconf 87' lang='lat' dir='ltr'>inten-</span> 
     </span>
     <span class='ocr_line' id='line_1_39' title="bbox 165 3474 1172 3554; baseline 0.005 -20"><span class='ocrx_word' id='word_1_300' title='bbox 165 3474 302 3550; x_wconf 77' lang='lat' dir='ltr'>·¹imus,</span> <span class='ocrx_word' id='word_1_301' title='bbox 324 3490 572 3551; x_wconf 86' lang='lat' dir='ltr'>perseveramus.</span> <span class='ocrx_word' id='word_1_302' title='bbox 607 3475 671 3536; x_wconf 89' lang='lat' dir='ltr'>Sed</span> <span class='ocrx_word' id='word_1_303' title='bbox 693 3478 914 3554; x_wconf 88' lang='lat' dir='ltr'>lucescere,</span> <span class='ocrx_word' id='word_1_304' title='bbox 937 3476 970 3538; x_wconf 88' lang='lat' dir='ltr'>si</span> <span class='ocrx_word' id='word_1_305' title='bbox 989 3477 1172 3551; x_wconf 70' lang='lat' dir='ltr'>velimus,</span> 
     </span>
    </p>
   </div>
   <div class='ocr_carea' id='block_1_5' title="bbox 0 0 1238 3930">
    <p class='ocr_par' dir='ltr' id='par_1_5' title="bbox 0 0 1238 3930">
     <span class='ocr_line' id='line_1_40' title="bbox 0 0 1238 3930; baseline 0 2"><span class='ocrx_word' id='word_1_306' title='bbox 0 0 1238 3930; x_wconf 95' lang='lat' dir='ltr'> </span> 
     </span>
    </p>
   </div>
  </div>
 </body>
</html>
