2468 3930
209 234 272 301 112
486 232 520 293 L.
543 230 689 293 nuunul
711 227 887 291 stiliconis

208 389 252 449 lut
265 385 345 448 levia
358 385 419 444 tela
434 385 504 444 laxo
521 381 589 443 sinu
603 379 712 455 eludit,
728 381 878 456 quaedum
890 379 1014 443 discutit
1024 389 1055 443 ct
1067 379 1100 444 in
1114 399 1186 447 oum

208 486 323 546 usque,
340 469 392 545 qui
406 467 547 538 miserat,
562 467 689 540 respuit.
710 465 797 524 Vale.

508 600 724 658 EPISTULA
748 602 781 657 ΙΙ.
810 601 880 673 (54.)

460 698 571 750 Surisca
587 699 699 749 Lucuro
718 707 770 748 suo
788 707 927 749 securum.

185 825 196 878 l
269 804 407 877 Longum
422 798 494 860 mihi
509 807 710 860 commeatum
724 798 853 859 dederat
873 800 970 859 mala
990 799 1185 863 valitudo:

208 894 371 962 repente
391 899 445 944 me
465 883 618 943 invasit.
647 898 730 957 „quo
745 887 898 969 geperet“
918 883 1031 959 inquis.
1054 900 1185 959 prorsus

209 970 315 1030 merito
334 969 517 1042 interrogas:
535 967 613 1028 adeo
629 966 744 1027 nullum
759 966 831 1025 milri
846 964 981 1040 ignauam
997 976 1054 1027 est.
1074 968 1127 1028 uni
1141 975 1184 1028 ta·

209 1070 278 1114 men
300 1053 407 1113 morbo
434 1049 522 1126 quasi
542 1050 719 1125 adsignatus
744 1065 827 1123 sum,
850 1065 941 1124 quern
956 1066 1052 1124 quare
1066 1051 1182 1112 Graeco

210 1136 332 1199 nomine
343 1136 494 1210 adpellem
505 1134 621 1194 nescio.
639 1133 714 1193 satis
728 1133 807 1193 enim
819 1143 891 1208 apte
903 1133 962 1192 dici
977 1135 1186 1208 suspirium

211 1229 322 1298 potest.
349 1219 451 1280 brevis
473 1225 572 1279 autem
588 1217 679 1278 valde
699 1223 729 1277 et
742 1217 898 1293 procellae
912 1216 1019 1277 similis
1034 1224 1084 1278 est
1098 1218 1185 1293 iupe-

210 1313 275 1366 tus:
301 1306 379 1364 intra
397 1302 504 1362 horam
524 1303 588 1360 lere
608 1300 727 1361 desinit.
764 1300 833 1375 quis
855 1300 934 1360 enim
956 1300 1009 1361 diu
1028 1301 1187 1376 exspirata

182 1389 319 1450 20mnia
330 1385 469 1461 corporis
484 1391 536 1444 aut
549 1384 744 1446 incommoda
754 1391 805 1445 aut
814 1384 950 1458 pericula
963 1399 1017 1458 por
1027 1399 1077 1445 me
1087 1391 1186 1444 traus-

209 1473 322 1531 ierunt:
355 1470 469 1528 nullum
493 1467 565 1527 mihi
589 1467 710 1529 videtur
731 1468 900 1528 molestius.
944 1467 1071 1542 quidnio
1102 1467 1183 1529 aliud

210 1554 290 1613 enim
305 1551 452 1628 quicquid
467 1558 527 1625 est,
542 1560 702 1626 aegrotare
717 1559 779 1624 est,
793 1553 852 1612 hoc
863 1551 995 1611 animam
1006 1567 1108 1626 agere.
1131 1551 1185 1612 ita·

211 1653 271 1713 que
297 1634 407 1695 medici
432 1635 511 1694 hanc
536 1635 850 1708 „meditationem
874 1635 1038 1696 mortis“
1061 1640 1184 1695 vocant

210 1720 281 1780 iacit
291 1720 371 1780 enlm
382 1717 546 1793 aliquando
560 1717 686 1793 spiritus
698 1719 763 1793 ille,
779 1719 865 1794 quod
879 1733 974 1794 saepe
987 1726 1116 1780 conatus
1128 1725 1184 1778 est

181 1802 342 1868 3Hilarem
356 1818 405 1861 me
420 1809 510 1876 putas
525 1801 602 1862 haec
615 1800 669 1860 tibi
684 1803 834 1876 scribere,
853 1802 925 1876 quic
938 1801 1054 1876 effugit
1068 1809 1131 1864 tam
1146 1802 1185 1861 ri-

210 1886 310 1948 dieule
325 1885 419 1959 facio,
443 1887 469 1946 si
489 1886 549 1945 hoc
566 1885 627 1944 fine
649 1886 737 1961 quasi
758 1885 841 1945 bona
854 1885 1020 1947 valitudine
1040 1886 1183 1958 delector,

211 1986 303 2046 quam
322 1970 388 2042 ille,
410 1967 550 2044 quisquis
564 1968 679 2029 vicisse
695 1975 754 2043 [se]
770 1976 870 2045 putat,
892 1985 961 2030 cum
976 1968 1183 2030 vadimonium

210 2053 339 2115 distulit:
362 2068 419 2127 ego
437 2068 509 2112 vero
526 2058 556 2112 et
572 2052 607 2111 in
629 2053 716 2127 ipsa
736 2054 1005 2114 suiiocatioue
1025 2069 1098 2115 non
1121 2053 1184 2112 de·

210 2138 259 2198 sii
279 2136 589 2212 cogitationibus
617 2135 736 2196 laetis
764 2153 806 2198 ac
828 2135 1000 2198 fortibus
1022 2137 1184 2212 adquie-

180 2237 332 2290 4scere.
354 2220 432 2295 puio
443 2221 503 2281 hoc
515 2225 583 2279 estt
596 2219 729 2295 inquam.
747 2228 806 2281 tam
823 2235 919 2295 saepe
932 2236 1017 2281 mors
1029 2220 1187 2297 experitur

209 2312 279 2365 met
292 2305 392 2366 iaciat.
413 2309 444 2363 at
454 2319 512 2378 ego
525 2304 604 2362 illam
617 2305 670 2364 diu
681 2312 826 2378 expertus
839 2320 916 2364 sum.
939 2304 1127 2379 „quandor‘
1142 2303 1186 2363 in·

211 2389 290 2466 quis.
320 2396 656 2464 antequamnascerer.
683 2386 768 2448 Mors
788 2395 836 2449 est
856 2404 918 2447 non
937 2402 1018 2448 esse.
1048 2388 1081 2449 id
1095 2388 1186 2463 quale

210 2475 263 2548 sit,
278 2474 338 2533 iarn
350 2472 425 2534 scio.
449 2472 509 2531 hoc
521 2471 577 2531 erit
587 2477 659 2546 post
670 2487 733 2545 me,
747 2473 831 2547 quod
842 2479 912 2533 ante
925 2487 974 2531 me
986 2470 1051 2532 luit
1073 2471 1100 2532 si
1112 2469 1185 2546 quid

210 2557 239 2616 in
260 2557 319 2617 hac
341 2572 375 2617 re
395 2556 536 2616 tormenti
555 2562 616 2628 est,
638 2569 769 2615 necesso
783 2561 873 2616 estet
887 2554 1000 2630 luisse,
1021 2562 1185 2629 antequam

210 2639 404 2714 prodiremus
425 2639 456 2696 in
476 2638 591 2697 lucem:
613 2639 696 2712 atqui
710 2641 822 2700 nullam
838 2641 991 2700 sensimus
1005 2645 1079 2699 tunc
1091 2653 1185 2698 vexa-

181 2721 333 2782 ationem.
360 2723 464 2795 Rogo,
480 2737 541 2780 non
557 2720 768 2783 stultissimum
783 2723 885 2798 dicas,
903 2723 930 2783 si
949 2722 1019 2798 quis
1034 2721 1186 2782 existimet

209 2805 353 2864 lucernae
370 2803 458 2879 peius
474 2819 561 2877 esse,
583 2819 652 2865 cum
669 2807 819 2868 exstincta
832 2813 894 2881 est,
917 2822 1009 2882 quam
1023 2803 1186 2880 antequam

210 2888 406 2948 accenditur?
428 2903 486 2949 nos
508 2904 634 2963 quoque
650 2897 680 2949 et
694 2891 917 2966 exstinguimur
930 2895 961 2950 et
974 2889 1184 2950 accendimur:

209 2971 311 3033 medio
332 2973 383 3032 illo
407 2979 546 3047 tempore
567 2973 681 3047 aliquid
703 2975 840 3048 patimur.
870 2975 1023 3050 utrimque
1037 2989 1112 3034 vero
1127 2973 1187 3034 alu

210 3056 360 3118 securitas
374 3062 431 3117 est.
459 3057 492 3115 In
507 3056 567 3116 hoc
582 3057 675 3130 enim,
691 3056 732 3117 mi
746 3058 856 3132 Lucili,
878 3057 938 3118 nisi
953 3059 1057 3130 fallor,
1079 3071 1185 3116 erra·

208 3156 305 3215 mus,
330 3141 431 3216 quod
449 3145 605 3202 mortem
626 3139 845 3202 iudicamus
868 3141 995 3218 sequi,
1018 3155 1099 3201 oum
1118 3139 1187 3199 illa

209 3233 245 3285 et
271 3223 546 3299 praecesserit
572 3232 609 3284 et
635 3230 822 3285 secutura
850 3224 917 3287 sit:
949 3223 1097 3301 quicquid
1116 3228 1187 3283 ante

207 3322 266 3368 nos
282 3307 352 3384 iuit,
367 3325 451 3371 mors
466 3315 522 3368 est.
547 3307 621 3384 quid
636 3308 716 3369 enim
731 3310 839 3382 refert,
855 3325 916 3369 non
932 3306 1063 3384 incipias
1077 3323 1118 3368 an
1132 3306 1185 3367 de·

182 3390 311 3466 ocinus,
334 3409 403 3453 curu
416 3393 577 3468 utriusque
591 3393 635 3452 rei
649 3392 699 3454 hic
714 3393 754 3453 sit
768 3392 911 3466 effectus,
932 3408 995 3453 non
1011 3397 1104 3453 esset
1130 3387 1186 3451 His

255 3471 404 3537 eiusmodi
426 3475 702 3551 exhortationibus,
725 3477 822 3538 tacitis
844 3476 974 3552 scilicet,
996 3491 1067 3537 nam
1080 3472 1184 3537 rubis
