2468 3930
186 232 251 296 224
473 232 506 290 L.
530 230 675 290 ANNAEl
698 228 872 289 SENECAE
947 227 950 230 ⁴

715 386 856 465 liquentia
872 387 961 444 mella

336 471 448 544 stipant
460 473 489 527 ct
501 468 584 528 dulci
597 467 768 528 distendunt
780 473 901 528 nectare
913 472 1014 533 cellos.

157 553 230 617 lDe
245 552 305 612 illis
323 568 385 612 non
407 549 481 612 satis
498 557 632 625 constat,
654 557 755 611 utrum
772 566 899 611 succum
915 567 953 611 ex
969 551 1100 614 floribus
1115 553 1169 614 du-

185 645 263 709 cant,
281 635 334 710 qui
350 636 488 710 protinus
505 637 565 693 mel
580 635 633 708 sit,
657 651 696 694 an
713 650 791 708 quae
807 636 1010 710 collegerunt,
1036 637 1066 695 in
1087 637 1169 698 hunc

185 735 327 794 saporem
349 720 480 780 mixtura
495 718 627 794 quadam
643 726 674 778 et
694 719 881 793 proprietate
896 720 1023 793 spiritus
1041 722 1090 780 sui
1104 739 1169 782 mu·

183 811 255 863 tent.
280 803 465 877 quibusdam
490 802 569 861 enim
593 803 694 876 placet
714 819 776 863 non
797 797 929 884 faciendi
949 804 1047 865 mellis
1070 806 1168 865 scien·

184 888 256 947 tiam
272 903 345 947 esse
360 887 434 961 illis,
453 884 510 946 sed
530 885 701 960 colligendi.
724 887 808 946 aiunt
826 887 955 946 inveniri
977 888 1058 963 apud
1073 889 1167 948 Indos

184 972 244 1032 mel
267 968 298 1029 in
327 971 507 1031 arundinum
536 969 632 1042 soliis,
659 971 744 1044 quod
765 977 817 1030 aut
838 986 892 1033 ros
914 971 996 1031 illiu‘s
1018 971 1095 1031 coeli
1116 979 1169 1032 aut

184 1055 283 1130 ipsius
305 1054 462 1114 arundinis
482 1053 593 1112 humor
614 1053 712 1113 dulcis
733 1060 763 1113 et
784 1054 928 1128 pinguior
941 1054 1046 1130 gignit.
1068 1054 1097 1114 in
1113 1073 1168 1116 no-

184 1139 256 1200 stris
274 1154 400 1213 quoque
414 1136 518 1198 herbis
532 1136 593 1195 vim
612 1138 765 1211 eamdem,
791 1139 849 1197 sed
864 1139 964 1198 minus
978 1138 1171 1199 manifestam

184 1228 214 1282 et
228 1222 391 1284 notabilem
408 1219 497 1295 poni,
514 1237 606 1295 quam
621 1227 826 1296 persequatur
840 1229 869 1282 et
884 1222 1044 1283 contrahat
1059 1224 1171 1283 aninral

182 1306 256 1367 huic
276 1307 321 1365 rei
342 1306 485 1380 genitum.
509 1305 632 1378 quidam
648 1305 822 1366 existimant
842 1304 1002 1367 conditura
1018 1314 1048 1366 et
1062 1307 1169 1381 dispo-

184 1391 294 1452 sitione
308 1387 340 1447 in
355 1389 434 1447 hanc
449 1387 623 1464 qualitatem
635 1388 719 1461 verti,
737 1404 816 1464 quac
831 1404 869 1448 ex
883 1389 1054 1450 tenerrimis
1068 1391 1170 1450 viren-

183 1474 257 1534 tium
277 1471 514 1546 llorentiumque
535 1472 761 1548 decerpserint,
785 1488 847 1534 non
868 1470 936 1532 sine
958 1474 1109 1547 quodam,
1136 1481 1171 1533 ut

184 1557 225 1616 ita
246 1555 359 1628 dicam,
384 1557 546 1628 termento,
579 1571 640 1630 quo
669 1556 813 1616 inunum
834 1555 959 1616 diversa
979 1558 1168 1617 coalescunt.

155 1639 248 1707 asad
263 1654 302 1698 ne
317 1640 356 1699 ad
372 1640 454 1699 aliud
470 1655 560 1715 quam
582 1640 621 1699 de
637 1654 699 1715 quo
715 1641 828 1715 agitur,
845 1641 992 1714 adducar,
1015 1657 1074 1703 nos
1091 1657 1168 1715 quo·

185 1738 246 1800 que
265 1724 321 1782 has
346 1739 441 1798 apes
462 1723 646 1783 debemus
666 1724 809 1783 imitari
837 1732 874 1785 et
900 1738 1169 1800 quaecumque

185 1823 230 1867 ex
256 1807 415 1866 diversa
442 1808 615 1867 lectione
642 1808 930 1882 congessimus,
968 1823 1167 1883 separare.

184 1890 293 1951 melius
310 1892 390 1950 enim
406 1891 547 1951 distincta
563 1897 731 1951 servantur.
754 1891 898 1950 deinde
919 1889 1097 1951 adhibita
1116 1891 1169 1951 in-

184 1974 289 2051 genii
304 1975 430 2036 nostri
445 1991 538 2035 cura
553 1975 790 2035 etlaoultate
810 1974 846 2032 in
862 1990 973 2033 unum
988 1990 1167 2049 saporem

183 2061 292 2120 varia
313 2060 381 2120 1113
401 2058 613 2120 libamenta
633 2057 888 2133 contundere,
909 2065 957 2131 ut,
980 2058 1165 2119 etiamsiad-

184 2145 328 2239 parcent,
344 2144 426 2205 unde
441 2150 594 2218 sumptum
611 2143 659 2216 sit,
675 2141 756 2202 aliud
774 2149 876 2202 tanton
891 2157 1070 2217 essequam
1084 2143 1166 2201 unde

185 2237 339 2303 sumptum
356 2236 416 2300 est,
434 2228 596 2303 adpareat,
613 2226 697 2302 quod
712 2226 741 2285 in
758 2242 890 2301 corpore
905 2233 1010 2286 nostro
1026 2227 1166 2286 videmus

155 2313 251 2377 osine
270 2313 332 2373 ulla
353 2328 449 2388 opera
470 2320 575 2372 nostra
596 2311 700 2370 lacere
719 2317 874 2371 naturam=
904 2309 1059 2385 alimenta,
1087 2326 1167 2386 quae

185 2397 376 2472 accepimus,
399 2395 543 2472 quamdiu
563 2396 593 2454 in
610 2411 667 2455 sua
683 2397 828 2470 qualitate
842 2395 1010 2469 perdurant
1024 2403 1055 2455 ct
1068 2394 1167 2456 solida

184 2481 321 2542 innatant
342 2479 516 2554 stomacho,
544 2494 638 2539 onera
664 2486 750 2539 sunt:
783 2484 813 2538 at
839 2494 908 2538 cum
933 2494 1051 2554 exeo,
1083 2477 1167 2552 quod

186 2571 280 2637 erant,
296 2572 409 2625 mutata
424 2571 508 2638 sunt,
530 2571 602 2623 tunc
617 2562 741 2622 demum
755 2562 785 2620 in
801 2560 883 2621 vires
898 2568 928 2622 et
941 2562 971 2621 in
987 2562 1166 2637 sanguinem

185 2656 358 2708 transeunt:
382 2647 463 2708 idem
478 2649 508 2707 in
522 2647 586 2721 his,
608 2645 719 2720 quibus
735 2645 857 2706 aluntur
870 2646 1008 2722 ingenia,
1029 2652 1166 2722 praesto·

185 2747 270 2805 mus,
298 2738 332 2790 ut
354 2746 565 2807 quaecumque
589 2727 763 2804 hausimus,
793 2745 853 2790 non
878 2729 1028 2804 patiamur
1051 2731 1165 2803 integra

158 2820 273 2887 lesse,
297 2830 336 2874 ne
357 2815 456 2876 aliena
477 2814 547 2875 sint.
572 2828 804 2887 concoquamus
820 2814 885 2872 illa:
909 2814 1044 2889 alioquin
1060 2811 1091 2872 in
1105 2828 1168 2872 me·
1192 2809 1193 2813 ’

186 2899 313 2958 moriam
328 2899 422 2973 ibunt,
438 2914 499 2959 non
513 2899 544 2957 in
558 2896 721 2972 ingenium.
744 2898 952 2958 adsentiamur
966 2898 1024 2958 illis
1037 2896 1168 2957 fideliter

187 2991 217 3044 et
230 2990 336 3044 nostra
351 2983 506 3056 iaciamus,
521 2988 555 3042 ut
568 2996 663 3041 unum
678 2982 824 3058 quiddam
839 2983 892 3043 liat
905 2998 944 3042 ex
959 2981 1070 3053 multis,
1089 2979 1167 3039 sicut

186 3062 268 3128 unus’
287 3082 432 3128 numerus
453 3066 487 3126 fit
505 3082 543 3125 ex
564 3065 707 3140 singulis,
737 3082 806 3126 oum
826 3065 960 3126 minores
981 3077 1116 3124 summas
1138 3068 1167 3121 et

187 3150 373 3213 dissidentes
395 3151 571 3225 conputatio
592 3167 652 3211 una
673 3150 903 3226 conprehendit.
923 3149 983 3208 hoc
998 3147 1089 3207 iaciat
1105 3145 1166 3205 ani-

186 3253 255 3297 mus
269 3244 391 3296 noster:
407 3235 516 3308 omnia,
533 3235 644 3311 quibus
661 3243 708 3296 est
723 3234 855 3310 adiutus,
871 3233 1048 3306 abscondat,
1064 3232 1167 3306 ipsum

158 3326 300 3381 stantum
319 3321 474 3394 ostendat,
497 3322 581 3396 quod
596 3319 705 3381 effecit.
741 3320 838 3381 Etiam
855 3320 882 3380 si
897 3317 984 3379 ouius
998 3317 1029 3376 in
1049 3323 1080 3376 te
1095 3332 1167 3377 con-

188 3404 307 3477 parabit
323 3403 504 3479 similitudo,
526 3421 618 3480 quem
637 3403 795 3466 admiratio
811 3404 864 3464 tibi
879 3401 968 3462 altius
988 3400 1103 3472 fixerit,
1126 3396 1167 3459 si-

187 3487 288 3547 milem
303 3503 375 3549 csse
391 3496 419 3549 te
435 3490 505 3550 volo
522 3490 676 3564 quomodo
696 3487 807 3563 filium,
833 3503 892 3547 non
915 3486 1071 3562 quomodo
1093 3481 1165 3543 ima·
