2468 3930
154 223 217 291 294
454 223 487 283 L.
509 223 656 284 ANNAEI
682 223 858 286 SENECAE

112 386 148 439 60
155 381 235 442 bitus
247 396 287 440 ex
295 379 343 440 his
353 384 415 439 est:
431 384 462 437 et
475 374 547 437 lacit
561 375 613 436 illa
625 383 703 437 etex
715 378 852 453 illisipsc
863 377 906 438 fit
920 377 1038 439 Deinde
1047 379 1141 457 istnd,

154 465 239 541 quod
254 462 341 538 dicis,
356 463 416 522 inm
431 458 558 535 perlecti
574 458 631 519 viri
645 468 693 522 est
707 476 743 522 ac
760 477 908 522 summam
920 463 1080 524 consecuti
1096 465 1140 526 le·

152 547 274 609 licitatis
303 547 469 618 humanae,
499 543 636 605 adhaec
661 551 762 605 autem
786 546 873 605 tarde
887 546 1079 621 pervenitur=
1093 549 1139 608 in·

152 631 239 691 terim
254 631 345 691 etiam
359 630 544 707 inperfecto,
570 628 627 688 sed
641 627 814 703 proficienti
834 630 1076 691 demonstranda
1092 639 1140 694 est

152 715 183 774 in
198 715 291 775 rebus
313 714 441 789 agendis
455 712 514 771 vla.
557 711 638 772 hanc
657 712 784 774 forsitan
799 713 890 773 etiam
910 713 979 774 sine
999 714 1139 776 admoni-

152 799 236 860 tione
251 798 336 858 dabit
349 798 408 858 sibi
422 797 493 872 ipsa
507 796 673 872 sapientia,
692 813 772 872 quae
787 797 847 856 iam
861 813 898 857 eo
914 797 1058 873 perduxit
1072 800 1137 861 ani·

153 898 249 957 mum,
271 888 305 942 ut
325 880 442 941 moveri
462 888 596 956 nequeat
615 881 674 940 nisi
694 881 724 940 in
745 889 879 941 rectumz
897 880 1137 944 inbecillioribus

154 967 277 1042 quidem
298 965 429 1041 ingeniis
449 964 659 1025 necessarium
680 972 728 1024 est
744 966 876 1040 aliquem
890 964 1028 1041 praeire=
1055 966 1138 1043 „hoc

109 1065 141 1117 ω
151 1050 276 1125 vitabis,
290 1049 351 1111 hoc
365 1051 492 1110 lacies.“
519 1049 681 1109 Praeterea
696 1047 724 1108 si
739 1057 900 1123 exspectat
913 1057 1052 1125 tempus,
1073 1067 1136 1126 qno

150 1150 208 1209 per
222 1150 257 1195 se
271 1135 357 1206 sciat,
374 1134 447 1209 quid
460 1133 607 1208 optimum
623 1134 705 1193 lactu
720 1132 767 1207 sit,
782 1133 901 1193 interim
916 1133 1029 1194 errabit
1043 1142 1074 1195 et
1088 1152 1135 1195 er-

150 1218 248 1278 rando
264 1216 446 1293 inpediatur,
463 1233 524 1292 qno
539 1217 639 1277 minus
653 1215 695 1275 ad
709 1216 784 1276 illud
800 1219 967 1292 perveniat,
984 1234 1045 1293 quo
1060 1235 1136 1294 pos-

151 1302 191 1362 sit
210 1317 246 1362 se
262 1318 334 1364 csse
350 1309 525 1361 contentus:
541 1301 606 1375 regi
622 1315 696 1374 ergo
711 1299 811 1372 debet,
827 1301 899 1361 dum
913 1301 1020 1376 incipit
1038 1319 1136 1376 posse

151 1402 186 1446 se
200 1400 317 1461 regere.
343 1384 431 1444 Pueri
452 1385 492 1443 ad
506 1383 730 1459 praescriptum
745 1384 877 1444 discunt.
909 1385 994 1459 digiti
1014 1387 1134 1448 illorum

150 1476 291 1531 tenantur
311 1475 342 1529 et
361 1467 460 1528 aliena
480 1484 571 1529 manu
592 1484 648 1543 per
668 1468 823 1529 literarum
837 1469 1003 1531 simulacra
1016 1469 1135 1532 ducun-

149 1559 206 1612 tur.
231 1553 343 1614 deinde
357 1551 466 1612 imitari
477 1551 619 1613 iubentur
630 1551 793 1628 proposita
806 1560 836 1614 et
851 1554 891 1613 ad
901 1554 953 1613 illa
964 1554 1134 1616 reformare

151 1636 402 1711 chirographum:
425 1636 470 1696 sic
487 1635 606 1698 animus
621 1644 735 1711 noster,
752 1636 824 1696 dum
839 1637 977 1697 eruditur
993 1637 1034 1696 ad
1047 1654 1135 1713 prae·

107 1720 305 1795 asscriptum,
321 1720 450 1780 iuvatur.
484 1721 587 1781 Haec
611 1728 713 1794 sunt,
736 1737 805 1795 per
825 1736 923 1795 quae
943 1721 1137 1796 probatur

148 1804 247 1864 hanc
268 1802 550 1881 philosophiae
575 1810 721 1881 partem
742 1820 1034 1880 supervacuam
1057 1822 1135 1866 non

149 1903 249 1949 esse.
280 1889 488 1964 quaeritur
507 1888 666 1961 deinde,
694 1904 739 1946 an
766 1889 813 1948 ad
834 1888 1055 1949 laciendum
1076 1905 1135 1949 sa·

147 1972 318 2048 piantem
339 1973 425 2033 sola
446 1972 636 2033 sulliciat.
666 1972 755 2031 huic
776 1972 1002 2048 quaestioni
1023 1988 1133 2032 suum

148 2055 249 2115 diem
281 2055 476 2117 dabimus=
510 2056 663 2117 interim
696 2055 860 2117 omissis
893 2055 1133 2133 argumentis

147 2155 275 2200 nonne
295 2141 460 2216 adparet
481 2157 560 2217 opus
581 2156 654 2202 esse
667 2139 757 2201 nobis
771 2141 876 2215 aliquo
893 2142 1058 2214 advocato,
1081 2141 1133 2216 qui

106 2230 254 2285 ciconna
268 2226 374 2300 populi
391 2233 557 2302 praecepta
571 2225 760 2302 praecipicia
805 2224 894 2285 Nulla
908 2225 948 2285 ad
965 2239 1057 2286 aures
1078 2240 1133 2285 no·

149 2314 229 2372 siras
252 2327 314 2372 vox
327 2308 444 2385 inpune
460 2312 625 2386 perlertum
647 2316 775 2383 nocent,
797 2308 851 2383 qui
866 2314 987 2384 optant,
1011 2313 1132 2382 nocent,

148 2394 201 2468 qui
221 2401 435 2455 exsecrantem
456 2411 526 2455 nam
548 2403 578 2454 et
601 2394 709 2454 horum
730 2393 898 2468 inprecatio
923 2394 1020 2454 lalsos
1042 2392 1131 2454 nobis

146 2485 247 2540 metus
261 2478 368 2538 inserit
381 2485 412 2540 et
427 2476 547 2539 illorum
569 2493 654 2538 amor
674 2477 753 2537 ninia
774 2477 865 2538 docet
885 2478 966 2538 bene
984 2476 1131 2552 optando.

146 2560 235 2622 mittit
255 2563 335 2621 enim
355 2577 414 2621 nos
430 2562 470 2621 ad
491 2562 659 2638 longinqua
671 2559 753 2622 bona
773 2568 804 2622 et
817 2562 933 2622 incerta
946 2567 977 2622 et
990 2560 1131 2634 errantia,

103 2659 216 2714 54cum
230 2646 389 2720 possimus
409 2646 581 2706 felicitatem
604 2645 696 2707 domo
712 2661 863 2720 promere.
903 2645 971 2705 Non
986 2645 1067 2717 licet,
1086 2644 1131 2702 in-

148 2744 249 2803 quam,
264 2729 309 2787 ire
321 2736 407 2788 recta
421 2730 486 2788 via=
501 2728 624 2790 trahunt
637 2730 669 2789 in
686 2746 813 2805 pravum
834 2736 993 2804 parentes,
1008 2727 1132 2790 trahunt

147 2811 239 2871 servi.
268 2826 358 2873 nemo
373 2817 455 2872 errat
467 2813 520 2873 uni
535 2811 602 2886 sibi,
618 2813 675 2873 sed
692 2815 873 2874 dementiam
884 2811 1001 2889 spargit
1015 2811 1046 2872 in
1059 2828 1130 2888 prn-

145 2896 247 2958 ximos
264 2895 436 2972 accipitque
450 2896 590 2958 invicem.
620 2905 650 2958 et
665 2899 737 2958 ideo
753 2896 785 2958 in
800 2898 929 2972 singulis
944 2897 1017 2958 vitia
1031 2912 1131 2972 popu·

145 2980 245 3040 lorum
260 2985 346 3055 sunt,
367 2981 441 3056 quia
460 2983 512 3043 illa
533 2982 667 3057 populus
688 2979 782 3043 dedit.
820 2983 894 3044 dum
913 2979 986 3041 lacit
999 2979 1131 3056 quisque

146 3065 298 3141 peiorem,
321 3065 420 3128 lactus
435 3073 496 3127 est=
518 3066 624 3128 didicit
638 3067 807 3141 deteriora,
828 3065 900 3127 dein
920 3064 1041 3138 docuit,
1055 3063 1131 3124 elic·

146 3156 257 3226 ctaque
278 3156 326 3211 est
345 3150 454 3227 ingens
475 3152 526 3211 ille
547 3150 683 3226 nequitia
704 3158 852 3226 congesto
867 3150 898 3210 in
914 3165 1024 3224 unum,
1045 3147 1132 3224 quod

101 3247 135 3298 ot
144 3235 256 3310 cuique
271 3235 439 3309 pessimum
454 3235 558 3297 scitur.
586 3234 632 3296 Sit
645 3251 720 3310 ergo
735 3235 847 3312 aliquis
863 3242 969 3296 custos
984 3241 1015 3295 et
1025 3247 1131 3294 aurern

146 3318 278 3379 subinde
296 3321 443 3394 pervellat
457 3319 622 3395 abigatque
634 3336 776 3382 rumores
796 3327 827 3381 et
845 3320 992 3380 reclamet
1005 3314 1131 3394 populis

144 3403 351 3465 laudantibus.
366 3420 454 3465 erras
465 3405 554 3477 enim,
567 3404 594 3464 si
607 3404 935 3466 existimasnoblscum
947 3396 1131 3464 vitianascir

144 3496 404 3561 supervenerunt,
419 3486 540 3562 ingesta
554 3495 633 3551 sunt.
661 3488 766 3565 itaque
780 3486 999 3550 monitionibus
1014 3482 1131 3548 crebris
