2468 3930
459 257 694 315 FRAGMENTA.
997 254 1060 321 441

238 412 283 466 hic
295 417 337 467 est
344 412 481 469 Maximus
489 411 672 482 (Caesonius)
680 410 735 482 ille,
747 426 831 482 quem
841 411 977 482 frequenti

237 496 303 550 felix
320 495 409 553 littera
426 497 531 569 pagina
542 497 651 552 salutat.

151 578 250 635 Gellius
260 583 341 635 nocti.
352 580 432 642 Attio.
443 582 488 637 tib.
500 578 569 637 XII
571 623 578 646 ,
590 595 616 636 c.
629 583 657 637 2.
690 578 731 634 De
742 577 861 636 Annaeo
872 577 984 636 Seneca
993 595 1059 650 pur·
1067 587 1116 641 llt

86 662 133 717 tim
155 662 311 718 existimant
325 667 356 717 ut
374 661 410 719 de
428 665 563 736 scriptore
581 662 694 718 minime
704 662 778 731 utili,
794 663 872 718 cuius
882 663 968 718 libros
980 663 1059 718 attin-

87 761 154 817 gere
166 747 270 800 nullum
282 747 401 824 pretium
412 764 517 820 operae
528 747 576 818 sit,
601 745 678 818 quod
696 746 783 800 oratio
803 746 863 802 eius
882 747 1006 818 vulgaris
1017 747 1059 804 vi·

87 829 185 884 deatur
196 835 222 885 et
235 831 365 900 protrita,
383 847 428 886 res
439 836 522 902 atque
537 830 691 887 sententiae
703 835 749 885 aut
759 829 852 901 inepto
865 829 997 901 inanique
1008 831 1059 885 im—

84 918 152 984 petu
170 913 225 968 siut
242 919 290 968 aut
306 915 357 983 [ut]
373 915 430 972 levi
446 919 473 970 et
491 916 572 985 quasi
590 913 680 969 dicaci
697 913 821 984 argutia,
838 913 955 968 eruditio
967 919 1059 969 autem

84 997 236 1052 vernacula
250 1002 277 1052 et
287 998 398 1068 plebeia
408 997 532 1069 nihilque
544 1013 580 1054 ex
589 1002 717 1053 veterum
729 997 839 1068 scriptis
848 995 957 1052 habens
967 1012 1059 1067 neque

85 1081 191 1151 gratiae
203 1096 294 1151 neque
307 1081 456 1152 dignitatis.
479 1082 526 1137 alii
542 1097 612 1139 vero
632 1081 787 1152 elegantiae
800 1079 914 1151 quidem
925 1081 953 1134 in
963 1080 1059 1138 verbis

84 1179 183 1235 parum
196 1179 328 1219 essenon
347 1163 449 1220 infitias
462 1170 540 1236 eunt,
559 1163 649 1220 sedet
661 1180 770 1233 rerum,
782 1180 852 1235 quas
864 1163 953 1234 dicat,
968 1165 1059 1219 scien·

83 1247 148 1302 tiam
161 1246 371 1319 doctrinamque
390 1249 416 1305 ei
432 1265 489 1304 non
506 1249 608 1306 deesse
621 1248 715 1304 dicuni
725 1253 754 1304 et
764 1249 792 1303 in
803 1248 875 1305 vitiis
886 1262 995 1303 morum
1010 1247 1058 1303 ob-

84 1331 230 1402 iurgandis
242 1333 418 1389 severitatem
430 1334 651 1405 gravitatemque
661 1348 719 1386 non
730 1332 916 1389 invenustam.
944 1330 1012 1387 tlibi·
1022 1331 1059 1386 de

85 1415 160 1469 omni
174 1415 234 1469 eius
249 1415 362 1486 ingenio
376 1415 469 1487 deque
485 1418 561 1474 omni
577 1417 684 1487 scripto
704 1416 837 1472 iudicium
855 1430 1058 1485 censuramque

83 1499 177 1553 lacere
194 1513 252 1553 non
270 1515 418 1555 necessum
433 1506 490 1568 est,
510 1500 564 1557 sed
575 1500 651 1572 quod
662 1499 698 1555 de
712 1499 749 1554 M.
766 1498 901 1556 Cicerone
918 1504 946 1554 et
959 1496 991 1567 Q.
1002 1499 1058 1553 En-

84 1582 129 1636 nio
141 1586 168 1637 et
180 1582 212 1635 P.
226 1581 343 1655 Virgilio
358 1583 504 1655 iudicavit,
519 1601 554 1640 ea
565 1599 612 1640 res
626 1583 747 1640 cuimodi
759 1584 808 1653 sit,
825 1583 863 1640 ad
877 1583 1058 1638 consideran·

85 1665 151 1720 dum
171 1681 319 1737 ponemus.
357 1667 393 1733 lu
414 1667 504 1723 libro
521 1669 595 1723 enim
620 1667 971 1724 vicesimosecundo
987 1666 1058 1739 epi-

84 1750 260 1804 stolarum
275 1751 477 1820 moralium,
493 1768 562 1823 quas
580 1752 623 1807 ad
635 1751 810 1807 Lucilium
825 1750 995 1824 composuit,
1007 1750 1057 1806 de·

84 1832 215 1888 ridiculos
234 1851 336 1890 versus
348 1833 380 1901 Q.
394 1834 514 1891 Ennium
533 1836 569 1892 de
584 1835 725 1907 Cethego,
747 1837 859 1908 antiquo
877 1835 939 1892 viro
956 1834 1057 1891 iecisse

83 1915 136 1970 hos
151 1917 231 1972 dicite

208 2001 232 2055 is
246 2001 347 2057 dictust
358 2003 419 2058 ollis
430 2002 611 2074 popularibus
621 2004 686 2058 olim
695 1995 708 2073 ,'

168 2084 282 2152 quitum
295 2086 429 2141 vivebant
438 2085 567 2141 homines
577 2093 660 2157 atque
672 2101 774 2142 aevum
786 2086 942 2157 agitabant,

167 2164 221 2220 llos
236 2167 373 2223 delibatus
383 2169 495 2239 populi,
512 2167 611 2222 euadai
621 2168 754 2223 medulla.
788 2210 792 2218 .

85 2263 118 2301 ac
133 2245 235 2303 deinde
248 2249 358 2320 scripsit
369 2249 404 2304 de
416 2249 517 2305 iisdem
527 2251 656 2307 versibus
670 2252 759 2307 verba
768 2248 856 2305 haece

147 2331 297 2400 „Admiror
309 2333 550 2404 eloquentissimos
561 2333 639 2389 viros
653 2338 681 2390 et
693 2333 803 2389 deditos
814 2333 904 2388 Ennio
918 2349 970 2405 pro
987 2335 1057 2407 opti-

84 2414 135 2468 mis
148 2414 264 2472 ridicula
275 2417 417 2473 laudasse.
444 2414 540 2472 Cicero
553 2422 628 2472 certe
645 2418 716 2472 inter
732 2418 822 2473 bonos
838 2417 899 2472 eius
917 2433 1018 2473 versus
1031 2424 1058 2473 et

82 2497 135 2552 hos
148 2499 260 2555 rel'ert.“

144 2584 235 2654 Atque
252 2585 281 2640 id
298 2584 380 2640 etiam
395 2584 430 2640 de
445 2583 580 2641 Cicerone
598 2584 676 2640 dicit:
1063 2595 1112 2650 111

143 2667 223 2735 „Non
234 2668 335 2738 miror,
347 2669 450 2740 inquit,
466 2669 570 2738 fuisse,
586 2669 632 2739 qui
643 2668 696 2723 hos
707 2683 808 2725 versus
826 2668 975 2738 scriberet,
993 2683 1056 2722 cum

84 2751 179 2818 suerit,
202 2752 248 2820 qui
259 2752 400 2809 laudaret=
418 2753 472 2808 uisi
483 2755 553 2809 sorte
567 2751 680 2823 Cicero,
692 2767 817 2808 summus
829 2758 938 2822 orator,
955 2753 1058 2824 agebat

84 2847 195 2887 causam
208 2850 286 2889 suam
298 2841 324 2889 et
334 2836 446 2892 volebat
456 2837 509 2892 hos
519 2853 620 2893 versus
630 2835 721 2893 videri
736 2836 854 2905 bonos,“

146 2916 247 2971 Postea
257 2916 311 2972 hoc
323 2919 405 2973 eliam
419 2920 526 2976 addidit
536 2920 733 2977 insulsissimae

144 2998 248 3069 „Apud
259 3000 351 3071 ipsum
362 3017 488 3073 quoque,
505 3003 607 3073 inquil,
619 3002 783 3061 Ciceronem
794 2993 922 3059 invenies
935 3000 1017 3056 eliam
1029 3001 1058 3055 in

82 3098 168 3154 prosa
186 3083 311 3138 oratione
329 3085 484 3154 quaedam,
499 3087 644 3157 exquibus
655 3087 793 3158 intelligas
803 3085 881 3140 illum
893 3099 951 3139 non
961 3082 1056 3155 perdi-

83 3165 160 3221 disse
169 3182 301 3237 operam,
316 3167 392 3236 quod
401 3168 518 3223 Ennium
530 3169 627 3240 legit.“

144 3251 224 3306 Ponit
234 3250 351 3320 deinde,
368 3266 440 3322 quae
449 3251 524 3322 apud
536 3250 700 3308 Ciceronem
711 3249 900 3323 reprehendat
911 3249 992 3321 quasi
1001 3248 1056 3304 En·
1066 3249 1116 3303 ltu

82 3333 179 3405 niana,
200 3334 277 3406 quod
294 3335 331 3389 ita
347 3335 490 3407 scripserit
506 3335 535 3389 in
551 3334 720 3407 Republica=
737 3339 791 3404 „ut
805 3334 935 3390 Menelao
952 3333 1056 3389 laconi

81 3418 221 3486 quaedam
232 3419 282 3474 mit
292 3420 492 3490 suaviloquens
502 3418 678 3474 iucunditas“
697 3424 724 3475 et
738 3418 815 3489 quod
830 3419 883 3475 alio
901 3419 965 3473 loco
978 3416 1056 3472 dixe·

80 3502 128 3555 rit:
140 3502 409 3574 „breviloquentiam
419 3503 448 3559 in
460 3501 580 3559 dicendo
592 3503 693 3559 eolat.“
715 3507 798 3575 atque
816 3502 854 3557 ibi
864 3501 949 3558 homo
968 3516 1058 3574 nuga-
