2468 3930
221 215 391 277 EPISTUL.
404 214 499 276 MOR.
522 215 594 276 LIB.
607 215 688 276 vul.
709 214 767 277 ΕΡ.
777 224 803 277 2.
825 221 897 290 (71.)
982 215 1046 281 loa

64 369 1045 448 Hoclocovitiumnostrumest,quiidemasaplente

64 452 605 530 exigimusetaproliciente.
634 452 758 516 Suadeo
773 454 874 517 adhuc
888 455 1043 531 mihiista,

65 554 146 617 quae
160 537 269 611 laudo,
292 537 429 599 nondum
450 538 634 612 persuadeo.
665 536 785 599 etiamsi
806 541 1044 614 persuasissem,
1077 556 1080 563 ·

63 623 200 685 nondum
220 627 282 682 tan
304 627 413 697 parata
431 620 576 681 haberem
599 628 650 682 aut
669 627 731 683 tam
745 624 928 699 exercitate,
949 631 983 687 ut
1003 626 1044 685 ad

64 721 174 770 omnes
194 712 288 766 casus·
308 714 533 781 procurrerent.
576 705 837 779 Quemadmodum
859 710 929 769 lana
950 712 1084 784 quos-31

65 794 136 853 dam
151 791 274 852 colores
286 790 382 850 semel
397 789 494 863 ducit,
511 790 663 865 quosdam
677 790 736 850 nisi
752 791 877 867 saepius
891 800 1044 854 macerata

64 885 94 938 et
107 881 233 936 recocta
244 885 307 935 non
321 873 467 950 perbibit,
483 871 529 934 sio
543 873 619 934 alias
633 873 812 948 disciplinas
828 875 960 950 ingenia,
976 893 1044 939 cum

66 975 234 1037 accepere,
255 959 396 1034 protinus
417 965 588 1033 praestant:
610 956 703 1031 haec,
729 957 789 1019 nisi
809 960 870 1018 alte
885 960 1046 1022 descendit

65 1053 95 1106 et
111 1044 163 1104 diu
178 1043 258 1104 sedit
272 1048 303 1102 et
317 1041 448 1102 animum
463 1058 525 1101 non
541 1042 698 1112 coloravit,
714 1042 772 1102 sed
787 1042 899 1116 inlecit,
915 1043 989 1103 nihil
1005 1061 1044 1104 ex

64 1128 129 1201 his,
149 1143 229 1203 quae
245 1126 441 1202 promiserat,
465 1132 609 1201 praestat.
647 1123 711 1185 Cito
727 1126 787 1186 hoc
802 1132 906 1201 potest
921 1127 1000 1186 tradi
1015 1130 1085 1188 atta

63 1211 262 1288 paucissimis
281 1208 400 1270 verbisz
421 1224 515 1270 unum
536 1210 652 1270 bonum
667 1225 739 1270 esse
754 1210 909 1284 virtutem,
930 1210 1045 1270 nullum

65 1303 147 1357 certe
162 1293 230 1355 sine
244 1293 370 1368 virtute,
393 1301 423 1354 et
443 1294 542 1369 ipsam
563 1293 703 1354 virtutem
724 1294 754 1353 in
770 1300 857 1369 parte
871 1294 968 1355 nostri
982 1310 1032 1354 me

64 1381 156 1454 llore,
178 1376 211 1438 id
231 1387 278 1440 est
297 1378 454 1452 rationali,
476 1376 617 1454 positam.
653 1377 731 1452 Quid
751 1376 808 1438 erit
829 1376 907 1438 haec
927 1376 1046 1438 virtus?

63 1463 211 1525 iudicium
223 1478 328 1544 verum
339 1470 369 1523 et
383 1463 539 1523 inmotum.
562 1462 600 1522 ab
615 1462 675 1522 hoc
690 1462 770 1522 enim
784 1461 907 1537 inpetus
922 1463 1046 1523 venient

64 1547 191 1620 mentis,
213 1545 326 1608 abhoc
342 1546 441 1608 omnis
456 1546 593 1622 species,
610 1561 690 1621 quae
704 1546 840 1622 inpetum
855 1554 972 1621 movet,
996 1562 1044 1606 re-

64 1631 188 1706 digetur
210 1631 251 1690 ad
278 1630 437 1706 liquidum.
482 1630 560 1691 Huic
583 1629 698 1692 iudicio
723 1637 965 1692 cousentaneum
988 1628 1086 1690 erittd

65 1713 184 1789 omnia,
206 1730 286 1789 quae
305 1715 416 1776 virtute
438 1720 580 1774 contacta
601 1720 687 1787 sunt,
709 1719 740 1773 et
763 1714 847 1775 bona
861 1714 1000 1775 iudicare
1014 1721 1045 1786 et

64 1800 145 1859 inter
158 1814 193 1858 se
208 1799 304 1873 paria.
328 1815 492 1874 corporum
509 1807 609 1859 autern
622 1798 706 1858 bona
720 1799 904 1874 corporibus
921 1797 1044 1874 quidem

62 1883 149 1943 bona
162 1890 247 1957 sunt,
264 1883 320 1943 sed
335 1881 366 1941 in
380 1891 476 1943 totum
492 1898 554 1943 non
570 1890 643 1943 sunt
656 1883 747 1943 bona.
766 1882 815 1942 his
831 1883 962 1958 pretium
978 1882 1044 1956 qui-

65 1967 137 2028 dem
152 1963 209 2027 erit
220 1964 364 2042 aliquod,
381 1972 515 2027 ceterum
527 1967 658 2042 dignitas
670 1983 732 2027 non
747 1967 818 2028 erit:
834 1967 952 2042 magnis
967 1966 1045 2027 inter

65 2067 101 2113 se
116 2049 284 2111 intervallis
300 2050 471 2110 distabunt:
494 2050 553 2111 ulia
574 2051 707 2126 miuora,
729 2051 789 2110 alia
808 2049 926 2112 maiora
946 2056 1043 2110 erunt.

63 2135 103 2196 Et
121 2133 159 2192 in
179 2133 280 2208 ipsis
296 2134 532 2210 sapientiam
548 2134 797 2195 sectantibus
812 2149 947 2209 magna
962 2134 1086 2194 dis-34

65 2217 230 2280 crimina
256 2232 348 2278 esse
375 2217 564 2279 fateamur
590 2232 757 2278 necesse
784 2225 858 2278 est:
885 2216 963 2277 alius
984 2217 1043 2276 lam

64 2301 97 2363 in
112 2309 229 2363 tantum
243 2298 388 2376 profecit,
400 2300 443 2362 'ut
462 2309 569 2363 contra
588 2302 740 2361 fortunam
762 2301 876 2361 audeat
895 2300 1044 2360 adtollere

65 2388 192 2460 oculos,
218 2385 277 2446 sed
297 2401 359 2446 non
374 2386 583 2459 pertinaciter:
611 2385 819 2445 oadunt'enim
832 2383 925 2444 nimio
940 2385 1043 2458 splen·

65 2471 144 2532 dore
158 2465 344 2546 praesntoti.'
368 2466 446 2531 alius
461 2469 492 2530 in
507 2476 638 2544 tanturn,
657 2476 690 2530 ut
703 2469 805 2544 possit
819 2484 888 2528 cum
904 2466 955 2526 illa
971 2480 1043 2526 con·

65 2555 148 2617 ferre
161 2555 292 2625 voltum,
307 2553 334 2613 si
345 2551 404 2613 iarn
416 2554 557 2629 parvenit
569 2553 609 2613 ad
625 2568 776 2614 summum
792 2561 821 2614 et
835 2550 967 2612 fiduciae
980 2551 1044 2626 ple-

64 2655 126 2701 nus
141 2646 198 2701 est.
219 2638 393 2713 Inperfecta
406 2634 537 2699 necesse
554 2646 602 2699 est
615 2633 719 2698 labent
732 2643 763 2697 et
776 2637 869 2698 modo
886 2634 1044 2711 prodeant,
1053 2638 1087 2695 35

65 2723 160 2785 modo
185 2722 387 2783 sublabantur
410 2729 463 2782 aut
496 2722 665 2783 succidant.
713 2722 912 2783 sublabentur
934 2728 1044 2792 autem,

64 2806 126 2868 nisi
142 2807 188 2866 ire
206 2814 237 2867 et
250 2803 303 2866 niti
322 2808 601 2881 perseveraverint:
625 2807 657 2867 si
679 2805 888 2882 quicquam
903 2820 948 2865 ex
964 2811 1044 2866 stu·

65 2891 132 2951 dio
147 2890 314 2951 etlideli
329 2888 804 2965 intentionelaxaverint,
826 2898 930 2951 retro
952 2904 1044 2949 eun·

66 2975 236 3036 domest
263 2972 1044 3049 nemoprotectumibiinvenit,ubireli·

67 3066 216 3133 querat.
238 3058 624 3134 lnstemusitaqueet
634 3072 947 3134 perseveremus.
966 3058 1088 3130 plusafi

65 3159 159 3218 quam
179 3140 427 3221 profligavimus,
453 3149 564 3204 restatt
591 3143 648 3204 sed
675 3156 788 3216 magna
815 3155 888 3216 pars
908 3145 956 3199 est
974 3153 1045 3212 pro·

65 3227 166 3289 lectus
179 3226 261 3288 velle
276 3226 436 3305 proficere.
462 3226 553 3287 huius
567 3228 612 3286 rei
628 3226 773 3286 conscius
787 3223 860 3283 milri
875 3238 959 3283 sum=
973 3222 1046 3281 volo

66 3317 98 3371 et
110 3319 213 3372 mente
226 3318 291 3372 tota
304 3311 388 3372 volo.
421 3318 452 3372 te
468 3326 593 3387 quoque
608 3310 783 3370 instinctum
799 3323 871 3368 esse
885 3314 916 3367 et
934 3319 1045 3380 magno

67 3395 108 3456 ad
131 3392 339 3472 pulcherrima
365 3411 534 3472 properare
560 3393 668 3470 inpetu
693 3392 802 3453 video:
826 3404 1045 3467 properemus:

65 3477 109 3540 ita
128 3479 254 3542 demum
274 3479 338 3541 vlta
358 3478 543 3542 beneficium
564 3479 635 3541 erit=
662 3477 798 3554 alioquin
817 3491 904 3538 mora
927 3479 987 3549 est,
1016 3481 1048 3534 et
