2468 3930
270 205 440 268 aristot.
455 203 548 266 Mea.
570 206 642 266 LtB.
655 207 721 267 XV.
741 207 799 266 ΕΡ.
810 216 837 270 3.
859 214 932 282 (95.)
1030 210 1090 276 311

108 357 163 422 illa
178 359 263 434 lacit,
285 357 338 434 qui
351 359 410 419 illis
426 359 588 420 abstinet.“
614 360 752 434 quaeris,
775 361 850 435 quid
863 359 1000 422 intersit?
1018 362 1094 422 alter

108 450 278 520 praecepta
294 443 412 502 virtutis
428 443 487 515 dat,
504 443 579 503 aiter
593 445 760 519 exemplar.
787 444 1093 520 Descriptiones

108 527 168 589 has
184 533 222 599 et
239 534 272 586 ut
286 527 518 602 publicanorum
528 534 595 586 utar
608 528 713 602 verbo,
729 526 946 589 iconismos
961 545 1006 589 ex
1020 547 1094 591 usu

107 625 201 671 csse
233 610 446 671 confiteor:
485 626 694 685 proponamus
724 611 894 688 laudanda,
922 614 1094 674 invenietur

108 695 249 755 imitator.
293 693 384 753 Putas
398 693 471 754 utile
488 694 553 754 dari
567 693 622 755 tibi
636 701 823 769 argumenta,
839 713 895 771 per
911 712 991 774 quae
1006 699 1134 759 intel-67

108 780 196 854 legas
213 778 346 837 nobilem
360 793 487 853 equum,
513 794 552 838 ne
572 778 687 838 fallaris
709 787 885 854 empturus,
910 798 949 842 ne
966 798 1092 857 operam

109 862 222 938 perdas
237 863 267 921 in
282 860 409 936 ignavo=
428 869 544 937 quanto
556 862 615 923 hoc
626 862 729 923 utilius
742 869 798 935 est,
811 865 989 925 excellentis
1001 864 1092 926 animi

107 954 198 1007 notas
212 961 315 1017 nosse,
334 962 411 1022 quas
426 961 466 1004 ex
481 947 540 1007 alio
555 947 585 1005 in
603 962 638 1006 se
651 947 816 1006 transferre
831 948 1030 1021 permittitur?

194 1031 335 1091 Coutmuo
348 1031 465 1106 pecoris
474 1033 614 1104 peuerou'
619 1033 864 1106 pellusiueruls
1098 1038 1134 1092 68

192 1117 282 1175 ultius
296 1115 465 1188 laureatur
478 1120 508 1174 et
520 1117 621 1175 mollia
634 1131 728 1176 crure
741 1117 874 1190 reponit:

190 1202 306 1274 primu
322 1206 351 1258 et
366 1201 411 1258 r're
426 1200 504 1257 uiam
518 1204 548 1258 et
557 1201 664 1274 fluctos
676 1205 820 1274 temptare
833 1202 973 1260 minuatis

191 1283 282 1342 audet
293 1288 322 1343 et
335 1285 432 1357 ipuoto
445 1298 508 1342 sese
520 1286 697 1344 committere
706 1288 806 1360 poulo,

190 1382 245 1426 uec
258 1383 348 1426 ueuos
364 1367 467 1426 terret
479 1370 633 1442 strepitus:
653 1369 700 1427 illu·
712 1369 813 1428 ardue
826 1369 931 1428 cerva

190 1457 385 1525 urputumpue
399 1456 498 1525 ceput,
513 1451 609 1511 heuto
623 1454 707 1512 elutus
722 1452 866 1526 obesaque
880 1456 964 1525 terea

190 1537 383 1609 luxuriatque
397 1538 469 1594 toris
483 1537 647 1595 animosum
660 1542 774 1610 pecua.

193 1617 275 1692 Tum,
290 1621 319 1679 sl
332 1635 392 1693 pua
406 1634 508 1679 sonum
520 1622 629 1693 procul
640 1636 727 1679 erma
740 1620 858 1692 dedere,

188 1709 270 1762 sture
284 1706 347 1763 loco
361 1705 460 1777 uerat,
475 1705 567 1764 micet
577 1705 701 1764 auribus
714 1711 744 1764 et
754 1706 853 1764 tremit
867 1709 953 1764 crtus

190 1789 398 1863 collectumque
409 1803 550 1862 premens
564 1789 651 1848 uoluit
662 1789 716 1848 sub
727 1788 850 1848 mribus
863 1790 970 1863 ipuem.

102 1870 181 1931 Dum
197 1871 280 1931 aliud
296 1870 574 1945 agitVergilius
590 1878 703 1945 noster,
721 1869 945 1946 descripsit
965 1872 1131 1931 virum69

103 1955 257 2014 fortem:
281 1970 339 2029 ego
360 1962 441 2014 certe
460 1970 522 2015 non
544 1953 633 2014 aliam
649 1956 810 2031 imaginem
827 1970 937 2030 magno
952 1956 1019 2015 viro
1035 1955 1086 2014 de-

102 2037 211 2098 derim.
240 2039 265 2097 si
287 2038 359 2098 mihi
374 2038 414 2098 M.
431 2039 504 2100 Cato
519 2039 755 2115 exprimendus,
777 2038 855 2098 inter
870 2041 1008 2113 fragores
1024 2037 1087 2097 bel·

102 2122 202 2182 lorum
228 2122 361 2182 civilium
386 2123 550 2197 inpavidus
573 2129 603 2182 et
623 2124 738 2197 primus
760 2124 920 2182 incessens
945 2123 1087 2182 admotos
1198 2183 1201 2187 ,

102 2206 163 2267 iam
184 2205 338 2267 exercitus
353 2207 484 2281 Alpibus
503 2206 646 2281 civilique
666 2208 800 2266 sabella
823 2206 925 2264 terens
948 2206 1086 2268 obvium:

102 2307 166 2351 non
186 2291 278 2350 alium
298 2290 340 2350 illi
363 2291 590 2365 adsignaverim
605 2291 735 2363 voltum,
759 2306 818 2350 non
835 2289 925 2349 alium
941 2288 1086 2348 habitum.

100 2374 203 2434 Altius
224 2382 306 2434 certe
325 2390 414 2435 nemo
437 2375 554 2449 ingredi
574 2374 673 2448 potuit
695 2390 786 2449 quam
809 2372 861 2447 qui
877 2373 966 2432 simul
981 2377 1130 2432 contrata

101 2455 265 2517 Caesarem
285 2458 526 2533 Pompeiumque
546 2473 581 2517 se
602 2458 724 2518 sustulit
744 2463 775 2517 et
794 2456 861 2515 aliis
878 2456 1086 2515 Caesareanas

101 2557 196 2617 opes,
217 2541 284 2602 aliis
306 2542 509 2617 Pompeianas
531 2542 704 2602 foventibus
725 2547 886 2616 utrumque
908 2539 1087 2614 provocavit

102 2627 297 2702 ostenditque
309 2626 428 2702 aliquas
439 2643 510 2687 esse
522 2633 552 2688 et
561 2625 750 2702 reipublicae
762 2630 876 2700 partes.
896 2640 966 2685 nam
978 2639 1085 2700 parum

100 2715 150 2769 cst
164 2710 196 2768 in
211 2710 325 2772 catone
342 2711 460 2771 dicere=

348 2812 403 2856 uec
417 2811 508 2856 ucuos
524 2796 626 2855 torret
638 2797 785 2870 strepitus.

101 2877 230 2952 quidnit
259 2895 327 2938 cum
349 2895 442 2938 veros
460 2879 641 2953 vicinosque
655 2895 718 2941 non
733 2877 870 2951 horreat,
893 2882 1084 2937 cumcontra

100 2960 207 3021 decem
225 2963 361 3036 legiones
377 2970 407 3022 et
421 2963 535 3022 Gallica
549 2961 663 3023 auxilia
678 2969 708 3022 et
722 2960 816 3021 mixta
828 2959 988 3019 barbarica
1000 2976 1085 3018 arma

99 3044 243 3107 civilibus
264 3062 371 3106 vocem
391 3045 517 3106 liberam
541 3046 637 3107 mittat
654 3052 684 3106 et
703 3045 924 3120 rempublicam
938 3042 1083 3114 hortetur,

99 3144 139 3188 ne
154 3144 211 3204 pro
226 3130 364 3191 libertate
379 3130 515 3202 decidat,
532 3131 589 3190 sed
604 3129 706 3189 omnia
720 3127 910 3202 experiatur,
925 3125 1083 3186 honestius

99 3211 129 3271 in
146 3212 322 3274 servitutem
338 3230 448 3274 casura
464 3230 556 3289 quam
572 3215 661 3273 itura.
690 3211 840 3285 Quantum
855 3210 885 3269 in
900 3209 952 3269 illo
968 3209 1125 3284 vigoristt

98 3298 294 3373 ecepimus,
311 3306 457 3373 otrentum
474 3298 504 3356 in
521 3297 644 3372 publica
660 3295 861 3370 trepidatione
874 3293 1007 3353 fiduciae
1021 3292 1082 3356 est!

100 3379 158 3440 scit
173 3397 208 3442 se
224 3399 317 3442 unum
332 3398 419 3453 esse,
444 3383 483 3441 de
499 3381 586 3440 cuius
602 3385 682 3441 statu
701 3395 762 3439 non
778 3385 899 3452 agaturz
921 3393 983 3438 non
1003 3378 1083 3437 enim

100 3465 223 3541 quaeri,
240 3482 278 3526 an
292 3466 370 3527 liber
384 3466 473 3527 Cato.
491 3465 551 3525 sed
567 3480 604 3524 an
619 3464 698 3525 inter
712 3463 824 3524 liberos
841 3462 894 3523 sit:
915 3461 988 3522 inde
1002 3460 1082 3538 peri-
