2460 3916
197 193 261 259 330
480 194 513 253 L.
533 191 681 252 ANNAEI
703 190 882 253 SENECAE

198 349 298 410 minus
320 346 425 420 nobis,
452 344 504 406 ubi
525 344 608 404 illum
630 343 828 406 inexorabilis
854 344 986 405 latorum
1010 343 1181 409 necessitu
1215 372 1217 381 ¹

197 433 278 505 lixit,
300 431 357 491 sed
378 445 467 490 nemo
488 428 545 489 scit
564 436 716 504 nostrum,
741 444 833 503 quem
855 444 953 504 prope
967 434 1181 491 verseturter·

198 516 313 577 minus=
343 513 390 574 sic
413 515 516 588 itaque
536 513 703 573 formemus
724 514 872 587 animum,
891 519 1046 588 tamquam
1068 513 1110 573 ad
1130 528 1182 575 ex·

198 609 294 661 trema
309 604 431 658 ventum
447 597 496 657 sit.
519 595 593 655 nihil
610 595 800 656 differemus.
831 595 977 657 cotidie
999 611 1082 656 cum
1104 595 1181 659 vito

164 683 304 760 eperia
318 682 516 742 iaciemus.
544 679 711 740 Maximum
732 680 812 740 vitoe
833 679 938 741 vitium
954 686 1016 752 est,
1038 680 1125 755 quod
1138 681 1180 743 in·

198 767 335 843 perlecta
356 781 479 841 semper·
499 771 562 836 est,
586 765 671 840 quod
693 763 809 840 aliquid
830 780 870 825 ex
884 764 936 824 ille
953 762 1101 829 dittenur.
1131 762 1180 840 qui

198 850 311 911 cotidie
326 848 407 909 vitae
422 864 498 909 suae
514 864 662 909 summam
677 865 800 908 manum
815 849 967 924 inposuit,
984 863 1047 908 non
1068 847 1181 922 indiget

197 943 347 1010 tempore.
375 949 415 993 ex
430 933 488 993 bac
505 939 605 993 autem
621 931 789 1007 indigentia
804 931 895 992 timor
906 932 1041 993 nescitur
1054 940 1085 993 et
1098 930 1177 1007 cupi·

198 1019 279 1078 dites
296 1018 386 1078 luturi
404 1018 541 1078 exedens
562 1016 706 1077 animum.
737 1015 811 1076 nibil
830 1022 881 1078 est
897 1015 1040 1077 miserius
1064 1014 1179 1077 dubitu-

198 1104 281 1165 tione
305 1102 505 1176 venientium,
530 1115 666 1175 quorsus
687 1101 831 1161 evadant.
862 1108 1008 1176 quantum
1033 1100 1076 1162 sit
1098 1098 1178 1173 illud,

199 1186 284 1262 quod
297 1192 407 1259 restat,
429 1193 481 1246 aut
499 1185 605 1260 quale,
630 1190 788 1246 contrecta
802 1199 888 1245 mens
902 1182 1110 1258 inexplicabili
1122 1184 1179 1245 lor·

164 1271 182 1327 9
198 1269 312 1331 midine
330 1270 495 1343 agitedum.
518 1268 584 1342 Quo
604 1267 699 1329 modo
719 1268 901 1344 effugiemus
921 1267 1001 1329 hanc
1020 1267 1179 1330 volutatio·

198 1360 290 1415 neml
308 1370 385 1427 uno,
401 1353 428 1414 si
445 1352 507 1412 vita
520 1360 627 1413 nostra
640 1368 702 1412 non
715 1352 913 1427 prominebit,
928 1350 1000 1414 siin
1015 1367 1051 1412 se
1066 1352 1179 1428 colligi·

199 1447 254 1499 tur.
278 1438 328 1497 ille
343 1437 423 1497 enim
437 1451 477 1495 ex
492 1437 592 1497 luluro
608 1437 820 1512 suspenditur,
835 1435 885 1497 cui
899 1435 1020 1499 inritum
1031 1442 1080 1497 est
1093 1451 1178 1511 pree·

198 1538 287 1582 sens=
313 1521 365 1581 ubi
381 1535 470 1594 vero,
494 1520 640 1595 quicquid
656 1520 728 1580 milti
743 1519 851 1594 debui,
871 1520 1025 1583 redditum
1040 1526 1104 1594 ost,
1131 1518 1177 1583 obi

198 1604 331 1667 stabilita
351 1620 438 1664 mens
459 1604 518 1664 seit
537 1603 611 1663 nihil
629 1604 780 1666 interesse
794 1606 872 1665 inter
886 1604 966 1665 diem
982 1612 1013 1667 et
1026 1605 1177 1669 secutum:

198 1688 344 1763 quicquid
366 1688 514 1763 deinceps
534 1687 653 1747 dierum
673 1704 838 1764 rerumque
864 1694 1023 1749 venturum
1049 1695 1114 1760 est,
1141 1703 1177 1748 ex

197 1773 257 1832 alto
280 1771 431 1846 prospicit
451 1778 481 1831 et
497 1787 567 1830 cum
587 1771 681 1832 multo
705 1771 770 1832 risu
784 1772 896 1833 seriem
909 1778 1084 1847 temporum
1097 1772 1177 1848 cogi·

196 1863 247 1916 tat.
278 1855 352 1930 quid
368 1854 448 1914 enirn
463 1856 594 1915 varietas
609 1853 825 1932 mobilitasque
841 1872 968 1919 casuum
982 1855 1176 1933 perturbabit,

170 1939 223 1999 ⁰si
240 1947 342 2000 certus
357 1937 402 1999 sis
417 1939 567 2000 adversus
583 1940 718 2000 incertae
743 1941 818 2002 ideo
840 1957 988 2017 propere,
1004 1940 1116 2015 Lucili,
1136 1942 1176 2002 vi·

195 2038 269 2083 vere
290 2030 320 2084 et
340 2023 481 2098 singulos
503 2024 570 2084 dies
586 2024 723 2099 singulas
739 2025 818 2086 vitas
833 2033 916 2101 puta.
944 2025 997 2101 qui
1012 2024 1073 2090 boe
1087 2026 1176 2088 modo

195 2122 231 2167 se
246 2106 375 2183 aptavit,
392 2108 454 2169 cui
469 2108 548 2169 vita
562 2125 632 2169 sua
647 2108 797 2170 cotidie
813 2110 885 2171 luit
899 2118 994 2184 toto,
1012 2124 1176 2172 securus

195 2198 271 2252 esta
305 2192 343 2252 in
367 2207 473 2268 spem
502 2192 729 2254 viventibus
754 2193 969 2268 proximum
995 2192 1177 2271 quodque

194 2283 346 2353 tempus
361 2276 531 2338 elabitur
547 2277 734 2352 subitque
747 2277 877 2339 aviditas
891 2285 921 2339 et
935 2276 1176 2341 miserrimus

194 2374 238 2419 ac
266 2359 484 2420 miserrime
510 2361 636 2421 omnic
660 2361 849 2422 elliciens
877 2368 1000 2423 metus
1025 2363 1175 2425 mortis.

193 2443 1093 2522 IndeilludMaecenatisturpissimumvotum,
1116 2463 1176 2524 quo

194 2533 224 2587 et
246 2526 432 2588 debilitatem
455 2544 515 2589 non
536 2536 660 2589 recusat
680 2536 710 2589 et
724 2529 948 2591 deformitatem
963 2537 994 2590 et
1008 2530 1176 2596 novissime

193 2617 314 2672 acutam
330 2626 467 2684 erucem,
488 2611 654 2671 dummodo
670 2611 747 2672 inter
762 2612 839 2674 baec
854 2616 934 2675 mole
955 2613 1084 2690 spiritus
1107 2632 1175 2694 pro·

193 2701 333 2769 rogetur.

436 2779 568 2838 Debilem
578 2777 675 2851 serito
687 2794 788 2855 manu,

481 2862 605 2922 debilem
615 2863 707 2937 pede,
721 2880 808 2937 ecco,

435 2946 519 3006 treber
532 2946 668 3019 adstrue,
679 2947 840 3022 pincernam,

478 3030 606 3091 lubricos
615 3038 703 3106 quote
715 3033 833 3093 dentes:

437 3115 497 3173 cito
509 3114 580 3174 dum
593 3121 728 3190 superest
731 3161 740 3190 ,
754 3117 827 3176 bene
839 3122 891 3177 est.

476 3198 557 3259 bane
570 3199 656 3273 milri,
672 3203 718 3261 nel
730 3205 821 3261 cerac

433 3282 593 3343 stredeom
605 3286 842 3356 concertarem.
1068 3349 1070 3352 ,

149 3366 182 3424 12
190 3361 278 3436 Quod
291 3363 493 3425 miserrimum
508 3373 587 3441 erat,
609 3367 636 3426 si
650 3365 824 3441 incidisset,
838 3373 960 3444 optetur
973 3376 1004 3430 et
1017 3373 1174 3446 umquam

188 3446 251 3506 vitu
271 3447 383 3522 petitur
407 3448 550 3525 supplicii
576 3465 671 3510 moro
704 3450 1001 3529 contemptissimum
1021 3463 1173 3529 putorem,
