2468 3930
187 236 356 300 EPISTUL.
370 237 465 298 Mon.
486 239 559 299 tro.
571 239 647 299 XIX.
669 239 727 299 ΕΡ.
738 249 765 302 5.
777 248 804 303 6.
827 245 988 312 (iterra)
1019 239 1082 306 ³79

102 390 217 468 gnitate
231 351 398 466 productus
410 391 518 453 adoret
530 407 566 451 ac
579 393 739 467 supplicet,
753 401 782 453 et
794 393 846 454 diu
859 396 1082 471 contemplatus

101 477 229 536 multum
251 474 421 535 exstantem
442 491 598 551 superque
622 493 796 537 mensuram
822 479 980 539 solitorum
1005 480 1083 540 inter

101 576 160 620 nos
175 558 295 634 adspici
310 559 429 632 elatam,
444 558 543 619 oculis
557 560 628 620 mite
643 562 798 636 quiddam,
814 563 871 622 sed
885 562 1082 624 nihilominus

100 643 206 704 uvido
221 642 291 717 igne
306 641 518 717 flagrantibus,
533 651 606 703 tunc
621 643 732 704 deinde
747 645 827 704 illam
841 647 968 720 Vergilii
986 649 1082 708 nostri

102 742 213 789 vocem
226 741 338 785 verens
353 732 447 799 atque
461 727 614 787 adtonitus
630 728 765 788 emittat?

145 811 169 872 0
184 827 272 886 qaam
288 816 484 871 temeratorem
497 808 604 884 avireo?
623 828 753 886 aramque
764 812 848 871 baud
863 813 916 871 tabi
928 818 1021 876 voltus
1093 831 1109 881 5

140 896 276 955 mortalis
288 911 344 955 aco
356 910 414 955 uox
427 895 571 955 bominem
587 903 680 954 corant.

142 979 191 1039 Sis
202 977 285 1051 felix
297 984 485 1053 nostrumque
498 981 575 1038 leves
588 995 788 1053 quaecamque
802 980 942 1039 laborem.

101 1060 199 1123 aderit
209 1059 394 1136 lavabitque,
410 1063 436 1121 si
450 1063 551 1122 colere
563 1077 630 1121 eam
642 1061 839 1123 voluerimus.
862 1063 970 1122 colitur
981 1069 1081 1121 autem

100 1163 162 1207 non
183 1153 340 1205 taurorum
358 1144 468 1220 opimis
489 1144 671 1220 corporibus
694 1145 912 1206 contrucidatis
933 1161 991 1205 nec
1006 1160 1080 1204 auro

100 1235 291 1306 argentoque
305 1245 459 1303 suspenso
478 1244 536 1288 nec
554 1229 584 1289 in
601 1229 766 1290 thesaurus
788 1230 870 1307 stipe
895 1229 1007 1302 inlusa,
1025 1227 1081 1287 sed

100 1315 152 1390 pia
167 1320 197 1372 et
211 1320 295 1373 recta
310 1314 473 1373 voluntate.
516 1312 627 1386 Nemo,
649 1314 789 1388 inquam,
811 1329 872 1373 non
895 1327 1000 1373 amore
1015 1313 1110 1371 eluso

100 1396 366 1473 arderetsinobis
378 1386 465 1456 illam‘
472 1396 576 1456 videre
588 1397 790 1472 contingeret:
806 1412 887 1456 nunc
899 1396 978 1455 enirn
990 1396 1082 1453 multa

100 1479 305 1555 obstrigillant
325 1486 355 1540 et
381 1481 478 1540 aciem
496 1486 633 1540 nostram
655 1488 708 1541 aut
731 1481 897 1555 splendore
918 1478 1009 1539 nimio
1035 1493 1082 1538 re

99 1565 275 1642 percutiunt
295 1571 347 1624 aut
367 1565 499 1624 obscuro
514 1562 654 1625 retinent.
683 1565 740 1624 sed
761 1565 801 1635 si,
826 1563 1082 1639 quemadmodum

98 1648 188 1710 visus
201 1649 358 1709 oculorum
371 1648 555 1722 quibusdam
570 1649 798 1709 medicamentis
814 1649 882 1709 acui
898 1647 977 1708 solet
991 1654 1021 1708 et
1034 1662 1081 1707 re

100 1730 241 1809 purgari,
266 1731 311 1792 sic
332 1748 390 1793 nos
412 1730 510 1792 aciem
535 1731 626 1792 animi
649 1733 779 1793 liberare
795 1730 1011 1808 inpedimentis
1029 1747 1081 1791 vo·

99 1817 255 1888 luerimus‚
276 1817 492 1891 poterimus
512 1818 745 1900 perspicere
765 1817 946 1879 virtutem
969 1815 1082 1875 etiam

100 1900 278 1962 obrutam
292 1915 432 1975 corpore,
448 1902 539 1962 etiam
553 1909 734 1976 paupertate
749 1902 902 1978 obposita,
918 1900 1009 1961 etiarn
1025 1898 1080 1958 hu-

99 1983 223 2046 militate
252 1994 283 2045 et
312 1984 436 2044 infamia
465 1984 685 2046 obiacentibus.
734 1986 913 2064 Omoemus,
946 1985 1109 2059 inquam,7

102 2068 357 2144 pulchritudinem
371 2070 452 2128 illam
468 2069 607 2143 quamvis
631 2070 758 2130 sordido
780 2070 946 2130 obtectam:
974 2082 1082 2127 rursus

101 2168 202 2228 aeque
223 2153 365 2212 malitiam
387 2159 417 2212 et
438 2153 613 2213 aerumnosi
635 2153 725 2212 animi
741 2161 897 2213 veternum
914 2150 1082 2226 perspicie-

102 2253 180 2310 mus,
191 2238 330 2312 quamvis
342 2237 454 2296 multus
467 2237 549 2296 circa
559 2234 730 2295 divitiarum
740 2235 921 2296 radiantium
934 2233 1084 2309 splendor

100 2321 238 2396 inpediat
255 2328 285 2380 et
299 2321 464 2381 intuentem
479 2319 549 2378 hinc
563 2319 724 2393 honorum,
739 2319 820 2379 illinc
835 2332 1011 2392 magnarum
1028 2333 1083 2390 po·

101 2405 255 2464 testatium
273 2406 351 2465 lalsa
365 2406 418 2464 lux
433 2404 582 2463 verberet.
626 2401 710 2462 Tunc
725 2403 956 2476 intellegere
970 2399 1113 2460 nobisb

100 2487 252 2562 licebit,
275 2506 384 2565 quam
412 2486 693 2548 contemnenda
719 2485 918 2559 miremur,
943 2483 1084 2544 simillimi

102 2573 224 2648 pueris,
247 2572 359 2648 quibus
381 2589 471 2633 omne
491 2570 641 2631 ludicrum
662 2569 692 2631 in
706 2571 804 2645 pretio
819 2576 882 2630 est:
906 2566 1083 2644 parentibus

101 2657 219 2731 quippe
238 2673 296 2716 nec
316 2658 416 2717 minus
433 2655 577 2717 fratribus
594 2656 770 2730 praeterunt
784 2670 882 2731 parvo
896 2669 968 2713 aere
983 2657 1084 2725 empta

99 2740 235 2800 monilia.
261 2742 335 2815 quid
350 2756 422 2815 ergo
444 2741 594 2800 internos
615 2747 645 2800 et
660 2739 728 2800 illos
744 2737 887 2813 interest,
911 2745 945 2798 ut
957 2737 1083 2797 Ariston

100 2824 157 2897 ait,
180 2822 240 2881 nisi
257 2823 341 2896 quod
354 2839 412 2884 nos
427 2824 510 2884 circa
524 2825 644 2884 tabulas
659 2832 689 2884 et
710 2831 827 2885 statuas
848 2822 1017 2883 insanimus
1034 2835 1082 2880 ca·

98 2907 167 2968 rius
182 2905 297 2978 ineptit
321 2906 389 2965 illos
404 2908 515 2982 reperti
531 2908 561 2967 in
576 2906 664 2969 litore
678 2909 787 2970 calculi
803 2909 909 2968 laeves
924 2911 955 2965 et
968 2903 1082 2979 aliquid

98 2989 251 3051 habentes
267 2988 421 3048 varietatis
436 2990 603 3065 delectant,
624 3007 682 3052 nos
697 2991 863 3066 ingentium
878 2989 1017 3049 maculae
1033 3001 1083 3045 oo·

100 3075 287 3144 lumnarum,
307 3071 373 3130 sive
388 3087 427 3130 ex
440 3073 604 3150 Aegyptiis
619 3073 721 3134 arenis
737 3075 803 3134 sive
817 3088 857 3133 ex
870 3071 996 3132 Africae
1011 3069 1083 3128 soli·

100 3157 258 3217 tudinibus
274 3155 422 3214 advectae
437 3157 586 3230 porticum
601 3157 734 3232 aliquam
748 3158 798 3216 vel
814 3170 962 3230 capacem
976 3151 1084 3228 populi

103 3240 314 3301 coenationem
341 3240 449 3298 lerunt.
498 3237 643 3299 Miramur
668 3239 801 3313 parietes
825 3237 909 3298 tenui
932 3239 1113 3295 marmorei)

102 3325 254 3399 inductos,
271 3340 339 3383 cum
352 3322 495 3396 sciamus,
510 3324 600 3397 quale
612 3323 651 3382 sit
662 3322 746 3396 quod
758 3321 965 3382 absconditur.
987 3318 1083 3379 oculis

102 3409 217 3470 nostris
234 3406 426 3484 inponimuS‚
456 3414 486 3466 et
506 3421 665 3466 cumauro
681 3412 760 3466 tecta
775 3403 982 3481 periudirnuS,
1010 3401 1083 3479 quid

104 3487 186 3550 aliud
214 3509 305 3568 qnam
335 3492 495 3553 mendacio
525 3491 717 3566 gaudemust
757 3490 872 3551 scimus
907 3487 988 3549 enim
1026 3485 1083 3547 sub
