2468 3930
265 231 543 295 norsumnon.
563 231 712 292 nexu.
734 231 865 308 uns<
902 235 923 306 .)
1023 233 1095 298 aas.

100 388 220 466 mirem:
242 386 343 461 imago
364 399 417 444 res
437 391 557 446 mortua
576 392 633 445 εει.
668 384 768 459 „Quid
784 391 880 459 ergot
893 403 955 448 non
970 387 1087 449 intelle·

100 479 199 549 genu,
215 470 302 531 ouius
317 465 443 528 imiteris
458 467 648 531 orationem?
673 468 760 530 ouius
775 468 1088 544 argumentationem?

100 557 190 617 cuius
211 552 427 615 sententiast“
460 551 536 614 Puto
557 552 724 628 aliquando
746 568 786 613 ne
804 553 939 630 intellegi
962 554 1086 631 quidem

100 653 208 717 posse,
223 638 251 699 si
265 636 367 712 magni
378 635 435 695 viri
446 633 499 675 ***
510 651 568 697 neo
579 637 660 695 enirn
672 635 823 712 omnibus,
841 654 921 713 quae
933 655 971 698 ex
985 655 1085 715 aequo

99 725 185 784 velut
202 720 392 797 exemplaria
405 721 505 796 traxit,
520 720 649 782 formam
663 736 752 782 suam
765 720 923 797 inpressu,
937 730 971 784 ut
980 723 1011 783 in
1020 723 1086 783 imi-

100 814 215 868 tantem
228 806 279 866 illa
294 810 469 881 conpetant.
503 804 571 865 Non
585 805 689 879 vides,
718 820 809 878 quam
826 807 988 868 multorum
1003 807 1116 874 voci-9

101 891 160 953 bus
174 889 289 953 chorus
304 894 444 950 oonstett
465 905 545 950 unns
559 896 660 949 lamen
672 904 712 948 ex
726 887 868 949 omnibus
884 896 1004 964 [sonus]
1017 893 1086 952 red-

102 975 198 1037 ditur:
220 972 324 1050 aliqua
337 973 398 1034 illio
412 979 504 1034 acuta
516 979 578 1047 est,
599 972 702 1048 aliqua
716 971 838 1048 gravis,
853 971 958 1049 aliqua
975 976 1085 1035 media.

101 1058 253 1121 accedunt
265 1057 341 1118 viris
356 1057 502 1130 feminae,
524 1056 758 1132 interponuntur
771 1054 873 1116 tibiae.
896 1057 1086 1132 singulorum

101 1140 163 1204 illie
175 1144 271 1204 latent
283 1156 387 1216 voces,
402 1142 535 1202 omnium
551 1141 709 1216 adparent.
731 1141 777 1200 De
789 1139 883 1200 ohoro
896 1139 976 1216 dieo,
995 1157 1128 1215 quem10

101 1233 223 1288 veteres
244 1223 420 1302 philosophi
441 1231 604 1287 noverant:
625 1225 656 1284 in
680 1223 949 1285 commissionibus
970 1226 1085 1285 nostris

101 1311 173 1388 plus
183 1316 343 1372 cantorum
357 1315 405 1370 est
420 1325 511 1385 quam
524 1309 555 1369 in
571 1306 698 1370 theatris
714 1310 785 1370 olim
800 1314 1008 1383 spectatorum
1020 1309 1084 1369 luit.

102 1411 169 1456 oum
186 1410 295 1458 omnes
312 1395 381 1454 vias
398 1393 476 1455 ordo
492 1393 664 1454 canentium
677 1392 804 1469 inplevit
818 1397 849 1452 et
864 1408 959 1452 cavea
975 1407 1084 1452 aenea-

103 1479 219 1542 toribus
234 1478 334 1540 oinota
347 1485 396 1539 est
410 1485 440 1541 ει
460 1493 500 1538 ex
520 1477 639 1554 pulpito
661 1492 751 1537 omne
765 1477 906 1537 tibiarum
922 1493 1021 1552 genus
1037 1493 1085 1537 or-

101 1578 313 1639 ganorumque
328 1560 500 1637 consonuit,
515 1562 550 1622 fit
564 1568 731 1622 oonoentus
744 1577 784 1621 ex
795 1561 946 1621 dissonis=
967 1561 1086 1624 talem

103 1646 266 1708 animum
287 1661 377 1707 esse
397 1654 575 1707 nostrum
604 1647 708 1720 volo,
734 1653 773 1707 ut
798 1646 938 1706 multae
959 1646 995 1705 in
1015 1644 1085 1707 illo

102 1737 218 1806 artes,
233 1730 350 1791 multa
362 1736 578 1805 praecepta
593 1729 682 1804 sint,
696 1731 898 1790 multarum
915 1736 1084 1810 aetatum

102 1814 804 1891 exempla,sedinunumeonspirata.
831 1813 1024 1888 „Quomodo²
1040 1813 1126 1878 in·11

103 1897 182 1976 quis,
197 1897 259 1959 hoo
273 1897 354 1959 ellici
367 1897 518 1974 poteritt“
541 1896 672 1958 adsidua
686 1896 864 1959 intentione:
887 1896 914 1957 si
929 1898 1003 1958 nihil
1014 1913 1085 1972 ege·

102 1984 197 2044 umus
211 1981 272 2044 nisi
286 1981 404 2043 ratione
418 1981 577 2043 suadente.
605 1981 684 2042 hano
699 1983 727 2042 si
741 1982 847 2043 audire
862 1980 1013 2057 volueris,
1041 1982 1085 2042 di·

103 2073 151 2128 cet
164 2065 233 2129 tibi=
256 2067 414 2143 „relinque
434 2066 494 2125 ista
516 2065 709 2141 iamdudum,
735 2065 773 2125 ad
795 2081 875 2140 quae
896 2065 1084 2127 discurritur.

102 2151 241 2227 relinque
261 2150 399 2225 divitias,
424 2157 478 2210 aut
496 2147 664 2225 perieulum
683 2147 908 2225 possidentium
930 2156 1085 2211 antonus.

102 2235 242 2311 relinque
267 2234 409 2310 eorporis
434 2240 528 2310 atque
556 2231 647 2294 animi
674 2234 863 2307 voluptatem
893 2233 1030 2295 molliunt
1056 2240 1086 2293 et

103 2325 258 2380 enervant
285 2319 424 2392 relinque
443 2317 605 2380 ambitum
624 2316 741 2377 tumida
754 2331 806 2374 res
821 2322 883 2388 est,
900 2332 995 2391 vana,
1009 2333 1085 2377 ven·

101 2409 180 2480 tosa,
193 2403 311 2465 nullum
327 2401 420 2463 habet
434 2402 608 2476 terminum,
628 2407 690 2463 tam
705 2398 836 2460 sollioita
851 2405 913 2474 εει,
934 2415 974 2459 ne
994 2415 1086 2475 quem

101 2493 172 2549 anta
193 2501 230 2548 se
249 2487 353 2548 videat
372 2504 464 2563 quam
484 2502 523 2546 ne
544 2492 617 2562 post
638 2500 684 2545 se.
705 2483 826 2543 laborat
843 2481 960 2543 invidia
974 2488 1003 2543 et
1019 2481 1085 2558 qui-

102 2571 173 2633 dem
190 2571 315 2648 duplici.
339 2569 428 2632 vides
448 2576 566 2644 autem,
589 2585 681 2646 quam
701 2567 795 2629 miser
808 2567 864 2641 sit,
887 2567 913 2628 si
931 2566 958 2628 is
975 2566 1024 2627 oui
1039 2566 1084 2626 in·
1102 2593 1106 2602 ·

100 2656 222 2717 videtur
235 2662 267 2716 et
277 2655 403 2716 invidet.
424 2655 555 2716 Intueris
569 2655 637 2715 illas
652 2653 822 2729 potentium
837 2652 957 2725 domos
975 2651 1126 2718 illato-12

100 2741 255 2801 multuosa
273 2739 342 2800 rixa
361 2740 555 2801 salutantium
576 2739 700 2798 liminat
728 2737 855 2798 multum
875 2737 990 2799 habent
1012 2752 1085 2796 oon-

102 2824 302 2897 tumeliamm,
318 2831 351 2884 ut
367 2823 471 2898 intres,
486 2825 566 2900 plus,
582 2839 652 2883 oum
665 2820 837 2883 intraveris.
860 2823 992 2896 praeteri
1007 2821 1085 2882 istos

101 2908 217 2984 gradus
241 2907 366 2969 divitum
393 2914 423 2969 et
450 2923 561 2982 magno
588 2907 720 2982 adgestu
740 2921 895 2981 suspensa
918 2904 1085 2968 vestibula=

101 2991 209 3054 nonin
223 2997 389 3069 praerupto
404 2999 518 3054 tautum
534 2992 596 3052 illio
609 2990 719 3064 stabis,
737 2989 794 3049 sed
808 2989 840 3049 in
856 2989 984 3051 lubrico.
1016 2990 1085 3050 Huc

102 3076 207 3152 potius
227 3084 259 3138 te
284 3075 325 3136 ad
351 3073 533 3151 sapientiam
556 3075 653 3149 dirige
677 3072 1010 3149 tranquillissimasque
1033 3088 1086 3132 res

101 3161 168 3222 eius
187 3167 221 3223 et
246 3161 337 3221 simul
357 3159 563 3235 amplissimas
586 3166 664 3234 pete.
703 3157 920 3233 Quaecumque
946 3157 1128 3220 videnturre

102 3243 237 3306 annuere
255 3243 288 3304 in
305 3243 400 3305 rebus
420 3243 576 3318 humanis,
601 3241 741 3319 quamvis
761 3239 874 3316 pusillo
890 3241 951 3301 sint
966 3247 996 3299 et
1014 3255 1086 3300 oon=

103 3326 263 3405 paratione
282 3327 518 3390 humillimorum
534 3332 671 3399 exstent,
697 3340 754 3400 per
777 3323 919 3385 difficiles
941 3330 1041 3383 tamen
1057 3331 1088 3384 et

104 3412 220 3473 arduos
234 3410 370 3474 tramites
385 3413 546 3474 adeuntur.
573 3411 759 3484 confragosa
772 3406 803 3469 in
821 3408 974 3482 fastigium
989 3407 1085 3483 digni-

104 3493 174 3558 tatis
187 3495 240 3557 via
252 3501 317 3557 ests
339 3504 370 3559 at
390 3495 418 3559 si
432 3495 642 3558 conseandere
656 3495 739 3555 hune
756 3490 902 3554 verticem
924 3491 1012 3568 libet,
1038 3491 1087 3553 oui

145 3598 250 3640 moa
262 3599 333 3639 run.
348 3585 395 3642 ΠΙ.
889 3586 921 3640 15
