2468 3930
252 269 281 306 ιν
641 250 877 304 PRAEFATIO.

252 400 308 451 tur,
326 391 434 456 reperiet
445 405 496 440 non
514 388 568 439 iere
585 389 649 440 alios
667 403 724 440 esse
740 390 789 438 nisi
807 396 850 437 aut
868 396 979 438 mortuos
991 395 1035 438 aut
1053 397 1119 438 certe
1132 405 1182 440 non
1201 393 1225 441 ci

254 463 396 520 Romanoe3
416 459 520 521 reliqui,
537 460 561 508 si
579 473 594 507 a
609 458 706 508 Lucilio
726 466 751 508 et
767 458 877 508 Maximo
897 459 1064 520 discesseris,
1089 473 1139 509 non
1156 463 1234 510 nom'

252 532 300 580 tim
315 528 475 594 appellantur
491 529 591 578 amici
610 543 651 593 ep.
666 527 695 588 3,
715 528 741 577 1.
762 527 804 587 11,
826 528 849 577 1.
866 529 914 588 25,
934 529 957 580 l.
975 526 1017 586 36,
1039 527 1061 576 1.
1083 526 1125 589 58,
1137 527 1163 582 8.
1184 529 1228 592 64,

253 601 295 658 77,
314 598 339 651 6.
356 597 415 656 112,
436 597 460 654 1.
480 612 587 660 quorum
605 597 717 649 locorum
738 596 851 647 nonnulli
873 596 938 647 tales
961 604 1033 656 eunt,
1055 606 1083 645 ut
1101 599 1145 647 vix
1162 599 1223 650 dubi

154 676 157 680 ’
253 670 315 731 quin
331 667 367 717 ibi
388 665 448 717 olim
467 667 604 717 amicorum
620 668 724 717 nomina
736 667 832 732 scripta
842 665 949 725 luerint3
964 680 1030 715 nnus
1045 665 1116 716 locus
1135 682 1177 733 ep.
1189 669 1231 728 77,

253 735 521 801 Schweighaeuserum
550 734 654 786 offendit
677 736 755 794 adeo,
779 742 807 784 ut
829 735 974 785 Attalum
996 735 1073 786 scribi
1094 750 1142 800 pro
1166 739 1229 787 ami

252 806 362 856 voluerit
379 803 471 854 mortni
490 805 603 856 hominis
616 819 709 854 nomen
722 817 833 870 ponens,
862 804 906 854 ubi
932 803 964 854 de
987 804 1047 854 vivo
1072 806 1172 870 agitur,
1194 807 1231 856 id·

253 883 340 926 contra
355 874 468 924 omnium
486 873 609 923 librorum
626 873 715 934 lidem;
736 888 783 923 neo
799 873 957 938 probabilius
976 880 1027 938 est,
1052 875 1122 937 qnod
1139 875 1217 926 Ticke

253 945 354 1004 statuit,
371 943 480 992 amioum
495 944 622 1007 quendam
637 942 749 994 Senecae
765 949 792 992 et
807 942 897 992 Lucilii
912 941 1036 1008 intelligi,
1055 958 1130 1006 quem
1146 943 1234 994 illiSs

252 1013 354 1062 nomine
370 1011 501 1077 appellare
518 1011 589 1063 soliti
606 1013 671 1072 sint;
689 1011 744 1062 fleri
757 1019 888 1076 praeterea
902 1019 999 1076 potest,
1018 1019 1046 1061 ut
1063 1013 1108 1062 ubi
1125 1013 1217 1063 illum

253 1084 288 1132 cit
303 1096 344 1146 ep.
363 1079 406 1139 93,
425 1079 451 1135 3.
473 1089 497 1132 et
518 1096 668 1148 magnum
691 1081 782 1131 illum
806 1089 830 1131 et
858 1079 1047 1145 complures
1072 1082 1209 1133 iuvenes
1231 1106 1234 1125 2

253 1150 319 1212 115,
337 1151 362 1201 2.
381 1151 484 1200 nomina
498 1152 583 1216 posita
601 1150 709 1214 luerint3
733 1149 797 1199 illud
814 1165 874 1200 vero
895 1164 968 1199 nemo
987 1151 1087 1210 credet,
1112 1166 1153 1216 ep.
1177 1153 1225 1217 42,

252 1220 348 1270 nudum
363 1234 503 1285 pronomen
527 1219 593 1270 iste
618 1221 657 1269 sic
674 1235 690 1270 a
705 1219 801 1270 Seneca
823 1220 946 1284 scriptum
966 1233 1035 1277 esse;
1065 1226 1141 1282 atque
1163 1235 1199 1270 m:
1213 1244 1217 1263 ι

243 1289 316 1340 ‘stine
333 1288 409 1340 etiam
431 1294 469 1339 est
490 1290 517 1338 in
534 1289 623 1340 eadem
638 1288 747 1353 epistula
764 1288 781 1350 s
798 1289 824 1340 4.
842 1289 920 1338 scribi
936 1302 987 1338 non
1004 1289 1134 1353 potuisse:
1159 1305 1208 1340 me
1219 1312 1231 1333 ιι

251 1359 346 1419 nisti,
366 1372 438 1408 cum
455 1358 610 1422 quendam
628 1357 831 1407 adfirmares
853 1371 925 1407 esse
947 1358 978 1405 in
1001 1364 1059 1406 tua
1082 1365 1217 1422 potesta

252 1441 302 1488 quo
320 1426 376 1475 loco
392 1440 449 1474 cum
465 1426 578 1490 optimus
591 1425 647 1475 cod.
659 1439 685 1489 p.
700 1424 791 1474 habeat
807 1440 858 1474 non
877 1425 1051 1488 quendam,
1065 1427 1112 1477 sed
1126 1442 1226 1491 quan·

252 1495 314 1545 satis
333 1502 439 1559 apparet
457 1508 529 1554 eum,
549 1497 594 1556 qni
611 1494 714 1543 nomina
731 1493 854 1554 detraxit,
876 1493 982 1544 oblitum
1000 1509 1057 1545 esse
1071 1495 1187 1547 lacunam
1224 1520 1228 1540 ι

252 1563 323 1613 muni
339 1562 423 1625 aliqua
439 1562 609 1628 appellatione
625 1570 712 1628 tegere
727 1569 752 1612 et
766 1562 793 1611 id
812 1571 900 1627 postea
919 1562 1022 1613 demum
1038 1579 1054 1613 a
1072 1566 1182 1617 noviciis
1195 1567 1232 1619 lib

251 1633 298 1683 riis
311 1646 362 1682 non
379 1631 455 1680 nimie
469 1639 528 1696 apte
541 1631 636 1682 lactum
651 1646 717 1687 ease.
736 1632 818 1681 Taceo
832 1632 863 1682 de
875 1633 1040 1697 amplloribus
1052 1632 1165 1695 lacunis,
1184 1650 1227 1699 qn

252 1707 311 1752 sunt
324 1707 385 1766 post
403 1715 443 1766 ep.
454 1698 497 1764 98,
510 1702 552 1752 14.
572 1707 596 1750 et
614 1708 672 1766 post
689 1699 803 1765 ep.101.
821 1708 846 1751 et
864 1702 890 1751 in
909 1701 959 1752 flne
977 1717 1018 1767 ep.
1029 1702 1089 1756 118.
1108 1718 1174 1767 quae
1187 1720 1206 1753 n

251 1771 372 1821 librorum
390 1770 452 1820 vitio
476 1784 510 1819 an
531 1770 607 1835 primi
629 1770 732 1820 editoris
750 1769 857 1820 consilio
876 1777 948 1820 ortae
965 1772 1029 1832 sint,
1048 1786 1123 1822 nemo
1139 1771 1216 1824 facile

251 1842 333 1900 xerit3
360 1839 407 1888 sed
424 1840 528 1889 nomina
547 1839 679 1889 hominum
696 1839 778 1904 possit
800 1838 891 1903 aliquis
913 1841 945 1891 ab
966 1841 1023 1905 ipso
1042 1839 1140 1891 Seneca
1160 1841 1193 1893 de
1221 1878 1224 1884 «

253 1915 342 1973 putare
359 1907 448 1957 eadem
467 1923 541 1971 cnra,
560 1923 611 1971 qna
628 1906 750 1958 Othonem
768 1907 857 1958 scribit
872 1907 973 1959 Tacitus
989 1910 1051 1962 hiet.
1070 1910 1100 1970 II,
1117 1908 1162 1960 48.
1177 1913 1230 1962 ami

251 1993 307 2027 rum
324 1976 424 2028 libellos
443 1977 618 2042 epistulasque
635 1977 760 2028 delevisse
766 1993 773 2036 ;
792 1991 873 2040 neque
891 1977 1003 2028 defuisse
1021 1977 1078 2029 talis
1095 1979 1221 2044 provideo

251 2061 341 2096 causas
359 2061 416 2096 cum
432 2061 478 2112 per
495 2060 524 2096 se
540 2047 706 2112 perspicuum
717 2053 764 2110 est,
781 2052 835 2097 tum
853 2047 939 2096 docuit
951 2047 988 2096 rei
1002 2054 1120 2108 eventua;
1139 2063 1191 2099 non
1203 2064 1229 2099 e·

252 2114 390 2166 Gallionem
414 2115 496 2165 solum
515 2115 618 2166 fratrem
639 2114 751 2166 Senecae
768 2115 881 2180 perionlo
905 2129 954 2166 non
978 2117 1106 2178 caruisse,
1132 2118 1179 2169 sed
1194 2120 1230 2169 eti

251 2181 359 2235 Novium
380 2184 496 2234 Priscum
519 2183 614 2235 nullam
636 2184 713 2234 aliam
731 2185 762 2235 ob
782 2198 885 2235 causam
906 2199 981 2247 quam
1002 2185 1034 2235 ob
1053 2184 1164 2237 Senecae
1183 2199 1234 2238 am

253 2255 314 2303 tiam
331 2254 359 2304 in
377 2253 481 2304 exilium
497 2260 580 2303 actum
596 2268 654 2304 esse
668 2254 735 2304 idem
754 2260 860 2303 testatur
878 2254 980 2304 Tacitus
998 2254 1067 2306 Ann.
1081 2254 1139 2318 XV,
1155 2271 1179 2308 o.
1197 2255 1231 2308 73

251 2323 295 2372 71.
314 2321 411 2372 sedne
430 2324 467 2374 sic
485 2329 609 2384 statuam,
624 2330 709 2374 movet
724 2338 765 2372 me
787 2323 851 2373 illud
865 2323 991 2384 maxims,
1014 2326 1083 2388 qnod
1101 2326 1205 2378 nomine
1228 2348 1232 2367 ι

251 2391 393 2457 appellatus
413 2399 451 2443 est
468 2392 593 2443 Maximus
612 2393 659 2458 Ep.
675 2392 726 2454 87,
745 2392 770 2442 2.
796 2392 893 2443 amicus
908 2390 1021 2444 Senecae
1038 2394 1229 2446 coniunctissim

250 2463 294 2524 qui
311 2461 426 2526 proiecto
443 2461 511 2512 idem
524 2469 563 2512 est
580 2469 656 2525 atque
668 2460 807 2512 Caesonius
826 2460 870 2511 ille
883 2462 1024 2521 Maximus,
1044 2463 1077 2513 ad
1088 2477 1164 2525 quem
1176 2463 1229 2514 mul

251 2528 361 2581 Senecae
380 2531 504 2596 epistulae
519 2531 664 2590 exstabant,
683 2530 735 2580 vld.
754 2529 846 2594 fragm.
862 2526 922 2580 109.
939 2536 964 2580 et
979 2544 1054 2592 quem
1071 2531 1174 2582 Tacitus
1192 2540 1224 2583 tr

250 2600 317 2653 nnn
333 2597 391 2663 XV,
406 2600 449 2650 71.
469 2599 541 2648 ltalia
555 2598 711 2662 prohibitum
727 2611 785 2647 esse
800 2604 825 2647 et
842 2612 914 2647 reum
931 2597 1012 2648 luisse
1029 2613 1057 2649 se
1070 2606 1169 2651 tantum
1187 2616 1231 2667 po

251 2673 399 2731 expertum
422 2667 463 2717 cui
484 2668 587 2728 quidem
610 2673 635 2715 et
656 2665 709 2730 ipsi
732 2668 852 2716 nocuisse
869 2665 980 2717 Senecae
992 2668 1131 2719 amicitiam
1149 2671 1230 2721 credi

251 2742 298 2785 est.
334 2735 417 2795 Quare
434 2733 532 2786 Seneca
549 2737 605 2799 ipse
619 2736 642 2784 si
661 2735 798 2785 amicorum
816 2735 918 2786 nomina
933 2735 1082 2799 delevisset,
1099 2737 1207 2790 Maximi
1230 2761 1233 2779 ι

250 2819 310 2854 men
325 2804 467 2866 relinquere
485 2819 535 2855 non
551 2804 649 2869 potnit,
669 2803 734 2854 alius
747 2818 806 2854 vero
823 2806 920 2869 potuit,
939 2807 983 2868 qni
997 2814 1056 2871 post
1068 2810 1209 2873 magnami
1232 2831 1234 2850 ι

251 2873 349 2924 cladem
375 2888 474 2938 eornm,
499 2875 542 2936 qni
565 2871 715 2924 Pisonianae
739 2873 918 2924 coniurationis
938 2875 1070 2926 occasione
1093 2875 1182 2927 afflicti
1201 2891 1214 2928 a

249 2942 310 2993 rivo
334 2941 418 2993 adhuc
434 2941 534 2993 Nerone
556 2941 613 2992 allis
637 2939 747 2991 Senecae
768 2943 856 2993 amicis
878 2943 985 2994 eandem
1008 2944 1141 2995 saevitiam
1158 2947 1215 2995 tim

251 3013 278 3061 in
295 3009 370 3062 exule
387 3026 447 3061 vero
466 3026 526 3061 cura
543 3010 588 3061 illa
603 3010 700 3062 inutilis
719 3017 780 3066 erat.
818 3010 939 3077 Superest
960 3026 1026 3062 unus
1043 3012 1171 3076 Lucilius,
1197 3030 1227 3065 ou

251 3096 296 3131 cur
312 3087 367 3131 tuto
384 3094 477 3130 nomen
493 3080 555 3146 poni
571 3081 696 3145 potuerit,
721 3081 799 3132 dubia
814 3082 959 3132 coniectura
977 3089 1027 3139 est3
1047 3082 1080 3133 de
1096 3083 1231 3134 coniurati

251 3157 318 3201 certe
340 3157 476 3215 suspectus
495 3164 551 3200 esse
569 3164 619 3199 non
636 3149 734 3215 potnit,
758 3149 803 3212 qui
826 3151 907 3200 Roma
920 3165 967 3217 per
983 3150 1088 3217 longum
1104 3159 1207 3217 tempus
1230 3175 1232 3193 =

252 3219 356 3280 luisset3
381 3219 498 3284 deposita
521 3225 605 3269 antem
621 3219 799 3283 procuratione
821 3218 924 3271 Siclliae
946 3218 1017 3270 hand
1034 3221 1203 3285 improbabile
1227 3244 1232 3263 2

252 3288 379 3350 siqnidem
393 3286 459 3340 nihil
475 3289 574 3338 tristius
592 3289 616 3337 ei
637 3287 742 3353 accidit,
762 3287 807 3339 tall
823 3304 881 3340 eum
900 3290 951 3339 otio
973 3295 1056 3339 tutum
1078 3288 1173 3354 luisse,
1195 3307 1222 3355 q·

252 3355 350 3408 Seneca
365 3357 390 3408 ei
404 3358 485 3408 snaslt
501 3372 543 3423 ep.
559 3355 602 3408 68.
637 3356 738 3407 Accede
756 3357 789 3408 ed
807 3357 913 3409 alterum
928 3365 1120 3424 argumentum,
1139 3374 1190 3421 qno
1208 3359 1228 3409 it

252 3425 395 3476 confirmari
414 3427 514 3477 videtur
535 3441 582 3477 nec
605 3425 718 3477 edidisse
734 3425 857 3478 Senecam
880 3429 965 3493 ipsum
986 3426 1108 3493 epistulas
1125 3442 1174 3478 neo
1193 3427 1229 3493 pl

251 3501 353 3559 paratas
368 3494 401 3545 ad
419 3495 555 3546 editionem
570 3496 719 3562 reliquisse;
742 3496 900 3563 reperiuntur
922 3496 988 3546 enim
1006 3497 1143 3546 sententiae
1161 3496 1232 3562 aliqu
