2460 3916
199 224 264 291 354
490 226 523 288 L.
545 224 692 284 ANNAEI
716 223 891 283 SENECAE

201 395 273 440 esse
294 378 438 439 credebat
457 386 488 437 et
507 377 694 437 crudelitatis
713 377 964 438 consuetudinem
980 375 1063 451 fleri,
1084 376 1140 438 ubi
1155 374 1186 439 iu

200 467 387 541 voluptatem
405 467 490 522 esset
510 460 643 520 adducta
656 460 811 521 laceratio.
834 460 986 521 adiciebat
1001 460 1186 523 contrahen-

201 546 271 606 dam
287 545 441 605 materiam
462 559 534 604 esse
554 543 702 604 luxuriae.
731 544 894 619 colligebat
908 544 1009 604 bonae
1023 543 1185 607 valitudini

201 629 352 690 contraria
366 643 437 688 esse
452 628 594 687 alimenta
608 627 692 687 varia
704 635 734 687 et
744 627 858 688 nostris
870 627 969 687 aliena
981 627 1184 703 corporibusr

159 716 230 773 19at
243 712 435 791 Pythagoras
452 710 584 771 omnium
604 710 683 771 inter
699 711 801 771 omnia
820 710 1033 785 cognationem
1050 727 1126 772 esse
1141 712 1183 773 di·

200 796 288 858 cebat
309 803 339 856 et
359 795 527 856 animorum
546 794 759 855 commercium
780 795 810 853 ln
829 794 904 856 alias
919 802 1013 872 atque
1028 794 1108 859 alias
1123 795 1182 857 lor·

198 896 265 940 mas
279 880 509 941 transeuntium.
538 880 634 953 nulla,
656 878 683 939 si
697 878 739 938 illi
753 879 879 952 credas,
894 877 995 941 anima
1009 877 1114 940 interit
1126 893 1183 939 nco

200 971 304 1025 cessat
321 964 444 1038 quidem
460 960 519 1022 nisi
532 969 670 1037 tempore
684 962 811 1037 exiguo,
831 961 903 1022 dum
916 962 947 1021 in
967 962 1052 1023 aliud
1067 976 1181 1038 corpus

199 1047 430 1110 transfunditur.
473 1046 668 1119 Videbimus,
688 1061 745 1120 per
765 1062 844 1121 quas
864 1053 1036 1121 temporum
1052 1046 1139 1107 vices
1153 1051 1183 1106 et

200 1132 324 1208 quando
342 1129 506 1207 pererratis
530 1130 667 1204 pluribus
687 1129 847 1190 domiciliis
864 1128 894 1189 in
909 1129 1066 1190 hominem
1078 1145 1181 1191 rever-

198 1222 294 1276 tatur:
315 1212 434 1275 interim
455 1214 580 1273 sceleris
598 1213 771 1273 hominibus
786 1229 823 1272 ac
839 1213 994 1289 parricidii
1009 1220 1125 1275 melum
1140 1213 1182 1274 le·

200 1298 254 1373 cit,
279 1316 347 1360 cum
369 1300 489 1374 possint
508 1295 538 1355 in
561 1298 696 1372 parentis
716 1296 847 1357 animam
867 1295 955 1357 inscii
975 1297 1134 1358 incurrere
1154 1302 1182 1356 et

200 1384 280 1444 lerro
296 1397 440 1442 morsuve
454 1381 585 1452 violare,
607 1381 633 1440 si
653 1382 684 1441 in
701 1396 763 1456 quo
779 1388 928 1455 cognatus
943 1380 1039 1456 aliqui
1055 1381 1181 1457 spiritus

158 1466 414 1541 cohospitaretur.
457 1464 541 1524 Haec
562 1479 629 1524 eum
645 1464 844 1541 exposuisset
858 1463 965 1526 Sotion
983 1472 1015 1527 et
1029 1463 1179 1540 inolesco·

164 1580 169 1590 ι
201 1549 385 1624 argumentis
399 1548 480 1609 suis:
501 1564 580 1623 „non
597 1548 712 1621 credis,
727 1549 839 1624 inquit,
858 1548 977 1609 animas
991 1546 1023 1610 in
1039 1549 1102 1609 alia
1115 1563 1180 1611 cor-

199 1650 277 1709 pora
294 1641 386 1707 atque
401 1631 460 1691 alia
475 1632 607 1693 describi
623 1640 653 1693 et
666 1632 877 1708 migrationem
893 1648 980 1707 esse,
1004 1633 1093 1708 quod
1107 1629 1168 1693 dici

198 1733 267 1777 ntus
288 1721 436 1776 mortem?
459 1731 520 1775 non
544 1716 645 1777 credis
666 1717 696 1776 in
718 1716 765 1776 his
792 1716 964 1792 pecudibus
990 1716 1108 1778 larisve
1132 1722 1181 1776 aut

199 1816 281 1875 aqua
305 1799 415 1859 mersis
441 1797 525 1859 illum
551 1800 705 1875 quondam
731 1799 864 1862 hominis
887 1801 1021 1861 animum
1047 1799 1180 1861 morarit

199 1900 261 1948 non
277 1881 378 1944 credis
392 1883 465 1942 nihil
482 1883 581 1959 perire
594 1883 623 1943 in
640 1883 699 1944 hoc
717 1885 847 1959 mundo,
868 1885 924 1945 sed
947 1889 1066 1945 mutare
1080 1883 1174 1959 regie

199 1975 291 2028 nemi
310 1983 368 2028 nec
382 1974 496 2029 tantum
512 1968 657 2027 coelestia
672 1983 727 2043 per
740 1975 843 2030 certos
858 1968 1001 2029 circuitus
1015 1967 1109 2042 verti,
1125 1965 1177 2027 sed

199 2053 341 2113 animalia
357 2067 481 2128 quoque
498 2068 554 2127 per
569 2051 654 2112 vices
668 2051 714 2113 ire
728 2060 759 2114 et
780 2053 899 2113 animos
915 2067 971 2127 per
987 2052 1096 2113 orbem
1111 2050 1177 2125 agit

157 2144 189 2197 tl
197 2136 300 2212 Magni
314 2137 373 2197 ista
385 2136 578 2196 crediderunt
591 2135 663 2195 viri=
685 2137 788 2210 itaque
802 2137 947 2198 iudicium
960 2135 1085 2212 quidem
1097 2143 1176 2197 tuum

200 2222 326 2294 sustine,
342 2228 475 2282 ceterum
490 2220 592 2280 omnia
605 2219 658 2280 tibi
673 2221 702 2280 in
717 2219 835 2294 integro
852 2236 957 2281 serva:
981 2218 1009 2281 si
1022 2234 1099 2281 vera
1111 2222 1177 2279 sunt

198 2306 266 2380 ista,
282 2306 469 2367 abstinuisse
480 2304 661 2365 animalibus
675 2305 848 2366 innocentia
859 2311 916 2365 est.
931 2303 957 2364 si
973 2304 1060 2376 salsa,
1078 2304 1176 2378 truga-

199 2389 267 2451 litas
291 2397 346 2451 est.
378 2390 460 2465 quod
487 2387 555 2449 istic
575 2388 758 2449 credulitatis
777 2395 846 2448 tuae
868 2387 1010 2448 damnum
1033 2393 1101 2448 esti
1126 2384 1175 2445 ali·

157 2479 299 2534 lamenta
313 2473 367 2533 tibi
381 2473 503 2532 leonum
519 2480 548 2532 et
559 2474 710 2532 volturum
722 2472 849 2547 eripio.“
877 2470 933 2532 His
945 2487 1003 2546 ego
1015 2468 1176 2531 instinctus

199 2556 352 2618 abstinere
374 2554 555 2616 animalibus
577 2557 666 2631 coepi
690 2563 720 2616 et
739 2572 818 2616 anno
842 2563 965 2631 peracto
986 2570 1048 2615 non
1064 2559 1177 2615 tantum

199 2640 297 2700 lacilis
313 2646 378 2698 erat
392 2639 463 2698 mihi
480 2638 679 2713 consuetudo,
696 2639 752 2699 sed
768 2640 876 2700 dulcis.
903 2637 1092 2714 agitatiorem
1108 2635 1177 2697 mibi

200 2724 330 2783 animum
353 2737 424 2782 esse
447 2722 608 2783 credebam
624 2739 681 2783 nec
696 2723 747 2783 tibi
769 2723 861 2784 hodie
877 2721 1117 2796 adfirmaverim,
1141 2735 1176 2779 an

198 2806 302 2866 luerit:
326 2806 462 2880 quaeris,
486 2808 640 2882 quomodo
661 2807 825 2867 desierim?
854 2806 883 2867 in
905 2805 1016 2867 Tiberii
1038 2803 1176 2867 Caesaris

198 2888 400 2965 principatum
423 2891 564 2951 iuventae
585 2898 705 2965 tempus
729 2891 887 2953 inciderat.
920 2890 1091 2965 alienigena
1117 2894 1176 2948 tum

199 2990 288 3035 sacra
302 2974 511 3048 movebantur,
528 2976 585 3035 sed
598 2975 677 3034 inter
691 2982 868 3050 argumenta
882 2971 1111 3050 superstitionis
1123 2987 1176 3047 po·

198 3059 326 3119 nebatur
342 3060 542 3135 quorumdam
558 3059 730 3119 animalium
752 3059 943 3119 abstinentia.
974 3064 1062 3133 patre
1076 3056 1178 3131 itaque

198 3159 266 3204 meo
292 3152 432 3219 rogante,
458 3144 507 3218 qui
532 3159 591 3203 non
614 3143 794 3203 calumniam
808 3143 944 3216 timebat,
967 3141 1026 3202 sed
1042 3138 1178 3216 philoso-

198 3226 300 3302 phiam
323 3229 442 3298 oderat,
473 3226 512 3286 ad
534 3226 691 3301 pristinam
716 3227 968 3287 consuetudinem
994 3222 1089 3285 rediit
1122 3235 1179 3281 nec

199 3310 363 3372 dililculter
382 3310 468 3383 mihi,
488 3316 522 3369 ut
540 3311 706 3387 inciperem
725 3312 832 3372 melius
847 3325 993 3383 coenare,
1015 3304 1178 3384 persuasit

155 3395 336 3455 abbendune
351 3395 469 3455 solebat
480 3395 600 3455 Attalus
615 3393 763 3468 culcitam,
778 3410 857 3470 quae
870 3392 1030 3455 resisteret
1040 3387 1177 3467 corporia

197 3480 249 3540 tali
271 3487 341 3539 utor
362 3480 450 3539 etiam
475 3494 586 3554 senex,
615 3478 644 3538 in
672 3494 733 3555 qua
757 3477 919 3553 vestigium
945 3475 1099 3552 adparere
1117 3488 1177 3535 non
