2468 3930
218 255 388 317 EPISTUL.
402 254 496 317 Mon.
517 255 590 320 LIB.
609 255 687 316 xlv.
709 255 767 315 ΕΡ.
782 265 808 317 2.
825 262 896 332 (90.)
987 258 1051 322 aba

63 406 339 483 sanguinemcnus
351 405 458 466 adium
474 421 564 466 omne
579 406 608 465 in
624 407 705 466 feras
719 414 880 468 verterant.
903 409 953 481 illi,
971 426 1051 484 quos

64 491 192 568 aliquod
205 506 315 550 nemas
327 490 461 550 densum
482 507 501 549 a
520 491 588 550 sole
608 497 800 566 protexerat,
825 493 878 567 qui
900 493 1051 554 adversm

62 577 226 657 saevitiam
236 573 348 634 ‘meinis
362 581 415 633 aut
429 572 534 633 imbris
549 575 601 633 vili
615 577 810 649 receptaculo
826 577 880 636 tuti
895 577 954 637 sub
968 577 1051 638 tron-

63 659 105 720 de
127 658 288 731 amant,
309 658 447 732 placidas
467 657 676 732 transigebant
695 658 763 718 sine
779 661 913 735 suspirio
928 669 1051 722 noctes:

60 741 239 804 scuicimdc
255 757 313 802 nos
324 742 358 800 in
373 748 478 801 nostra
499 757 636 815 purpura
649 750 753 802 versat
772 750 803 803 et
820 745 977 804 acerrimis
998 760 1052 805 ex·

64 827 137 888 citat
157 825 303 888 stimulis=
328 832 360 885 at
380 841 471 900 quam
491 826 612 884 mallem
635 841 776 886 somnum
797 826 857 887 illis
870 827 948 888 dura
963 830 1052 889 tellus

65 909 171 970 dabat!
203 909 269 968 Non
284 906 493 984 inpendebant
505 909 622 968 caelata
632 909 805 983 laquearia,
827 911 928 970 sedin
944 920 1094 986 apertcli

64 993 199 1054 iacentes
221 992 324 1052 sidera
347 992 620 1066 superlabebantur
645 998 676 1051 et
700 993 819 1066 insigne
843 997 1050 1067 spectaculum

64 1076 207 1136 noctium.
251 1075 384 1135 mundus
408 1073 439 1134 in
466 1091 617 1149 praeceps
639 1074 787 1150 agebatur
802 1076 921 1137 silentio
936 1084 1052 1137 tantum

65 1175 144 1235 opus
162 1159 290 1219 ducens.
315 1164 375 1218 tam
390 1158 521 1218 interdiu
535 1159 593 1218 illis
611 1174 701 1234 quam
716 1166 807 1219 nocte
822 1161 966 1234 patebant
979 1176 1051 1235 pro-

64 1249 191 1318 spectus
209 1241 300 1302 liuius
316 1241 537 1317 pulcherrimae
551 1243 672 1303 domus.
702 1243 818 1303 libebat
838 1244 948 1303 intueri
962 1245 1052 1319 signa

65 1341 102 1386 ex
116 1327 218 1386 media
236 1327 314 1385 eceli
329 1332 415 1401 parte
430 1327 594 1400 vergentia,
606 1342 713 1386 rursus
726 1342 765 1386 ex
778 1328 898 1386 occulto
914 1327 974 1389 alia
984 1345 1051 1389 sur·

64 1411 174 1486 gentle
209 1409 324 1483 Quidni
337 1410 456 1470 iuvaret
469 1410 573 1483 vagari
588 1410 665 1469 intcr
685 1416 746 1469 tam
761 1411 821 1471 late
835 1426 948 1485 sparsa
962 1411 1094 1477 nitra-43

64 1495 154 1554 aulai
180 1499 213 1553 at
233 1508 290 1553 vos
312 1493 352 1552 ad
374 1509 494 1553 omnem
508 1500 656 1553 tectorum
668 1495 789 1568 pavetis
803 1511 914 1554 sonum
930 1503 961 1556 et
974 1496 1051 1555 inter

63 1577 199 1654 picturas
215 1584 351 1649 vestras,
372 1577 401 1637 si
416 1578 490 1652 quid
504 1577 669 1652 increpuit,
685 1578 788 1652 lugitis
803 1579 939 1639 adtoniti.
982 1580 1050 1640 Non

62 1661 218 1722 habebant
240 1661 350 1721 dcnros
371 1659 468 1720 instar
486 1659 615 1720 urbium.
659 1662 784 1736 spiritus
812 1678 848 1722 ac
873 1662 951 1722 liber
974 1663 1052 1724 inter

63 1751 168 1821 aperta
180 1743 331 1819 perflatus
346 1751 377 1804 et
389 1745 466 1804 levis
480 1744 587 1803 umbra
606 1744 694 1819 rupis
709 1753 760 1807 aut
772 1747 890 1806 arboris
904 1753 936 1806 et
949 1749 1050 1822 perlu—

64 1827 123 1889 cidi
135 1829 240 1889 lantes
254 1827 373 1902 rivique
388 1843 449 1888 non
471 1843 565 1903 opere
581 1843 638 1887 nec
659 1829 761 1889 fistula
781 1846 839 1890 nec
859 1831 921 1891 ullo
937 1838 1048 1892 >coacto

63 1911 170 1972 itinere
194 1911 392 1982 obsolelacti,
422 1912 479 1972 sed
507 1919 618 1986 sponte
643 1920 799 1974 currentes
825 1921 855 1974 et
876 1922 962 1988 prata
983 1915 1074 1976 sine»

63 2002 127 2057 arte
141 1996 294 2070 formosa,
317 1994 396 2055 inter
408 1994 485 2054 haec
503 2001 628 2069 agreste
643 1996 829 2057 domicilium
843 1998 959 2059 rustica
973 2000 1049 2074 poli-

61 2093 124 2140 tum
139 2094 248 2139 mauu:
273 2078 351 2139 haec
367 2086 432 2139 erat
446 2079 616 2140 secundum
632 2085 769 2140 naturam
787 2081 913 2154 domus,
935 2082 966 2141 in
988 2100 1052 2158 qua

61 2161 177 2224 libebat
190 2163 326 2223 babitare
338 2177 400 2222 nec
410 2162 513 2238 ipsam
525 2179 583 2223 nec
605 2179 662 2237 pro
683 2163 753 2237 ipsa
770 2163 940 2224 timentem=
968 2182 1050 2226 nunc

62 2261 174 2323 magna
199 2262 273 2322 pars
297 2248 394 2306 nostri
415 2254 518 2307 metus
542 2253 623 2306 tecta
649 2255 729 2307 sunt.
773 2246 847 2306 Sed
874 2251 1092 2322 quamvis44

61 2331 223 2406 egregia
240 2328 427 2391 illisvita
443 2331 563 2390 luerit
584 2337 620 2390 et
643 2345 777 2389 carens
801 2331 955 2405 fraude,
975 2348 1049 2392 non

61 2414 173 2476 luere
197 2415 418 2489 sapientes,
453 2413 577 2488 quando
601 2412 661 2473 lrcc
681 2412 740 2472 iam
758 2414 899 2488 inopere
916 2417 1048 2476 maximo

60 2513 175 2560 acmen
192 2505 250 2558 est
286 2513 351 2558 nun
370 2503 471 2557 tamen
491 2497 667 2571 negaverim
687 2498 783 2557 luisse
797 2496 850 2558 alti
865 2496 990 2571 spiritus
1006 2499 1049 2558 vi-

58 2598 114 2645 res
129 2589 174 2656 et,
189 2589 224 2643 ut
237 2582 277 2643 ita
292 2582 405 2655 dicam,
426 2582 506 2662 adis
521 2588 670 2642 recentes.
709 2597 811 2655 neque
826 2581 909 2642 enim
925 2581 1050 2643 dubium

61 2673 117 2739 eat,
131 2666 210 2740 quin
223 2665 350 2727 meliora
359 2665 495 2726 mundus
510 2666 645 2726 nondum
659 2664 769 2726 effetus
784 2666 921 2727 ediderit.
945 2682 1050 2743 quem·

62 2749 229 2810 modum
243 2758 348 2811 mrtem
363 2749 504 2810 omnibus
525 2751 644 2810 indoles
667 2749 773 2810 fortior
787 2750 843 2810 luit
860 2757 891 2810 et
908 2751 947 2811 ad
964 2751 1053 2813 labo·

60 2833 283 2908 respuerim,
300 2835 345 2894 ita
356 2849 421 2893 non
431 2840 521 2894 erant
535 2834 657 2908 ingenia
673 2834 814 2895 omnibus
830 2843 1050 2896 consummata.

60 2932 123 2978 acu
138 2918 220 2977 'enim
234 2917 287 2977 dat
305 2923 414 2979 ranna
430 2918 585 2978 virtutem=
614 2933 665 2978 ars
685 2926 735 2978 est
754 2918 868 2979 bonurn
885 2919 961 2980 fieri.
1004 2918 1092 2978 lllilt

61 2999 187 3076 quidem
203 3018 265 3062 nan
278 3017 387 3063 aunum
408 3017 467 3062 nec
487 3008 643 3076 argentum
663 3018 721 3062 nec
734 3002 914 3077 perlucidos
930 3002 1050 3078 lapides

62 3084 117 3163 [tic]
131 3085 194 3146 ina
206 3091 356 3147 terrarum
377 3087 466 3146 viteca
487 3085 675 3161 quaerebant
701 3087 929 3161 parcebantque
950 3085 1050 3146 adhuc

56 3167 152 3229 etiam
165 3169 470 3231 mammantibus:
494 3177 609 3231 tantum
624 3171 729 3230 aberat
742 3177 776 3230 ut
789 3169 881 3230 homo
896 3167 1050 3228 lacminem

62 3252 258 3328 manuus,
283 3268 345 3316 aaa
366 3254 492 3328 timens,
523 3260 639 3315 tactum
668 3259 861 3329 spectaturus
885 3252 1048 3312 occideret.

60 3335 204 3398 Ncaalnn
220 3337 314 3399 restis
329 3337 388 3400 illis
402 3343 470 3400 crat
481 3338 578 3414 picta,
598 3338 736 3398 nondum
750 3336 913 3397 texebatur
927 3350 1049 3395 aarum:

60 3421 164 3482 adime
179 3437 236 3483 nec
247 3423 420 3484 emebatur..
453 3421 531 3496 Quid
546 3427 641 3496 ergo?
662 3421 834 3496 ignorantia
847 3436 947 3481 rerum
962 3419 1048 3479 inno·
1058 3427 1093 3487 lc

61 3511 169 3567 curtes
185 3513 287 3568 arara.
329 3507 456 3568 multam
476 3514 575 3567 autem
592 3506 719 3566 interest
737 3511 836 3565 utrum
848 3520 981 3581 peccare
996 3503 1048 3564 ali·
