2468 3930
193 215 364 278 EPISTUL.
378 214 473 276 MOR.
494 216 567 276 LIB.
578 215 627 276 IX.
650 215 707 275 ΕΡ.
719 224 746 278 4.
758 226 784 278 5.
806 225 862 292 (ts.
874 224 932 290 76.)
990 215 1051 283 185

75 383 136 428 non
153 367 321 440 cupiditas,
343 384 405 428 non
420 369 510 429 timor
525 384 583 428 nos
599 370 699 443 pellet.
722 367 859 443 inagilali
873 367 1051 446 terroribu,
1059 381 1095 440 17

73 451 242 526 incorrupti
255 452 463 527 voluptatibus
477 467 535 512 nec
549 459 676 512 mortem
687 452 880 512 horrebimus
891 468 948 512 nec
958 454 1051 514 deos=

73 534 208 595 sciemus
223 541 349 596 mortem
366 537 476 597 malum
491 552 552 598 non
568 552 653 610 esse,
677 537 754 596 deos
772 537 871 596 malos
885 552 947 596 non
964 552 1051 598 essee

72 624 135 678 tam
148 618 322 679 inbecillum
339 621 424 698 [est],
446 621 529 695 quod
549 628 640 680 nocet
661 637 753 694 quam
767 619 816 680 cui
830 628 972 680 nocetura
995 638 1051 696 op·

72 701 146 762 lima
168 703 201 762 vi
228 704 322 763 noxia
344 711 456 764 carent.
498 704 687 778 Exspectant
705 720 778 776 nos,
807 705 834 763 si
856 720 895 764 ex
916 704 974 764 hac
998 705 1095 774 ali-18

74 785 199 861 quando
225 787 312 847 laece
337 786 367 847 in
393 787 467 848 illud
491 789 651 848 evadimus
676 787 805 847 sublime
830 795 861 847 et
884 791 1051 864 excelsum,

72 868 275 944 tranquillitas
290 871 381 931 animi
396 877 427 930 et
440 872 579 947 expulsis
597 870 751 931 erroribus
764 871 905 930 absoluta
917 870 1051 933 libertas.

74 952 202 1026 Quaeris
225 971 305 1030 quae
327 955 464 1015 sitista?
490 972 553 1015 non
572 955 712 1015 homines
733 954 854 1027 timere,
877 971 939 1015 non
962 958 1049 1017 deos.

72 1052 130 1096 nec
147 1039 248 1112 turpia
263 1040 341 1098 velle
356 1054 412 1098 nec
426 1039 528 1099 nimia.
550 1039 580 1098 in
596 1055 631 1098 se
646 1039 746 1113 ipsum
761 1037 876 1096 habere
887 1040 1050 1099 maximam

74 1127 272 1196 potestaten:
294 1123 513 1182 inaestimabile
528 1122 643 1183 bonum
656 1129 705 1182 est
719 1137 809 1181 suum
823 1119 899 1179 ficri.
921 1123 1008 1180 Vale.

374 1305 590 1364 EPISTULA
609 1307 644 1362 V.
671 1306 742 1378 (td.)

328 1420 436 1473 Sanaos
454 1423 564 1472 Lucrmo
584 1433 636 1472 suo
655 1433 794 1472 susurru.

134 1540 310 1601 Inimicitias
326 1541 398 1599 mihi
420 1540 597 1615 denuntias,
619 1540 647 1602 si
663 1542 827 1617 quicquam
843 1557 882 1600 ex
896 1539 948 1615 iis,
970 1555 1078 1615 quael

72 1623 186 1686 cotidie
203 1625 298 1695 lacio,
321 1624 526 1698 ignoraverim
549 1626 633 1699 vide,
655 1642 747 1700 quam
761 1624 938 1699 simpliciter
951 1631 1051 1684 tecum

69 1707 189 1768 vivam:
208 1707 269 1768 hoc
285 1724 410 1782 quoque
422 1709 475 1769 libi
489 1710 682 1770 committam.
724 1708 944 1784 Philosophum
956 1707 1050 1768 audio

71 1799 102 1852 et
123 1790 246 1866 quidem
267 1792 403 1866 quintum
425 1793 484 1852 iam
504 1793 583 1852 diem
598 1793 714 1866 habeo,
735 1808 851 1867 exque
867 1792 897 1853 in
913 1793 1051 1852 scholam

71 1891 109 1934 eo
124 1882 155 1935 et
164 1875 203 1934 ab
216 1881 325 1935 octava
338 1877 543 1951 disputantem
554 1877 657 1937 audio.
673 1877 784 1951 „bona
795 1876 907 1952 inquis,
920 1879 1051 1936 aetate.“

72 1958 180 2034 quidni
194 1959 297 2019 bonai
316 1960 390 2035 quid
404 1968 505 2020 autem
520 1961 641 2021 stultius
656 1967 704 2021 est
719 1977 819 2036 quarn,
836 1961 909 2036 quia
924 1961 976 2025 diu
987 1975 1049 2018 non

70 2040 232 2117 didiceris,
252 2059 314 2103 non
330 2044 472 2104 disceret
515 2045 591 2119 Quid
607 2052 702 2119 ergo?
723 2044 804 2105 idem
820 2045 946 2118 faciam,
962 2043 1076 2119 quoda

69 2125 197 2186 trossuli
210 2133 240 2186 et
253 2127 403 2187 iuvenes?
423 2129 503 2188 bene
517 2144 636 2188 meeum
650 2129 757 2202 agitur,
776 2129 803 2188 si
817 2128 877 2188 hoc
891 2143 985 2187 unum
1000 2143 1049 2187 se-

70 2215 224 2270 nectutem
248 2227 345 2271 meam
372 2213 508 2273 dedecet.
541 2213 640 2273 omnis
672 2212 779 2271 aetatis
806 2211 946 2272 homines
972 2210 1050 2271 haec

70 2293 181 2354 schola
194 2293 331 2355 admittit.
350 2294 382 2354 in
393 2295 454 2356 hoc
470 2311 678 2368 senescamus,
691 2304 724 2355 ut
735 2295 862 2356 iuvenes
875 2310 1049 2368 sequamur.

70 2377 106 2437 ln
120 2377 270 2438 theatrum
286 2394 382 2438 senex
395 2379 446 2439 ibo
461 2386 493 2440 et
508 2381 538 2439 in
554 2379 666 2442 circum
682 2378 802 2438 deferar
817 2385 847 2438 et
861 2377 974 2437 nullum
994 2393 1051 2449 par

71 2461 139 2521 sine
164 2478 214 2521 me
236 2462 439 2539 depugnahilz
470 2464 511 2523 ad
536 2461 753 2538 philosophum
778 2463 822 2521 ire
848 2460 1051 2522 erubescaml

70 2545 198 2606 Tamdiu
216 2547 396 2608 discendum
417 2555 478 2620 est,
504 2548 649 2622 quamdiu
669 2545 806 2606 nescias:
835 2546 862 2605 si
883 2543 1079 2620 proverbiod

72 2630 243 2704 credimus,
262 2630 431 2706 „quamdiu
450 2631 560 2691 vivis.“
586 2648 643 2691 nee
664 2630 717 2691 ulli
732 2631 791 2690 hoe
804 2630 849 2689 rei
864 2628 962 2703 magis
978 2643 1049 2687 con·

71 2712 156 2773 venit
171 2730 263 2789 quam
276 2714 362 2774 huic=
384 2716 500 2775 tamdiu
515 2715 695 2775 discendum
710 2722 772 2788 est,
792 2712 1051 2789 quemadmodum

70 2797 176 2870 vivas,
192 2799 338 2873 quamdiu
351 2797 441 2859 vivis.
484 2800 550 2874 Ego
570 2806 670 2859 tamen
685 2799 745 2858 illic
764 2797 880 2874 aliquid
891 2806 923 2857 et
940 2797 1049 2857 doceo.

72 2881 208 2956 quaeris,
219 2882 295 2956 quid
304 2883 456 2943 doceam?
475 2884 565 2942 etiam
577 2883 644 2944 seni
656 2898 728 2942 esse
740 2882 930 2942 discendum.
953 2880 1079 2943 Pudet4

71 2972 173 3025 autem
198 2980 248 3025 me
275 2967 397 3040 generis
422 2966 561 3040 humani,
593 2967 735 3041 quotiens
764 2966 904 3027 scholam
928 2962 1047 3023 intravi.

71 3056 195 3124 praeter
209 3048 310 3125 ipsum
324 3050 475 3111 theatrum
493 3050 775 3126 Neapolitanorum,
791 3057 825 3109 ut
839 3050 916 3121 scis,
930 3053 1047 3105 transc-

70 3131 189 3194 undum
208 3139 258 3194 cst
270 3133 468 3194 Metronactis
483 3135 656 3210 petentibus
672 3135 809 3194 domum=
833 3132 908 3191 illud
924 3128 1049 3203 quidem

71 3215 183 3277 lartum
204 3224 254 3277 est
273 3223 304 3277 et
321 3218 438 3293 ingenti
457 3218 574 3291 studio,
600 3219 671 3292 quis
695 3215 735 3278 sit
754 3214 917 3290 pythaules
938 3213 1048 3284 bonus,

71 3296 238 3361 indicatum
260 3299 353 3363 habet
366 3300 490 3363 tubicen
505 3317 630 3377 quoque
650 3301 785 3361 Graecus
802 3305 832 3357 et
847 3310 961 3372 praeeo
977 3309 1050 3354 con·

73 3395 211 3446 meum:
241 3391 273 3444 at
293 3384 323 3445 in
343 3386 395 3446 illo
415 3386 500 3459 loco,
520 3385 551 3444 in
574 3400 636 3459 quo
651 3383 812 3442 virbonus
827 3377 997 3456 quaeritur,
1019 3375 1050 3435 in

74 3478 135 3544 aaa
148 3469 196 3529 rir
209 3468 313 3529 bonum
328 3469 462 3544 discitur,
481 3467 660 3545 paucissimi
674 3467 792 3540 sedent,
807 3463 880 3526 ethi
894 3461 1051 3540 plerisque
