2468 3930
267 247 436 309 EPISTUL.
451 248 545 313 lton.
566 250 702 311 LIB.lV.
724 250 780 311 lte.
792 259 819 313 t.
840 258 854 328 (
889 255 912 323 .)
1039 250 1079 316 75

100 400 193 462 turba
212 406 261 460 est
281 397 397 475 passim
418 398 596 463 iacentium:
627 403 776 463 sumenda
795 410 898 478 erunt,
920 420 981 464 non
998 404 1081 464 colli·

101 483 215 560 ganda.
239 499 300 543 non
317 483 396 543 enim
411 483 571 558 excidunt,
594 485 651 547 sed
665 485 774 548 fluunt.
794 492 945 563 perpetua
959 495 990 548 et
1003 487 1081 547 inter

103 583 140 627 se
155 573 298 628 contexta
313 574 394 628 sunt.
409 581 467 627 nec
483 568 603 644 dubito,
626 567 700 644 quin
715 571 841 630 multum
857 571 1016 632 conferant
1029 588 1080 631 ru-

103 650 198 711 dibus
218 649 318 710 adlruc
333 656 363 710 et
378 651 571 713 extrinsecus
586 653 836 715 auscultantibus.
865 652 987 715 facilius
1000 653 1081 715 euim

104 734 226 810 singula
243 732 380 795 insidunt
397 734 627 811 circumscripta
641 743 672 797 et
686 737 829 798 carminis
844 737 936 798 modo
950 736 1080 799 inclusa.

102 818 177 878 Ideo
199 818 305 893 pueris
326 825 356 878 at
376 819 543 880 sententias
563 819 747 881 ediscendas
762 821 871 882 damus
886 828 917 882 et
929 820 986 886 has
1002 833 1109 897 quast

105 899 215 962 Graeci
236 899 366 962 chrias
386 911 512 975 vocant,
535 903 608 978 quia
621 903 772 979 conplecti
792 903 861 966 illas
876 903 1002 980 puerilis
1016 906 1080 967 ani·

104 1000 172 1046 urus
194 989 311 1060 potest,
338 984 410 1061 quia
430 989 501 1060 plus
522 986 623 1047 adhuc
642 1003 704 1048 non
723 988 805 1062 sapit
818 989 893 1048 certi
908 989 1080 1064 prolectust

103 1066 171 1130 viro
187 1075 311 1143 captare
325 1066 475 1131 flosculos
489 1078 579 1145 turpe
593 1076 640 1130 est
654 1077 684 1131 et
698 1071 804 1131 iulcire
818 1086 854 1129 se
864 1070 1036 1132 notissimis
1044 1087 1082 1131 ac

102 1150 299 1228 paucissimis
313 1152 443 1214 vocibus
458 1160 489 1214 et
504 1153 651 1215 memoria
666 1161 763 1214 stare:
784 1151 842 1213 sibi
856 1155 916 1214 iarn
929 1154 1080 1215 innitatur.

103 1235 187 1296 dicat
206 1236 283 1308 ista,
309 1252 371 1297 non
392 1243 501 1298 teneat.
536 1244 626 1312 turpe
646 1243 693 1298 est
714 1236 795 1296 enim
809 1235 878 1298 seni
892 1244 945 1298 aut
958 1237 1081 1312 prospi-

103 1318 197 1379 cienti
216 1325 411 1380 senectutem·
426 1337 464 1380 ex
479 1320 696 1382 commentario
713 1335 833 1395 sapere.
875 1321 963 1395 „Hoc
976 1320 1081 1383 Zenon

103 1402 216 1462 dixit“=
244 1409 279 1464 tu
292 1403 394 1478 quidi'
420 1404 500 1478 ,hoc
516 1404 714 1465 cleanthes⁴‘=
741 1410 775 1465 tu
791 1403 887 1480 quidt
917 1419 1081 1480 quousque

103 1485 162 1547 sub
177 1485 238 1547 alio
251 1487 407 1548 moveris?
428 1493 483 1561 [et]
495 1487 612 1563 impera
623 1495 653 1550 et
664 1487 730 1563 dic,
752 1487 836 1563 quod
847 1488 1011 1550 memoriae
1020 1496 1080 1549 tra·

103 1569 203 1630 daurr.
227 1567 497 1645 aliquidotdetuo
509 1572 622 1646 proter.
655 1570 768 1634 Omnes
780 1573 883 1647 itaque
894 1572 983 1646 istos,
995 1587 1110 1642 num-8

103 1668 199 1728 quam
218 1660 376 1728 auctores,
399 1670 521 1731 semper
534 1653 716 1730 interpretes
731 1654 790 1718 sub
805 1655 903 1715 aliena
917 1656 1024 1716 umbra
1038 1655 1080 1715 la-

102 1741 220 1811 tentes,
239 1736 312 1798 nihil
335 1737 476 1799 existimo
493 1738 607 1798 habere
623 1739 784 1813 generosi,
802 1754 968 1814 numquam
985 1754 1080 1800 ausos

102 1820 271 1896 aliquando
296 1822 414 1896 iacere,
445 1822 530 1898 quod
554 1821 609 1882 diu
632 1820 810 1884 didicerant
848 1823 1024 1885 memoriam
1050 1823 1080 1881 in

102 1903 211 1964 alienis
232 1912 446 1968 exercuerunt
479 1905 686 1969 alludentem
711 1912 759 1966 est
778 1905 969 1979 meminisse,
998 1905 1080 1967 aliud

102 1985 199 2050 scires
225 1988 402 2051 meminisse
422 1997 471 2051 est
491 2005 555 2050 rem
577 1987 772 2051 commissam
791 1990 958 2051 memoriae
978 1996 1080 2051 custo-

101 2072 182 2132 dire.
210 2078 242 2132 at
262 2079 369 2134 contra
393 2071 474 2134 scire
493 2081 542 2134 est
561 2080 591 2134 et
611 2089 668 2134 sua
689 2073 791 2133 lacera
806 2088 948 2150 quaeque
968 2088 1026 2133 nec
1041 2073 1080 2132 ad

101 2156 261 2231 exemplar
285 2156 422 2232 pendere
447 2164 478 2217 et
503 2155 614 2218 totiens
642 2154 800 2232 respicere
827 2158 868 2218 ad
892 2157 1080 2231 magistrum.

101 2239 191 2314 „Hoc
204 2238 280 2301 dixit
293 2240 413 2314 Zenon,
434 2240 494 2301 hoc
507 2240 698 2302 Cleanthes.“
725 2240 840 2314 aliquid
855 2241 933 2300 inter
946 2247 976 2301 te
991 2241 1109 2310 inter-9

101 2323 142 2384 sit
162 2328 193 2383 et
212 2323 331 2385 librum.
356 2340 520 2401 quousque
539 2324 664 2386 discest
691 2322 752 2382 iarn
766 2330 796 2384 et
809 2322 964 2398 praecipe.
1002 2322 1080 2396 Quid

101 2412 149 2467 est
170 2413 201 2467 et
222 2423 317 2482 quare
336 2408 473 2481 audiam,
500 2407 586 2483 quod
608 2409 711 2482 legere
733 2412 888 2481 possumt
923 2405 1079 2479 „Multum

101 2488 215 2566 inquit,
236 2491 307 2551 viva
326 2508 389 2551 vox
409 2492 509 2552 lacit.“
543 2508 605 2552 non
622 2490 744 2566 quidem
762 2489 856 2563 haec,
879 2503 959 2564 quae
973 2487 1080 2547 alienis

100 2571 207 2633 verbis
223 2575 433 2636 commodatur
447 2583 476 2635 et
489 2574 615 2635 actuarii
628 2574 697 2633 vice
710 2573 852 2647 iungitur.
886 2571 985 2632 Adice
1000 2584 1124 2642 nunc10

100 2656 186 2732 quod
207 2657 272 2730 isti,
297 2658 534 2734 quinamquam
554 2659 667 2719 tutelae
688 2673 763 2717 suae
785 2656 875 2729 liunt,
898 2655 1026 2730 primum
1049 2653 1080 2712 in

100 2755 140 2800 ea
155 2740 193 2800 're
214 2749 384 2817 sequuntur
404 2741 539 2817 priores,
561 2743 592 2802 in
614 2757 675 2816 qua
695 2757 785 2802 nemo
801 2757 863 2802 non
877 2755 896 2801 a
911 2739 1013 2815 priore
1028 2738 1080 2798 de·

101 2821 203 2884 scivit.
227 2824 340 2885 deinde
354 2826 384 2885 in
400 2841 437 2886 ea
451 2840 485 2885 re
500 2831 680 2900 sequuntur,
704 2841 785 2900 quae
798 2824 900 2885 adhuc
915 2822 1079 2898 quaeritur.

99 2923 267 2984 numquam
281 2915 382 2970 autem
396 2907 576 2983 invenietur,
596 2907 622 2968 si
635 2909 767 2970 contenti
779 2909 926 2968 fuerimus
938 2904 1079 2968 inventis.

100 2998 263 3067 pmeterea
284 2991 339 3068 qui
357 2993 449 3054 alium
469 2992 621 3067 sequitur,
650 2991 723 3057 ninii
748 2990 876 3065 invenit,
904 2992 997 3051 immo
1022 3005 1080 3052 nec

100 3075 231 3150 quaerit.
265 3075 345 3150 Quid
359 3082 455 3151 ergon
481 3092 543 3136 non
558 3075 608 3137 ibo
623 3091 681 3151 per
694 3076 830 3150 priorum
846 3072 995 3148 vesugiaa
1020 3087 1079 3146 ego
1090 3091 1118 3144 11

100 3173 176 3218 vero
195 3165 264 3220 utar
284 3160 334 3220 vi'a
353 3160 465 3239 veteri,
486 3160 544 3220 sed
558 3159 585 3220 si
599 3157 776 3234 propiorem
791 3157 1022 3233 planioremque
1035 3155 1079 3214 in·

97 3257 226 3319 venero,
247 3243 327 3304 hauc
341 3241 486 3305 muniam.
521 3242 577 3317 Qui
592 3249 663 3303 ante
676 3259 734 3303 nos
748 3242 807 3302 ista
820 3245 995 3312 moverunt,
1017 3253 1079 3298 uon

100 3324 216 3388 domiai
237 3327 349 3401 nostri,
379 3327 436 3389 sed
457 3325 552 3389 duces
574 3331 654 3388 sunt.
689 3331 773 3401 patet
793 3323 935 3386 omnibus
956 3321 1079 3382 veritas.

101 3410 239 3472 nondum
259 3410 307 3472 est
326 3418 487 3486 occupata.
515 3411 641 3474 multum
661 3425 701 3469 ex
722 3409 773 3468 illa
794 3406 885 3469 etiam
906 3404 1014 3466 futuris
1031 3420 1074 3466 re·

100 3488 205 3554 lictum
217 3500 275 3556 est.
310 3493 398 3555 Vale.
