2468 3930
204 230 266 295 156
473 233 506 291 L.
527 231 675 292 ANNAEI
698 230 873 292 SENECAE

202 386 277 444 vino
292 391 344 444 aut
358 384 469 444 balneo
484 383 643 443 abstinent.
677 383 708 442 in
723 390 826 443 cetera
839 383 1034 458 neglegentes
1048 379 1137 457 huic,
1161 399 1181 445 a

204 484 266 543 quo
284 482 379 540 saepe
407 468 601 539 infestantur,
625 472 805 526 occurruna
827 465 873 526 sic
893 463 926 525 in
946 465 1048 526 animo
1071 472 1181 529 nostro

203 558 274 610 sunt
289 550 439 624 quaedam
458 551 547 624 quasi
562 549 721 610 causariae
737 555 854 622 partes,
877 548 988 624 quibus
1004 547 1179 610 adhibenda

169 633 319 696 &curatio
342 638 398 691 est.
431 633 509 706 Quid
529 634 560 692 in
585 632 647 693 otio
668 632 770 693 iaciat
797 634 885 692 ulcus
905 647 1006 693 meum
1021 646 1108 699 curo.
1144 631 1179 694 Si

202 717 397 778 ostenderem
417 716 470 775 tibi
495 717 607 791 pedem
631 715 797 791 turgidum,
826 713 952 775 lividam
976 731 1100 777 manum
1125 722 1178 777 aut

202 799 349 860 contracti
363 800 461 860 cruris
475 800 580 860 aridos
595 815 723 871 nervos,
740 797 932 873 permitteres
943 796 1016 859 mihi
1030 814 1093 861 uno
1108 798 1180 860 ioco

200 884 303 943 iacere
326 890 356 943 ct
376 883 481 948 lovere
500 883 640 943 morbum
659 898 775 942 meum:
800 881 898 941 maius
919 883 1031 941 malum
1045 887 1094 942 est
1107 881 1178 957 hoc,

202 966 287 1042 quod
307 981 369 1025 non
389 982 517 1041 possum
532 966 586 1026 tibi
607 966 783 1027 ostendere:
805 965 835 1025 in
851 971 977 1040 pectore
993 966 1063 1041 ipso
1084 965 1178 1026 colle·

202 1050 261 1110 ctio
277 1056 307 1110 et
324 1051 443 1110 vomica
457 1056 514 1110 est.
535 1050 613 1109 Nolo
626 1050 750 1120 laudes,
767 1049 839 1108 nolo
854 1047 956 1108 dicas=
977 1065 1018 1121 „o
1034 1063 1179 1122 magnum

201 1134 320 1193 virumt'
336 1132 521 1208 contempsit
541 1133 643 1193 omnia
657 1139 688 1192 et
702 1130 854 1191 damnatis
869 1131 1021 1191 humanae
1034 1131 1116 1191 vitae
1130 1133 1177 1190 iu·

169 1217 321 1279 tironibus
348 1217 453 1290 lugit.“
488 1216 562 1275 nihil
587 1215 728 1275 damnavi
753 1212 813 1274 uisi
834 1229 892 1274 me.
925 1214 992 1274 Non
1006 1221 1069 1288 est,
1093 1215 1179 1289 quod

200 1299 383 1376 proficiendi
406 1315 502 1358 causa
527 1297 633 1358 venire
652 1299 693 1358 ad
713 1314 763 1358 me
783 1298 871 1358 velis.
908 1312 1009 1372 erras,
1032 1297 1085 1374 qui
1107 1297 1178 1357 hinc

201 1383 316 1458 aliquid
336 1381 440 1442 auxilii
462 1397 585 1456 speras:
608 1397 669 1441 non
688 1381 842 1455 medicus,
864 1380 921 1440 sed
941 1396 1034 1457 aeger
1053 1380 1104 1440 hic
1122 1380 1177 1440 ha-

200 1466 283 1526 bitat.
321 1465 400 1524 malo
423 1464 511 1542 [illa]‚
535 1480 604 1524 cum
631 1464 832 1536 discesseris,
855 1464 957 1524 dicas:
984 1480 1066 1539 „ego
1085 1464 1177 1525 istum

200 1549 320 1609 beatum
336 1547 489 1608 hominem
504 1547 648 1623 putabam
663 1555 692 1607 et
706 1546 867 1608 eruditum.
895 1561 1055 1609 erexeram
1070 1562 1178 1609 aurest

201 1631 363 1691 destitutus
386 1647 463 1691 sum.
500 1631 572 1690 nihil
595 1630 672 1703 vidi,
694 1631 768 1690 nihil
784 1629 902 1703 audivi,
926 1631 1009 1705 quod
1030 1629 1178 1706 concupi-

202 1730 335 1789 scerem,
357 1715 397 1774 ad
416 1714 500 1788 quod
518 1719 718 1774 reverterer.“
752 1713 784 1774 Si
800 1715 858 1775 hoc
874 1714 984 1788 sentis,
1007 1714 1037 1774 si
1052 1714 1114 1776 hoc
1134 1715 1178 1775 lo-

202 1798 321 1873 queris,
343 1798 458 1873 aliquid
478 1798 649 1873 proiectum
670 1805 727 1857 est.
762 1798 842 1858 Malo
863 1797 1009 1871 ignoscas
1030 1799 1093 1859 otio
1108 1812 1176 1858 meo

160 1897 293 1956 10quam
315 1880 466 1941 invideas.
507 1880 643 1955 „0tium‚
665 1882 782 1957 inquis,
814 1880 949 1953 Seneca,
979 1881 1178 1942 commendas

201 1965 294 2024 mihi?
322 1965 361 2024 ad
380 1964 547 2039 Epicureas
568 1980 664 2026 voces
680 1964 864 2025 delaberis.“
899 1962 999 2024 Otium
1019 1964 1074 2025 tibi
1095 1979 1178 2026 com-

200 2048 328 2120 mendo,
348 2048 378 2108 in
393 2064 454 2123 quo
470 2047 585 2108 maiora
600 2065 675 2123 agas
693 2056 722 2109 et
736 2047 911 2123 pulchriora
926 2063 1018 2123 quam
1034 2063 1116 2123 quae
1130 2063 1177 2109 re·

200 2131 328 2206 liquisti:
352 2133 476 2206 pulsare
490 2132 640 2209 superbas
656 2130 863 2207 potentiorum
876 2132 975 2207 iores,
992 2131 1133 2206 digerere
1147 2131 1178 2190 in

201 2215 318 2275 literam
339 2231 439 2277 senes.
455 2217 563 2289 orbos,
587 2217 748 2291 plurimum
770 2214 801 2275 in
823 2216 891 2275 loro
912 2230 1010 2290 posse
1024 2212 1178 2275 invidiosa

201 2298 337 2374 potentia
358 2316 396 2360 ac
414 2300 517 2360 brevis
538 2307 600 2373 est,
623 2308 665 2372 et,
689 2299 716 2357 si
737 2314 844 2359 verum
863 2298 1023 2371 aestimes,
1039 2296 1177 2359 sordida.

160 2391 191 2445 11
201 2383 252 2443 ille
266 2398 315 2443 me
329 2384 427 2458 gratia
441 2383 556 2443 lorensi
571 2384 662 2458 longe
677 2382 852 2456 antecedet,
874 2379 925 2441 ille
940 2379 1103 2457 stipendiis
1122 2380 1176 2440 mi·

200 2466 338 2527 litaribus
367 2474 397 2527 et
425 2467 563 2541 quaesita
595 2482 650 2540 per
673 2466 733 2526 hoc
764 2465 924 2539 dignitates
956 2465 1008 2525 ille
1034 2465 1177 2525 clientum

200 2551 303 2609 turbat
330 2556 378 2611 est
396 2550 471 2609 tanti
495 2550 534 2609 ab
557 2550 698 2609 omnibus
720 2546 819 2624 vinci,
845 2549 919 2609 dum
941 2565 959 2608 a
984 2564 1033 2609 me
1054 2547 1178 2609 lortuna

200 2633 356 2706 vincatur,
377 2632 426 2691 eui
446 2633 476 2690 in
495 2632 584 2691 turba
599 2648 655 2706 par
670 2648 817 2694 essenon
833 2638 977 2707 possum!
999 2633 1072 2708 plus
1086 2629 1180 2691 habet

160 2713 325 2787 ragrattaa
358 2714 479 2775 Utinam
496 2713 618 2788 quidem
633 2714 693 2776 hoc
704 2715 896 2790 propositum
912 2714 1001 2790 sequi
1016 2714 1089 2774 olim
1102 2713 1178 2774 iuis-

202 2803 250 2856 set
271 2796 389 2856 animus
409 2795 476 2856 tibit
499 2798 612 2858 utinam
633 2798 672 2858 de
692 2799 754 2859 vita
773 2800 864 2860 beata
883 2815 946 2859 non
961 2799 991 2859 in
1007 2793 1179 2872 conspectu

201 2877 307 2940 mortis
323 2887 500 2954 ageremus!
516 2882 573 2941 sed
588 2897 668 2941 nunc
684 2899 809 2958 quoque
824 2898 885 2942 non
897 2897 1060 2943 moremur.
1083 2881 1180 2941 multa

202 2964 297 3037 enim,
319 2979 400 3039 quae
417 2980 610 3038 supervacua
627 2980 698 3026 esse
719 2974 750 3026 et
762 2965 884 3025 inimica
904 2963 1049 3026 credituri
1063 2963 1178 3025 luimus

159 3045 324 3120 13rationi,
346 3064 428 3108 nunc
450 3047 655 3123 experientiae
678 3047 840 3110 credimus.
878 3047 967 3122 Quod
994 3049 1098 3108 iacere
1125 3063 1178 3108 so-

200 3132 276 3205 lent,
300 3130 353 3207 qni
371 3132 471 3192 serius
487 3132 625 3192 exierunt
644 3140 674 3193 et
693 3132 798 3191 volunt
819 3138 940 3207 tempus
961 3129 1116 3192 celeritate
1128 3145 1178 3190 re

200 3231 320 3290 parare,
336 3216 437 3274 calcar
451 3215 615 3275 addamus!
637 3214 715 3275 haec
730 3222 815 3275 aetas
832 3216 944 3290 optime
959 3215 1031 3275 lacit
1044 3211 1179 3274 adhaec

201 3299 316 3359 studia:
338 3299 399 3359 iam
422 3298 624 3373 despumavit.
659 3296 720 3359 iam
745 3299 819 3359 vitia
840 3299 938 3373 primo
960 3300 1084 3358 fervore
1102 3297 1178 3358 adu·

201 3379 367 3442 lescentiae
382 3381 528 3442 indomita
544 3381 685 3443 lassavit:
703 3399 764 3443 non
776 3384 903 3442 multum
918 3387 1061 3457 superest
1076 3386 1112 3442 ut
1124 3395 1180 3442 ex·

160 3464 344 3539 listinguat.
380 3465 437 3538 „Et
451 3466 589 3540 quando,
611 3463 730 3541 inquis,
753 3466 807 3526 tibi
821 3465 959 3541 proderit
972 3464 1071 3539 istud,
1087 3460 1178 3542 quod
