2468 3930
150 228 217 293 att
443 228 477 287 1..
496 225 643 287 Annam
666 223 843 285 snuucau
892 208 895 217 '

152 379 274 454 aliare,
291 378 365 454 quid
382 383 505 452 posset,
528 391 619 450 quam
634 375 756 434 licentia
770 373 918 435 ostendit=
937 373 1018 434 hanc
1036 372 1137 450 ipsam

152 464 274 524 laudem
289 477 376 522 suam
392 460 528 535 corrupit
539 458 607 519 istis
622 459 768 520 orationis
783 457 1071 534 portentosissimae
1082 457 1136 518 de·

123 547 238 610 8liciis.
265 546 394 621 adparet
409 545 489 603 enim
504 545 626 604 mollem
641 543 752 617 fuisse,
767 559 830 603 non
845 543 956 603 mitem.
978 541 1040 603 hoc
1058 541 1137 603 istae

153 629 298 704 ambages
314 625 546 703 conpositionis,
561 626 622 687 hoc
634 627 728 687 verba
738 634 923 700 transversa,
937 625 998 686 hoc
1011 641 1136 701 sensus,

151 713 246 792 [mihi]
261 712 362 787 magni
384 712 508 786 quidem
528 727 638 786 saepe,
663 710 720 770 sed
742 711 892 782 enervati,
920 710 991 770 dum
1012 716 1136 784 exeunt,

153 798 249 858 cuivis
272 796 465 856 manifestum
483 796 609 855 facient:
631 801 745 855 motum
763 794 805 854 illi
818 793 962 854 felicitate
976 793 1072 854 nimia
1085 810 1136 854 oa·

152 890 217 957 put.
241 882 326 957 quod
347 879 450 939 vitium
471 879 601 938 hominis
617 877 768 940 interdum
783 894 869 952 esse,
890 876 1044 939 interdum
1061 886 1136 941 tem·

123 970 140 1025 9
153 966 238 1041 poris
260 967 347 1025 solet.
390 963 450 1024 Ubi
470 964 621 1023 luxuriam
636 965 696 1022 late
710 962 838 1022 felicitas
853 961 944 1035 fudit,
957 965 1058 1023 cultus
1074 963 1137 1037 pri·

152 1066 234 1109 mrim
249 1064 413 1124 corporum
424 1063 495 1107 esse
507 1045 680 1121 diligentior
691 1044 806 1120 incipit.
828 1045 940 1105 deinde
953 1045 1136 1120 supellectili

152 1134 317 1193 laboratur.
346 1132 458 1192 deinde
478 1130 508 1189 in
529 1131 615 1205 ipsas
637 1131 746 1190 domos
761 1129 935 1204 inpenditur
948 1145 1038 1203 cura,
1059 1136 1091 1190 ut
1104 1131 1136 1188 in

152 1217 307 1278 laxitatem
321 1215 401 1275 ruris
416 1221 587 1290 excurrant,
602 1223 635 1276 ut
648 1213 780 1290 parietes
793 1213 930 1273 advectis
941 1220 1026 1274 trans
1039 1214 1137 1273 maria

152 1301 355 1360 marmoribus
372 1300 515 1373 fulgeant,
529 1305 562 1358 ut
575 1305 656 1359 tecta
671 1297 824 1357 varientur
838 1313 922 1367 auro,
937 1303 971 1357 nt
984 1297 1136 1357 lacunari·

151 1385 211 1444 bus
233 1383 477 1460 pavimentorum
498 1383 686 1457 respondeat
705 1382 794 1442 nitor.
828 1381 940 1441 deinde
960 1381 1001 1440 ad
1020 1397 1136 1442 coenas

152 1468 266 1529 lautitia
281 1468 459 1529 transfertur
479 1474 509 1526 et
522 1466 582 1526 illic
597 1464 820 1526 commendatio
836 1480 875 1524 ex
889 1465 1025 1525 novitate
1039 1473 1071 1525 et
1084 1481 1136 1526 so·

152 1551 196 1611 liti
217 1551 332 1612 ordinis
355 1549 590 1611 commutatione
604 1556 758 1626 captatur,
772 1555 807 1609 ut
820 1563 866 1622 ea,
882 1564 963 1624 quae
977 1548 1136 1608 includere

153 1637 254 1695 solent
276 1651 418 1708 coenam,
440 1633 539 1707 prima
558 1640 726 1707 ponantur,
741 1639 790 1706 ut,
807 1648 886 1708 quae
900 1631 1135 1692 advenientibus

113 1717 310 1790 lodabantur,
326 1716 509 1777 exeuntibus
524 1717 644 1777 dentur.
673 1717 760 1778 Cum
780 1716 962 1777 adsuevit
981 1716 1148 1776 animus.

152 1800 349 1874 fastidire,
378 1815 475 1880 quae
497 1815 541 1858 ex
562 1817 666 1861 more
687 1809 790 1874 sunt,
818 1808 848 1861 et
867 1799 909 1860 illi
925 1817 982 1876 pro
999 1798 1135 1861 sordidis

152 1884 242 1943 solita
263 1891 347 1953 sunt,
370 1883 484 1941 etiam
506 1883 541 1942 in
566 1883 743 1944 oratione
770 1884 873 1958 quod
895 1900 1033 1945 novum
1060 1891 1136 1956 est,

153 1966 307 2042 quaerit
321 1974 351 2026 et
364 1966 458 2025 modo
472 1966 597 2042 antiqua
610 1968 705 2027 verba
719 1975 810 2042 atque
825 1970 947 2028 exoleta
960 1973 1086 2027 revocat
1096 1981 1136 2026 ac

151 2049 282 2125 profert,
297 2050 389 2110 modo
406 2050 535 2125 flagitet
549 2050 653 2126 ignota
667 2067 704 2111 ac
719 2050 867 2123 deflectit,
884 2052 987 2126 modo,
1001 2051 1033 2110 id
1048 2049 1136 2125 quod

152 2149 251 2209 nuper
270 2133 449 2208 increbruit,
472 2150 527 2209 pro
550 2137 632 2196 cultu
654 2135 782 2195 habetur
803 2135 905 2194 audax
925 2132 1083 2195 translatio
1098 2149 1136 2193 ac

112 2219 307 2293 llfrequens.
353 2217 430 2278 Sunt
455 2218 509 2294 qui
535 2235 647 2280 sensus
673 2219 851 2293 praecidant
873 2226 903 2278 et
925 2218 987 2279 hoc
1006 2219 1134 2293 gratiam

99 2311 114 2339 ⁸
153 2310 292 2377 sperent,
316 2303 343 2362 si
365 2303 514 2364 sententia
534 2303 715 2378 pependerit
729 2311 759 2363 et
773 2301 909 2362 audienti
924 2301 1134 2376 suspicionem

152 2387 200 2447 sul
216 2387 332 2446 fecerit.
352 2393 424 2447 sunt
439 2387 490 2461 qui
506 2388 575 2448 illos
591 2387 746 2447 detineant
762 2393 792 2446 et
805 2387 972 2460 porrigant.
996 2393 1068 2447 sunt
1082 2384 1135 2459 qui

151 2487 213 2530 non
228 2486 328 2545 usque
343 2471 383 2530 ad
397 2471 501 2530 vitium
516 2472 677 2542 accedant,
700 2485 831 2530 necesse
851 2476 899 2530 est
914 2469 994 2528 enim
1014 2469 1075 2530 hoo
1090 2470 1133 2528 fa·

152 2569 223 2613 cere
248 2553 363 2628 aliquid
390 2555 507 2628 grande
531 2553 703 2629 temptanti,
740 2554 796 2613 sed
822 2554 874 2628 qui
899 2553 1001 2629 ipsum
1027 2553 1136 2613 vitium

153 2644 263 2696 ament.
293 2637 396 2709 itaque
415 2636 601 2712 ubicumque
622 2638 737 2698 videris
762 2638 929 2697 orationem
957 2644 1135 2712 corruptam

152 2722 284 2795 placere,
300 2718 343 2778 ibi
358 2735 459 2779 mores
476 2737 601 2796 quoque
617 2738 635 2780 a
648 2728 733 2781 recto
748 2721 919 2781 descivisse
932 2737 995 2781 non
1008 2722 1065 2781 erit
1078 2721 1135 2780 du·

152 2801 244 2862 bium.
273 2803 429 2875 quomodo
446 2803 655 2865 conviviorum
670 2804 805 2878 luxuria,
828 2804 984 2880 quomodo
1004 2802 1135 2865 vestium

153 2900 265 2960 aegrae
280 2885 410 2946 civitatis
423 2886 534 2947 indicia
546 2897 626 2964 sunt,
641 2889 685 2949 sic
696 2889 843 2949 orationis
855 2887 985 2961 licentia,
1002 2887 1135 2948 simodo

153 2970 299 3044 frequens
320 2977 381 3044 est,
409 2972 542 3032 ostendit
561 2973 679 3033 animos
700 2987 838 3048 quoque,
867 2989 886 3032 a
907 2972 1019 3047 quibus
1038 2971 1136 3032 verba

113 3061 281 3126 ltexeunt,
303 3053 487 3129 procidisse.
530 3056 632 3117 Mirari
655 3057 779 3132 quidem
793 3073 855 3117 non
872 3056 968 3116 debes
987 3063 1136 3130 corrupta

152 3137 254 3213 excipi
266 3155 328 3199 non
341 3146 455 3200 tantum
467 3157 485 3200 a
496 3156 611 3201 corona
623 3140 805 3216 sordidiore,
818 3141 873 3201 sed
886 3141 925 3201 ab
937 3140 995 3201 hac
1008 3154 1135 3214 quoque
1160 3202 1167 3213 ,

152 3222 242 3282 turba
253 3224 388 3284 cultiore.
404 3225 484 3300 togis
496 3225 576 3284 enim
587 3225 665 3285 inter
678 3240 713 3285 se
724 3225 783 3298 isti,
795 3241 857 3285 non
869 3223 990 3284 iudiciis
1004 3222 1135 3284 distant=

143 3306 212 3375 ¹hoc
227 3308 325 3382 magis
347 3308 449 3369 mirari
472 3316 577 3384 potes,
602 3310 686 3385 quod
706 3326 782 3370 non
801 3315 947 3370 tantum
969 3306 1135 3382 vitiosa,

153 3390 221 3449 sed
241 3391 337 3451 vitia
356 3393 577 3453 laudentur.
605 3409 675 3453 nam
695 3391 771 3455 illud
791 3409 916 3469 semper
936 3393 1050 3452 laetum
1071 3397 1135 3451 est=

152 3473 267 3534 nullum
282 3475 349 3535 sine
360 3475 450 3537 venia
461 3477 575 3551 placuit
585 3476 748 3552 ingenium.
764 3478 804 3538 da
814 3476 896 3550 mihi,
909 3489 1137 3552 quemcumque
