2468 3930
190 218 360 281 nrrsruc.
375 218 468 279 noa.
489 219 610 279 cmv.
633 219 766 283 nats
788 227 913 294 (ram)
997 221 1037 283 93

61 371 157 430 menti
171 369 262 431 habet
271 373 302 431 in
314 371 389 444 hoc,
403 379 436 432 ut
446 372 548 447 possit
558 372 741 432 fortunatum
751 372 936 446 beatumque
948 387 1035 446 prae-

61 462 154 514 stare.
188 470 250 514 non
271 455 350 514 enim
371 457 470 515 statim
489 455 602 514 bonum
618 463 679 529 est,
701 456 727 515 si
743 455 816 530 quid
829 456 1038 515 necessarium

61 545 124 598 est:
147 543 199 597 aut
218 538 384 612 proicimus
404 539 532 613 bonum,
555 539 581 598 si
595 537 655 598 hoc
668 553 779 599 nomen
796 539 868 613 pani
883 547 913 599 et
929 540 1034 614 polen-

59 629 109 682 tae
125 622 234 681 damus
249 630 279 683 et
294 621 418 694 ceteris,
438 623 505 681 sine
517 622 628 696 quibus
639 623 702 681 vita
712 637 773 682 non
786 622 915 682 ducitur.
948 622 1074 697 Quodn

58 705 176 766 bonum
198 712 258 780 est,
286 706 392 781 utIque
416 706 624 766 necessarium
643 712 699 765 est.
731 707 813 780 quod
827 708 1035 767 necessarium

61 795 123 863 est,
149 804 211 848 non
233 790 337 864 utique
351 789 465 849 bonum
479 795 541 863 est,
565 790 708 864 quoniam
723 789 845 864 quidem
859 792 1036 851 necessaria

61 880 133 933 sunt
147 873 314 948 quaedam,
332 873 439 933 eadem
454 872 610 934 vilissima.
636 888 724 932 nemo
740 889 839 947 usque
853 890 892 934 co
907 874 1034 950 dignita-

61 964 152 1017 tatem
166 957 240 1018 boni
255 955 389 1032 ignorat,
413 956 533 1017 utillud
547 957 587 1016 ad
601 956 678 1016 haec
692 955 724 1015 in
738 955 817 1016 diem
831 957 914 1017 utilia
929 959 1033 1018 demit-

61 1046 111 1100 tat.
144 1039 224 1114 Quid
234 1048 328 1116 ergo?
346 1057 407 1100 non
419 1057 456 1100 eo
468 1041 571 1116 potius
584 1056 688 1099 curam
699 1041 874 1111 transferes,
889 1048 922 1101 ut
933 1049 1077 1107 osten-12

61 1124 117 1184 das
133 1122 275 1184 omnibus
288 1139 398 1199 magno
410 1123 557 1200 temporis
570 1123 714 1198 inpendio
727 1123 832 1198 quaeri
843 1139 1035 1197 supervacua

60 1214 90 1267 et
109 1209 222 1267 multos
243 1208 391 1269 transisse
411 1208 518 1281 vitam,
547 1206 619 1266 dum
639 1206 720 1266 vitae
742 1208 941 1266 instrumenta
962 1223 1033 1266 con-

62 1291 206 1364 quiruntr
225 1307 415 1367 recognosce
429 1290 583 1366 singulos,
602 1289 763 1352 considera
773 1290 949 1350 universnm
967 1291 1033 1351 nul·

62 1375 118 1435 lius
139 1389 203 1434 non
223 1375 285 1436 vita
306 1380 425 1450 spectat
439 1375 471 1435 in
487 1374 661 1434 crastinum.
696 1372 774 1447 Quid
790 1375 820 1432 in
835 1373 894 1433 hoc
911 1374 951 1434 sit
963 1375 1033 1435 mali
1041 1387 1074 1442 13

63 1455 208 1533 quaerisr
235 1459 398 1519 inlinitum:
428 1458 590 1519 nonenim
610 1458 730 1530 vivunt,
754 1458 811 1518 sed
832 1457 938 1518 victuri
953 1467 1032 1519 sunt.

62 1542 162 1602 omnia
182 1540 333 1603 differunt.
368 1543 492 1603 Etiamsi
512 1541 759 1616 adtenderemus,
780 1548 880 1602 tamen
900 1558 958 1603 nos
972 1543 1033 1602 vita

60 1633 287 1701 praecurrerem
315 1643 395 1687 nunc
418 1642 491 1688 vero
513 1631 688 1686 cunctantes
710 1625 798 1700 quasi
818 1625 917 1685 aliena
935 1631 1032 1686 trans·

61 1709 154 1768 currit
173 1716 204 1769 et
218 1711 322 1770 ultimo
339 1711 389 1771 die
404 1710 515 1785 linitur,
537 1709 618 1769 omni
633 1710 719 1785 perit.
753 1708 815 1769 Sed
831 1724 870 1768 ne
884 1709 1032 1784 epistulae

59 1792 186 1852 modum
206 1793 369 1869 excedam,
399 1811 478 1868 quae
497 1810 559 1853 non
579 1793 670 1854 debet
688 1793 840 1854 sinistram
853 1808 976 1855 manum
990 1794 1032 1855 le-

59 1875 159 1951 gentis
180 1875 311 1952 inplere,
333 1876 365 1937 in
384 1879 475 1940 alium
496 1878 574 1937 diem
594 1878 674 1938 hanc
687 1877 769 1938 litem
784 1892 852 1936 cum
866 1876 1032 1939 dialecticis

59 1959 213 2035 differam,
232 1959 354 2022 nimium
370 1962 530 2022 subtilibus
545 1969 575 2021 et
588 1961 647 2021 hoc
660 1961 759 2023 solum
771 1961 954 2034 curantibus,
970 1976 1031 2021 non

59 2052 88 2104 ct
102 2043 173 2104 hoc.
208 2046 295 2104 Vale.

357 2180 573 2251 EPISTULA
593 2183 627 2238 V.
655 2183 725 2254 (46.)

312 2275 421 2328 Sarnos
438 2279 548 2329 Lucrrro
568 2289 619 2329 suo
639 2289 777 2329 sacurem.

99 2378 273 2440 ·Librum
301 2387 416 2453 tuum,
447 2397 555 2456 quem
580 2380 670 2441 mihi
690 2379 943 2455 promiseras,
970 2397 1059 2449 ac·1

56 2479 99 2522 cc
106 2463 144 2538 pi
166 2470 197 2522 et
208 2468 361 2538 tamquam
375 2465 510 2526 lecturus
526 2481 565 2525 ex
580 2464 741 2526 commodo
756 2464 902 2539 adaperui
916 2480 952 2523 ac
966 2471 1031 2523 tan·

55 2553 120 2607 tum
139 2545 303 2620 degustare
323 2547 415 2607 volui.
444 2548 554 2609 deinde
574 2547 728 2610 blanditus
746 2553 794 2608 cst
809 2547 892 2624 ipse,
915 2555 948 2608 ut
960 2564 1031 2622 pro-

55 2630 200 2689 cederem
210 2631 342 2704 longius.
365 2631 417 2706 qui
430 2648 523 2706 quam
535 2633 667 2694 disertus
681 2630 779 2707 luerit,
795 2648 833 2692 cx
843 2631 903 2692 hoc
914 2628 1030 2692 intelle-

54 2729 113 2788 gas
128 2712 213 2773 licet:
234 2714 311 2774 levis
326 2713 399 2775 mihi
413 2717 499 2776 visus
514 2725 575 2790 est,
597 2733 665 2777 curn
680 2725 833 2778 essetnec
847 2713 1031 2777 meinectui

55 2796 214 2871 corporis,
236 2798 292 2857 sed
307 2799 359 2872 qui
373 2799 471 2873 primo
487 2799 636 2876 adspectu
651 2807 704 2861 cut
716 2801 748 2858 T.
760 2799 836 2861 Livii
847 2807 898 2861 aut
907 2800 1031 2876 Epicuri

56 2885 168 2955 posset
185 2879 291 2939 videri.
325 2888 408 2942 tanta
429 2890 529 2950 autem
544 2883 705 2945 dulcedine
719 2900 768 2944 me
781 2884 876 2948 tenuit
890 2891 921 2944 et
933 2883 1032 2958 traxit,

55 2971 89 3023 ut
107 2963 191 3023 illurn
213 2964 280 3023 sinc
299 2966 362 3025 ulla
376 2965 518 3026 dilatione
533 2968 723 3043 perlegerim.
755 2969 802 3030 sol
816 2985 864 3029 mc
879 2968 1031 3042 invitabat,

57 3048 154 3106 rames
170 3047 368 3122 admonebat,
389 3049 486 3110 nubes
500 3050 705 3114 minabantur:
727 3058 827 3112 tamen
843 3051 972 3112 exhausi
988 3060 1031 3111 to-

56 3138 130 3191 tum.
164 3129 245 3191 Non
262 3136 407 3193 tantum
426 3132 660 3209 delectatus,
683 3135 926 3210 sedgavisus
941 3150 1061 3202 suma

58 3213 133 3288 quid
153 3213 267 3289 ingenii
288 3215 346 3276 iste
364 3215 483 3292 habuit,
507 3218 581 3291 quid
594 3218 701 3278 animit
729 3217 876 3290 dicerem,
900 3217 975 3292 quid
987 3218 1033 3277 in-

58 3304 165 3372 petus,
187 3298 214 3358 si
229 3297 492 3375 interquievisset,
514 3300 541 3361 si
556 3302 713 3362 intervallo
729 3300 927 3360 surrexisset:
952 3317 1032 3361 nunc

59 3399 120 3442 non
141 3382 196 3443 luit
215 3381 353 3458 inpetus,
381 3383 437 3443 scd
458 3390 553 3457 tenor,
577 3384 748 3459 conpositio
763 3382 859 3443 virilis
874 3390 904 3443 et
918 3391 1032 3443 sancta.

60 3465 257 3526 nihilominus
272 3465 493 3529 interveniebat
506 3468 595 3528 dulce
609 3468 683 3527 illud
697 3474 728 3528 et
740 3469 808 3529 loco
824 3469 900 3528 lene.
939 3467 1033 3528 Gran·
