2468 3930
251 239 421 301 EPISTUL.
436 238 531 301 MOR.
551 239 625 300 LIB.
641 238 705 300 XX.
726 238 784 298 ΕΡ.
795 246 822 302 7.
843 243 932 315 (tat.)
1013 236 1076 304 417

102 391 225 467 ligentia
240 390 358 451 comist
380 405 449 451 oum
468 389 552 450 illum
571 390 619 450 vel
640 388 786 450 effuderis
800 406 886 452 more
898 390 1077 454 Parthorum

102 476 151 535 vel
168 475 386 535 Germanorum
406 473 499 534 modo
519 473 654 534 vinxeris
675 474 739 548 vel,
764 482 797 535 nt
816 475 949 554 Scythae
969 476 1077 549 solent,

103 558 271 636 sparseris,
292 559 322 618 in
344 557 479 633 quolibet
492 574 573 635 equo
589 557 716 618 densior
726 558 886 621 iactabitur
898 559 984 633 iuba,
1006 559 1076 619 hor-

102 642 180 704 rebit
194 643 223 701 in
240 643 360 702 leonum
376 642 496 703 cervice
507 641 680 703 formosior.
703 658 771 702 curn
787 650 816 703 te
830 644 870 703 ad
885 644 1077 705 velocitatem

104 724 279 803 paraveris,
293 742 351 802 por
364 727 526 803 lepusculo
540 742 602 786 nnn
618 724 689 785 oris.
703 724 761 787 Vis
775 733 809 786 tu
821 728 951 804 relictis,
966 728 996 789 in
1013 729 1122 805 qui-na

103 810 163 871 bus
180 810 258 870 vinei
279 816 309 870 te
331 824 463 871 necesse
478 817 540 883 est,
562 809 635 871 dum
654 808 686 868 in
706 807 806 870 aliena
826 809 948 887 niteris,
968 812 1009 872 od
1023 812 1077 872 bo-

104 910 175 954 nnm
188 893 300 954 reverti
311 899 417 955 tuum?
443 893 527 968 quod
543 897 590 953 est
604 891 686 953 hoe?
708 893 827 955 animus
844 895 961 956 seilicet
975 912 1077 956 emen-

102 977 192 1039 datus
206 992 242 1037 ao
253 993 359 1052 purus,
371 979 539 1038 aemulator
549 976 610 1050 dei,
621 993 715 1052 super
725 977 859 1040 humana
869 994 905 1039 se
917 980 1077 1055 extollens,

101 1062 174 1121 nihil
186 1068 272 1122 extra
287 1077 322 1122 se
336 1060 384 1122 sui
396 1075 527 1136 ponens.
548 1060 708 1122 Rationale
719 1061 829 1123 animal
841 1078 891 1123 es=
908 1063 992 1138 quod
1004 1079 1077 1139 ergo

101 1145 131 1205 in
151 1153 182 1206 to
195 1144 309 1206 bonurn
328 1151 395 1205 ostt
421 1145 557 1220 perlecta
570 1142 662 1205 ratio:
683 1144 763 1206 hanc
777 1152 810 1206 tu
827 1147 867 1207 ad
882 1163 972 1208 suurn
986 1147 1077 1207 finem

102 1244 214 1304 evoca,
227 1229 257 1288 in
274 1235 419 1304 quantum
434 1235 537 1305 potest
551 1229 711 1304 plurimum
727 1245 878 1293 erescere.
906 1232 990 1292 Tuno
1005 1231 1074 1292 bea·
1085 1230 1123 1284 24

100 1319 163 1374 turn
181 1328 253 1374 esse
270 1320 300 1373 te
315 1313 431 1388 indica,
455 1329 524 1374 oum
538 1312 591 1373 tibi
606 1327 646 1372 ex
660 1319 690 1374 te
703 1313 849 1388 gaudium
864 1330 955 1376 omne
969 1330 1076 1378 nasce·

100 1405 163 1474 tur,
186 1413 255 1457 cum
271 1395 301 1457 in
316 1397 398 1471 istis,
423 1412 503 1472 quae
516 1397 656 1458 homines
671 1395 816 1474 eripiunt,
837 1406 958 1475 optant,
974 1405 1076 1461 eusto-

100 1482 201 1555 diunt,
222 1481 296 1541 nihil
312 1481 482 1556 inveneris,
504 1497 565 1542 non
586 1481 656 1542 dioo
679 1483 763 1556 quod
784 1484 889 1559 malis,
912 1483 969 1545 sed
994 1483 1077 1561 quod

102 1566 187 1627 velis.
217 1564 348 1626 Brevem
360 1566 414 1626 tibi
428 1564 588 1626 formulam
605 1565 703 1640 dabo,
725 1582 786 1642 qun
798 1574 829 1628 to
843 1567 994 1643 metiaris,
1016 1584 1078 1644 qua

100 1651 267 1726 perlectum
288 1665 359 1710 osse
372 1650 431 1710 iam
449 1649 579 1711 sentias=
596 1657 669 1710 tuno
683 1649 812 1712 habebis
826 1658 926 1727 tunm,
946 1669 1015 1714 oum
1031 1653 1076 1714 in·

100 1737 226 1811 telleges
241 1732 468 1796 infelicissimos
484 1748 557 1796 esse
571 1732 687 1797 felices.
709 1735 796 1801 Vale.

149 3579 250 3622 sennen
264 3582 332 3623 nnn.
348 3566 392 3623 ltt.
