2468 3930
195 224 257 286 460
496 229 526 283 L.
538 226 709 285 ANNAEUS
724 225 866 285 SENECA

194 382 266 437 lecto
276 381 371 452 ligneo
383 396 420 435 an
430 380 458 435 in
469 397 555 437 aureo
567 382 704 436 collocem
719 395 895 451 quocumque
906 380 982 434 illum
993 382 1178 454 transtuleris,

194 465 322 520 morbum
336 473 417 519 suum
433 480 529 519 secum
544 467 705 521 transieram
722 464 762 519 sic
777 462 846 519 nihil
864 465 962 532 refert,
980 469 1071 520 utrum
1090 482 1179 539 aeger

194 548 302 603 animus
322 547 351 601 in
375 547 478 604 divitiis
498 562 534 603 an
555 548 584 604 in
604 551 767 621 paupertate
789 547 839 603 sits
870 547 972 603 malum
995 562 1078 604 suum
1100 550 1176 606 illum

194 632 328 701 sequitur.
701 685 705 692 ,

127 716 187 780 18,7
244 714 301 769 ,Ad
320 713 498 770 securitatem
517 729 574 769 non
593 719 636 769 est
657 729 728 786 opus
747 715 866 772 fortuna.
889 715 965 787 quod
984 715 1058 772 enim
1077 733 1176 774 neces·

194 798 266 854 sitati
285 802 328 853 sat
347 802 405 866 est,
428 796 518 868 dabit,
538 797 603 853 licet
616 797 694 854 irata.

126 884 186 953 18,8
254 881 296 938 Νε
310 881 462 953 imparatos
478 896 530 936 nos
546 882 655 937 tonuna
671 879 880 953 deprehendat,
901 880 949 938 frat
960 882 1040 939 nobis
1052 899 1176 956 pauper·

193 971 236 1022 tas
251 965 402 1021 familiaris.
432 962 564 1022 Securius
579 964 680 1022 divites
692 964 810 1035 erimus,
828 965 852 1020 si
864 965 1000 1037 sciemus,
1023 981 1107 1037 quam
1118 982 1176 1023 non

194 1048 229 1104 sit
244 1065 333 1122 grave
347 1063 488 1120 pauperes
507 1065 581 1104 esse.

111 1135 187 1204 18,12
255 1133 350 1204 Incipe
366 1148 429 1187 cum
443 1136 608 1204 paupertate
624 1130 730 1188 habere
746 1131 967 1188 contubernium.

277 1215 356 1272 Ande
368 1215 468 1288 hospes
481 1220 652 1272 contemnere
665 1228 744 1288 opes,
761 1219 823 1272 ette
836 1229 941 1288 quoque
954 1215 1065 1290 dopmno

277 1299 363 1372 Ftnqe
376 1299 436 1357 deo.

193 1382 281 1440 Nemo
299 1383 369 1439 alius
389 1383 492 1455 dignus
509 1381 563 1439 deo
578 1388 634 1453 est,
656 1383 710 1439 nisi
725 1381 773 1455 qui
787 1397 857 1454 opes
872 1383 1046 1457 contempsit
1082 1382 1175 1453 Quare

192 1467 390 1539 possessiones
411 1467 459 1523 tibi
479 1483 534 1523 non
549 1465 698 1533 interdico,
723 1465 776 1523 sed
788 1464 902 1523 efficere
916 1468 998 1538 voto,
1013 1473 1043 1524 ut
1056 1468 1119 1536 illas
1133 1469 1175 1524 in·

192 1550 301 1623 trepide
321 1550 480 1623 possideas.
504 1551 580 1622 quod
599 1567 656 1607 uno
677 1550 859 1621 consequeris
881 1549 981 1622 modo,
1002 1551 1027 1608 si
1046 1556 1074 1608 te
1093 1554 1174 1610 ctiam

193 1635 253 1690 sina
275 1635 328 1690 illis
350 1636 423 1691 benc
444 1635 581 1692 victurum
601 1634 776 1707 speraveris,
801 1639 828 1690 et
843 1632 867 1690 si
881 1634 943 1690 illas
959 1639 1101 1707 tamquam
1115 1637 1174 1694 exi-

192 1721 268 1772 turas
290 1717 465 1789 adspexeris.

124 1806 186 1871 ιο]
255 1800 388 1858 Discedat
399 1801 524 1872 quisquis
535 1816 592 1856 non
605 1807 640 1868 te,
651 1801 705 1859 sad
716 1801 793 1858 aliud
804 1802 832 1858 in
842 1808 869 1858 te
881 1804 1059 1874 sequebatur.
1071 1806 1108 1861 ob
1118 1803 1174 1861 hoc

193 1899 279 1939 unum
295 1889 338 1940 est
351 1883 473 1941 amanda
487 1889 656 1957 paupertas,
673 1886 749 1957 quod
763 1886 893 1957 aquibus
903 1887 1021 1957 ameris,
1040 1888 1171 1945 ostendit.

108 1973 187 2036 tulo
255 1967 370 2023 Multum
382 1974 438 2038 est,
453 1984 510 2025 non
521 1970 660 2041 corrumpi
671 1969 1030 2029 divitiarumcontuhernio.
1051 1970 1173 2045 Magnus

191 2051 236 2108 ille
252 2056 307 2122 est,
330 2050 377 2122 qui
392 2052 420 2107 in
435 2053 538 2111 divitiis
551 2069 661 2126 pauper
675 2059 727 2108 est.

107 2140 185 2203 auls
253 2133 342 2192 Nemo
364 2137 486 2194 nascitur
506 2136 596 2195 dives.
628 2136 759 2208 Quisquis
780 2137 836 2194 exit
855 2137 1000 2209 inlucem,
1023 2138 1116 2196 iussus
1131 2146 1173 2196 est

190 2236 264 2292 pane
288 2224 315 2277 et
337 2221 408 2277 lacte
430 2239 495 2278 esse
515 2224 677 2278 contentus:
707 2223 742 2278 ab
762 2220 808 2278 his
828 2221 913 2278 initiis
934 2238 1024 2295 regna
1042 2238 1094 2281 nos
1115 2240 1171 2280 non

193 2304 316 2377 capiunt.

123 2393 186 2458 25,4
253 2389 359 2445 Panem
374 2394 402 2445 et
416 2403 518 2460 aquam
534 2394 632 2444 natura
648 2385 800 2445 desiderat.
827 2404 911 2446 nemo
926 2389 1049 2447 adhaec
1063 2406 1172 2463 pauper

191 2479 243 2528 est.
265 2471 337 2529 intra
351 2488 423 2542 quae
437 2473 462 2528 si
477 2473 539 2543 quis
554 2470 725 2529 desiderium
741 2487 823 2528 suum
837 2473 931 2544 clusit,
950 2490 1013 2530 cum
1027 2473 1089 2546 ipso
1103 2476 1171 2532 iove

192 2555 228 2613 de
242 2556 371 2613 felicitate
386 2554 546 2612 contendat.

122 2641 183 2709 36‚1
253 2639 310 2694 Res
328 2639 452 2711 inquieta
472 2639 587 2697 felicitas
608 2646 665 2709 est,
691 2640 754 2711 ipsa
771 2655 805 2695 ‘se
820 2640 955 2712 exagitat,
979 2648 1073 2700 movet
1092 2657 1171 2698 cere·

189 2724 270 2777 brum
284 2723 384 2776 nonin
400 2737 456 2778 uno
471 2737 592 2793 generes
615 2723 684 2779 alios
702 2722 730 2777 in
747 2724 849 2779 cultum
864 2723 967 2794 irritat,
992 2725 1062 2784 alios
1078 2727 1107 2782 in
1119 2742 1170 2798 po-

189 2805 319 2874 tentiam,
341 2805 411 2861 aiios
427 2803 519 2874 inflat,
540 2806 609 2862 alios
623 2806 719 2863 mollit.
765 2860 766 2865 ,

121 2891 183 2957 doti
252 2885 282 2944 Si
304 2887 348 2944 vis
370 2888 459 2958 scire,
481 2902 564 2959 quam
580 2889 647 2946 nihil
662 2890 727 2947 mali
740 2891 777 2946 sit
791 2891 819 2947 in
832 2897 1011 2964 paupertate,
1039 2908 1171 2964 compara

188 2972 260 3029 inter
278 2989 309 3028 se
322 2973 430 3031 vultum
443 2973 577 3045 pauperis
592 2979 620 3030 et
633 2973 741 3031 divitias
764 2975 878 3048 saepius
892 2991 1001 3049 pauper
1016 2981 1045 3033 at
1058 2975 1169 3032 fidelius

190 3057 277 3114 ridet:
307 3059 382 3114 nulia
402 3056 587 3114 sollicitudine
610 3058 777 3128 conuertitur,
799 3059 828 3115 in
849 3060 904 3117 aito
926 3065 978 3117 est.
1005 3075 1073 3118 cura
1094 3061 1170 3119 velut

189 3143 278 3198 nubes
291 3142 363 3200 levis
375 3142 486 3198 transit=
504 3141 619 3213 horum,
637 3143 683 3215 qui
694 3141 790 3198 felices
802 3148 954 3213 vocantur,
969 3143 1094 3207 hilaritas
1105 3142 1170 3201 ficta

190 3232 247 3282 ests
268 3227 334 3284 huic
349 3227 445 3300 gravis
468 3232 496 3284 ct
512 3243 644 3299 suprema
658 3226 804 3298 superbia,
828 3227 893 3285 licet
915 3243 973 3284 non
991 3230 1099 3301 palam,
1121 3229 1169 3283 tri·

234 3310 262 3367 ia
277 3316 332 3378 est,
356 3327 390 3368 ec
408 3310 662 3384 quidemquider,
680 3310 757 3382 quod
771 3311 911 3369 interdum
925 3328 981 3369 non
997 3314 1063 3370 licet
1075 3313 1176 3386 palam

272 3396 407 3465 miseros,
430 3395 483 3451 sed
504 3395 575 3453 iuter
596 3412 743 3453 arumnas
765 3412 814 3451 cor
834 3397 927 3470 ipsum
947 3397 1102 3455 exedentes
1119 3413 1168 3453 ne·

260 3492 271 3537 a
290 3485 333 3535 eat
348 3495 434 3551 agere
449 3479 566 3536 felicem.
