2468 3930
187 245 256 311 454
499 250 682 307 motuum
698 248 861 307 SENECAE

238 421 278 461 es.
300 419 365 459 nam
386 419 464 458 amor
480 401 621 474 pecuniae
643 402 760 459 avaritie
776 407 834 458 est:
859 402 950 458 minus
967 401 1042 458 hanc
1056 404 1175 476 amabis,

236 487 310 544 hooc
323 487 430 559 optabis
445 486 546 540 minus.
570 501 634 540 nom
647 491 674 539 et
687 485 755 541 illud
766 485 907 541 satiricum
915 486 1114 559 experimento
1127 505 1174 545 co·

238 572 353 643 gnitum,
367 570 443 642 quod

422 653 513 707 minus
522 650 598 708 hanc
609 656 698 723 optat,
718 652 765 724 qui
775 650 938 707 nonhabet.

233 736 361 810 optando
374 742 468 793 autem
485 735 600 792 omissio
619 735 766 806 estmagni
778 735 861 790 etiem
873 735 952 805 boni,
970 735 1015 790 cui
1027 737 1173 810 insepera-

236 821 291 877 bile
305 822 408 875 melum
419 820 507 875 maius
520 819 680 875 adiunctum
691 819 735 874 sil.
762 819 860 874 Plures
871 819 957 873 multo
971 826 1089 892 propter
1103 838 1173 894 opes

238 920 321 976 quom
332 908 447 976 propter
459 903 582 973 inopiam
592 902 714 974 periere.

169 1010 185 1062 1
280 1007 341 1062 Xll.
367 1005 526 1077 „Oculos
550 1005 732 1078 perdidi.“
763 1005 852 1062 Habet
879 1010 906 1060 et
927 1020 984 1060 nox
1003 1022 1071 1062 suos
1093 1008 1160 1064 volu

213 1097 296 1149 tates.

193 1109 212 1166 p
258 1173 384 1246 „Oculos
406 1171 547 1244 perdidi.“
586 1171 676 1240 Quem
693 1171 787 1227 multis
806 1171 1004 1244 cupiditatibus
1020 1172 1072 1230 vic
1085 1172 1173 1228 incise

195 1263 254 1315 est!
274 1274 358 1329 quarn
379 1257 471 1312 multis
489 1255 647 1311 hominibus
666 1255 790 1325 carebis,
813 1270 884 1326 quos
904 1256 1172 1326 nevilerevellem,

192 1344 242 1400 vel
260 1340 376 1398 eruendi
392 1343 484 1396 erent!
506 1355 562 1395 non
578 1339 711 1412 intelligis
722 1344 831 1412 partem
841 1340 1020 1396 innocentiae
1029 1355 1096 1396 esse
1108 1355 1172 1395 cec-

166 1427 329 1482 icitotemi
352 1423 417 1480 huic
432 1424 504 1480 oculi
517 1424 684 1480 odolerium
691 1428 864 1493 mmnstrant,
875 1423 940 1479 huic
948 1423 1097 1494 incestum,
1108 1422 1173 1478 huic

196 1509 310 1567 domurn
324 1524 408 1580 quem
422 1507 615 1580 concupiscat,
630 1507 695 1563 ho'ic
707 1509 817 1563 urbemr
830 1507 1002 1563 irritamento
1013 1513 1078 1564 sunt
1090 1507 1172 1566 vitio-

194 1609 273 1664 rum,
296 1593 383 1649 duces
396 1593 550 1662 scelerum,
568 1584 856 1666 [tomentomelitincl.

165 1697 184 1752 3
277 1691 432 1749 ADDITIO.
468 1690 596 1763 „Oculos
611 1692 752 1764 perdidi.“
781 1690 883 1764 Oquo't
900 1691 983 1747 simul
1002 1691 1079 1753 vitre
1095 1690 1171 1746 fasti-

237 1775 457 1848 diuperdidisti,
475 1780 542 1845 quot
562 1775 645 1832 foeda
660 1773 1012 1849 spectaculorum'ludibria
1022 1789 1080 1830 non
1091 1773 1172 1831 ville·

233 1859 294 1917 bist
316 1858 409 1914 Multis
420 1858 494 1915 vitiis
507 1861 678 1915 obstructum
688 1860 750 1916 iter.

279 1941 399 2013 „Oculis
418 1943 531 1997 care0.“
554 1941 648 2016 Culpis
660 1960 772 1999 cereres
780 1943 925 2015 plurimis,
939 1941 964 1998 si
976 1939 1021 1996 his
1030 1947 1171 2013 perpetuo

238 2042 387 2083 caruisses.

166 2116 185 2171 4
279 2110 439 2182 „Auditum
455 2109 595 2183 perdidit
615 2110 797 2166 Adulantium
811 2111 867 2166 iam
879 2125 1010 2168 susurros
1022 2113 1106 2180 utque
1121 2108 1171 2163 ob·

236 2194 414 2251 trectantium
424 2195 516 2266 iurgia
528 2194 653 2252 evasisti.

279 2279 395 2351 „Mutus
407 2280 495 2335 lactus
504 2279 593 2337 sum.“
609 2277 758 2334 Perdidisti
768 2277 922 2334 mentiendi
930 2275 1170 2334 consuetudinem.

237 2359 267 2419 Si
280 2363 348 2419 muti
364 2363 481 2418 luissent
493 2360 593 2418 Uicero
606 2367 633 2418 et
643 2361 863 2432 Demosthenes,
881 2361 1024 2418 etoiutius
1036 2360 1171 2418 vixissent

236 2452 264 2502 et
275 2447 365 2502 lenius
381 2446 524 2515 obiissent.

161 2573 177 2625 l
273 2565 345 2625 Xlll.
368 2565 690 2636 „Amisi.liberos.“
709 2562 819 2622 Stultos
830 2564 939 2636 es,·qui
950 2561 1040 2621 defles
1052 2569 1171 2619 mortem

192 2650 358 2708 mortalium.
377 2647 444 2719 quid
456 2648 517 2703 istic
529 2653 576 2703 aut
587 2664 693 2706 novum
704 2654 751 2705 aut
761 2648 939 2704 mirumestt
961 2663 1046 2720 quem
1052 2662 1118 2704 roro
1129 2651 1172 2701 est

194 2733 255 2788 sine
266 2732 318 2787 isto
331 2747 399 2787 cusu
410 2730 533 2788 domus?
551 2730 638 2804 Quid,
651 2731 675 2787 si
685 2731 825 2788 infelicem
836 2748 923 2790 voces
934 2733 1079 2803 erbonem,
1096 2728 1172 2802 quod

162 2820 283 2875 istunte
294 2813 584 2887 lpsemcumpomat
608 2814 695 2872 ethic
711 2821 774 2872 tuus
790 2817 894 2872 tructus
909 2822 961 2872 est
991 2813 1081 2873 Nemo
1094 2819 1172 2870 extro

188 2899 277 2955 ictum
288 2898 413 2956 vulneris
424 2899 533 2970 positus
545 2905 602 2956 esta
621 2900 759 2957 ducumur
767 2915 805 2957 cx
813 2898 927 2972 plebeio
934 2899 1022 2956 como
1031 2899 1172 2955 inmotum

193 2983 303 3055 funera,
317 2982 455 3039 ducuntur
468 2989 498 3040 et
515 2999 551 3040 ex
568 2984 656 3056 regio.
676 2983 742 3040 lton
753 2989 800 3041 est
815 2983 893 3041 idem
905 2983 956 3040 icti
974 2982 1062 3054 orde,
1084 2982 1172 3055 quiet

191 3068 299 3124 aetolis.
326 3082 383 3122 non
394 3067 535 3140 quomodo
551 3068 670 3139 quisque
682 3069 774 3138 venit,
783 3067 928 3124 emittitur.
943 3065 1067 3140 puidhic
1077 3070 1171 3122 tomen

191 3157 243 3224 est,
259 3151 336 3224 quod
346 3151 523 3224 indigneris?
535 3152 601 3222 quid
613 3156 709 3207 contro
714 3151 957 3224 exspectationem
967 3155 1044 3207 tuem
1053 3148 1171 3206 evenit?

189 3236 302 3307 periere
314 3235 441 3309 perituri.

158 3345 178 3402 3
252 3331 337 3404 „Sed
347 3349 402 3406 ego
414 3333 477 3390 illos
488 3333 654 3407 superstites
664 3335 862 3407 optaveram.“
889 3331 1015 3391 Sedlooc
1026 3348 1110 3389 nemo
1121 3331 1171 3388 tibi

187 3418 366 3488 promiserat.

246 3500 418 3572 „Perierunt
434 3501 514 3556 liberi
532 3501 617 3558 mei.“
646 3501 792 3559 Hebebcnt
803 3502 859 3574 illi,
876 3501 955 3558 cuius
971 3505 1068 3558 essem
1079 3499 1171 3574 magis
