2468 3930
418 295 420 299 .
479 247 713 308 FRAGMENTA.
1015 241 1078 306 431

100 407 196 474 petum
218 405 244 456 et
263 402 337 458 male
356 402 516 458 mulctatum
531 401 739 474 fugientemque
755 401 803 456 diu
818 404 984 473 persecutae
1004 405 1077 456 sunt.

102 483 230 552 Quodam
250 488 342 540 autem
363 490 490 558 tempore
514 501 599 556 quum
612 484 718 541 infinita
738 485 866 542 convicia
884 500 920 540 ex
940 484 1078 556 superiori

100 586 163 625 ,666
178 569 316 640 ingerenti
332 568 509 641 Xanthippae
526 569 687 638 restitisset,
702 584 776 639 aqua
789 570 921 641 pertusus
934 566 1079 623 immunda

101 652 168 707 nihil
190 652 309 724 amplius
331 653 476 725 respondit
497 658 581 723 quam
601 653 692 724 capite
716 652 842 708 detersos
864 652 1023 723 „sciebam‚
1037 651 1079 706 in·

102 737 175 806 quit,
188 737 322 807 futurum,
337 742 367 791 61
377 738 431 792 ista
444 737 565 792 tonitrua
580 736 669 792 imber
683 736 878 806 sequeretur.“.

163 819 194 874 L.
210 818 320 890 Sullae,
343 821 445 889 leticie,
466 822 490 875 si
504 836 561 875 non
575 818 721 877 habuisset
733 835 865 890 uxorem,
875 819 998 875 Metella
1012 835 1078 875 con·
1091 826 1126 882 63

100 905 149 958 iux
161 905 256 976 palam
272 908 332 959 6161
344 904 494 976 impudica,
511 904 628 974 666616
639 903 784 960 novissimi
798 904 871 958 mala
887 909 982 958 nostra
994 902 1078 958 disci-

101 1003 175 1058 mus,
188 987 217 1042 id
230 986 349 1043 Athenis
362 989 524 1043 cantabatur
535 992 562 1043 61
574 984 652 1043 Sulla
665 987 825 1059 ignorabat,
846 990 1011 1056 secretaque
1027 986 1078 1041 do-

101 1088 163 1126 mus
178 1087 248 1126 suae
259 1071 380 1143 primum
394 1071 516 1126 hostium
527 1069 654 1128 convicio
670 1070 786 1126 didicit·
805 1068 855 1125 Gn.
870 1069 1004 1141 Pompeio
1018 1069 1079 1124 Mu·
1091 1065 1126 1120 64

102 1155 172 1210 ciam
186 1169 304 1210 uxorem
318 1155 504 1227 impudicam,
525 1169 609 1225 quarn
622 1154 725 1209 Pontici
741 1153 883 1226 spadones
898 1158 926 1209 61
935 1151 1079 1214 Mithrida-

102 1239 171 1294 ticae
187 1239 346 1294 ambiebant
361 1245 507 1309 catervae,
522 1254 685 1310 6616661116
700 1244 830 1309 putarent
845 1236 931 1293 ceteri
945 1236 1080 1293 scientem

100 1323 169 1394 pati,
190 1322 325 1379 indicavit
338 1322 366 1376 in
382 1321 562 1394 expeditione
577 1322 725 1377 commilito
742 1327 769 1378 et
783 1322 919 1378 victorem
935 1321 1018 1376 totius
1034 1335 1079 1374 or-

100 1406 143 1462 bis
154 1406 224 1461 tristi
240 1406 342 1461 nuncio
366 1407 564 1463 consternavit.
592 1405 630 1460 M.
648 1403 715 1461 Cato
735 1404 886 1462 Censorius
901 1403 998 1459 habuit
1012 1419 1082 1459 uxo-
1093 1402 1127 1458 66

100 1506 161 1544 rem
180 1489 323 1545 Actoriam
335 1490 450 1546 Paulam
464 1488 562 1545 humili
581 1490 644 1545 loco
659 1494 769 1560 natam,
789 1490 975 1557 vinolentam,
991 1488 1081 1560 impo-

102 1578 206 1629 tentem
222 1580 265 1640 et,
282 1573 358 1645 quod
373 1590 456 1629 nemo
469 1578 568 1645 posset
582 1572 716 1642 credere,
739 1571 836 1629 Catoni
850 1572 1012 1645 superbam.
1026 1570 1082 1627 hoc

103 1657 167 1713 ideo
180 1656 259 1725 dico,
274 1658 384 1728 nequis
399 1663 492 1730 putet,
507 1658 531 1713 si
545 1673 701 1731 pauperem
713 1656 830 1727 duxerit,
842 1657 909 1713 satis
921 1674 952 1712 se
965 1671 1081 1713 concor·

105 1741 169 1796 diae
186 1741 357 1813 providisse.

167 1823 278 1897 16166.
292 1827 352 1882 191.
384 1823 457 1891 Quid
472 1824 592 1882 referam
601 1826 776 1900 Pasiphaen,
792 1824 1043 1898 Clytaemnestram
1055 1819 1129 1878 6166

101 1908 281 1980 Eriphylam,
310 1925 427 1980 quarum
451 1910 543 1982 prima
567 1910 675 1967 deliciis
702 1909 848 1979 diffluens,
875 1909 979 1981 quippe
1003 1906 1091 1979 regie·

103 2009 185 2057 uxor,
205 1993 277 2047 tauri
299 1993 398 2049 dicitur
412 1994 554 2064 expetisse
573 1996 755 2064 concubitus,
776 1995 863 2049 altera
884 1988 1096 2048 occidissesvi?

100 2092 162 2131 rum
178 2078 213 2131 ob
230 2092 355 2132 amorem
369 2076 503 2146 adulteri,
517 2078 598 2133 tertia
612 2078 774 2149 prodidisse
784 2075 987 2148 Amphiaraum
998 2080 1025 2130 et
1036 2089 1081 2128 sa-

100 2160 150 2214 luti
164 2159 219 2215 viri
242 2159 344 2214 monile
360 2174 476 2213 aureum
492 2161 670 2230 praetulisse.
704 2159 846 2230 Quidquid
859 2157 1025 2231 tragoediae
1040 2162 1080 2211 tu·
1092 2159 1126 2218 67

101 2247 177 2298 ment
196 2247 223 2296 61
242 2240 357 2310 domos,
378 2242 463 2297 urbes
478 2258 622 2314 regnaque
634 2243 784 2311 subvertit,
803 2257 921 2298 uxorum
935 2241 1079 2314 pellicum-

102 2343 157 2397 que
176 2325 314 2398 contentio
333 2331 384 2385 est.
406 2332 548 2382 armantur
566 2332 714 2400 parentum
728 2327 757 2381 in
777 2325 879 2382 liberos
896 2339 1011 2392 manus,
1032 2338 1081 2378 ne-

101 2410 204 2466 tandae
217 2415 394 2482 apponuntur
406 2409 508 2481 epulae
519 2415 546 2466 61
559 2414 675 2482 propter
686 2410 768 2465 unius
781 2409 961 2466 mulierculae
973 2411 1081 2479 raptum

100 2495 215 2567 Europa
236 2501 319 2565 atque
335 2493 405 2553 Asia
429 2493 576 2550 decennali
591 2495 665 2550 bello
680 2491 842 2565 confligunt.
875 2491 1019 2561 Quasdam
1035 2507 1080 2547 re·
1094 2496 1130 2557 68

100 2579 230 2650 pudiatas
246 2582 332 2636 611616
348 2578 506 2652 nuptiarum
528 2578 576 2634 die
590 2579 680 2636 statim
696 2578 827 2652 nupsisse
847 2577 981 2650 legimusc
1006 2581 1082 2631 uter-

102 2678 156 2732 666
171 2663 424 2735 reprehendendus
439 2662 569 2733 maritus,
591 2667 618 2721 et
633 2664 677 2719 cui
692 2668 749 2718 tam
764 2662 817 2718 cito
833 2660 978 2735 displicuit
989 2664 1017 2715 et
1037 2659 1082 2715 cui

101 2751 158 2800 tam
173 2747 226 2801 cito
241 2749 355 2818 placuit.

164 2826 236 2888 Ibid.
248 2847 280 2901 p.
297 2835 358 2889 188·
389 2829 436 2888 Ad
455 2830 598 2888 Romanas
621 2831 739 2888 laminas
762 2835 903 2887 transeam
921 2833 948 2884 et
962 2827 1126 2901 6116166166

101 2927 207 2984 ponam
219 2913 389 2983 Lucretiam,
404 2930 477 2986 quae
488 2914 773 2987 violataepudicitiae
784 2916 883 2970 nolens
895 2910 1081 2984 supervivere

101 2996 241 3051 maculam
261 2997 387 3068 corporis
410 3013 509 3053 cruore
531 2999 643 3056 delevit
667 2994 723 3072 [6.]
746 2998 888 3066 Duellius,
912 2995 959 3066 qui
972 2994 1079 3067 primus
1091 2996 1126 3052 70

100 3079 209 3136 Romae
231 3080 325 3137 navali
345 3080 494 3136 certamine
514 3080 710 3153 triumphavit,
731 3080 830 3136 Bitiam
850 3079 989 3151 virginem
1004 3074 1082 3130 duxit

100 3181 234 3235 uxorem,
251 3169 345 3220 tantae
360 3164 527 3237 pudicitiae,
541 3171 572 3221 61
585 3165 632 3220 1116
647 3180 759 3236 666666
774 3165 870 3220 6661116
884 3177 937 3235 pro
950 3160 1079 3231 exemplo

101 3250 197 3320 tuerit,
216 3267 271 3321 quo
286 3248 458 3322 impudicitia
475 3252 630 3306 monstrum
643 3252 715 3313 erat,
732 3262 789 3302 non
801 3247 908 3304 vitium.
925 3245 950 3300 is
964 3244 1019 3298 iam
1035 3259 1080 3298 se·

100 3348 156 3388 nex
178 3341 205 3390 et
225 3335 353 3391 trementi
370 3349 489 3404 corpore
505 3332 534 3388 in
552 3332 674 3404 quodam
688 3331 779 3403 iurgio
797 3329 903 3389 audivit
917 3328 1080 3401 exprobrari

101 3416 154 3472 sibi
168 3435 200 3475 66
218 3419 366 3489 foetidum,
388 3423 415 3474 et
431 3418 514 3474 tristis
526 3434 558 3474 66
570 3417 684 3474 domum
699 3416 825 3487 contulit,
841 3428 982 3486 quumque
998 3411 1079 3468 uxori

102 3508 215 3572 questus
231 3510 321 3576 esset,
337 3519 424 3576 quare
436 3519 578 3576 nunquam
591 3519 622 3559 se
639 3501 805 3568 monuisset,
821 3504 850 3556 ut
862 3498 928 3556 hnic
939 3498 1007 3558 vitio
1019 3513 1079 3554 166-

1164 563 1181 594 0
