2468 3930
135 228 177 292 62
427 227 460 286 L.
479 226 626 287 ANNAEI
646 225 822 288 SENECAE

133 382 192 443 nisi
204 381 289 458 quod
303 395 420 441 animus
436 395 475 438 ex
491 395 526 439 se
541 377 600 439 sibi
614 379 738 440 invenit.
760 381 846 442 sola
860 376 988 440 virtus
1003 393 1109 454 prae

133 473 211 526 stat
233 463 414 540 gaudium
435 470 678 538 perpetuum,
701 479 858 526 secururm
881 463 971 524 etiam
993 461 1110 537 siquid

134 549 248 623 obstat,
271 546 396 609 nubium
412 546 504 607 modo
519 547 696 621 intervenit,
718 563 799 623 quae
811 548 890 608 inira
904 547 1041 608 feruntur
1053 562 1112 608 nee

105 643 278 708 4umquam
298 632 378 693 diem
397 631 552 691 vincunt.“
586 631 715 705 Quando
735 631 856 692 adhoc
877 631 1022 705 gaudium
1042 645 1111 706 per·

132 716 237 777 venire
249 717 425 790 coniugata
450 730 512 775 non
528 714 653 790 quidem
668 722 808 776 cessatur
822 715 938 787 adlruo,
955 715 1012 776 sed
1025 713 1111 776 lesti-

133 807 230 861 netur.
258 803 414 861 multum
434 805 561 860 restat
580 798 729 875 operis,
754 800 791 859 in
814 799 916 874 quod
941 797 1030 873 ipse
1051 815 1111 858 ne·

134 899 248 946 cesse
267 890 330 945 est
349 882 541 957 vigiliam,
563 882 651 957 ipse
670 883 843 944 laborem
857 889 962 944 tuum
976 881 1110 957 inpen-

133 968 218 1042 das,
240 969 267 1029 si
287 967 368 1028 effici
389 966 488 1041 cupis.
510 966 733 1041 delegationem
756 983 808 1027 res
830 967 890 1026 ista
908 982 970 1026 non
990 965 1107 1041 recipit

104 1051 224 1112 aaliud
239 1051 391 1112 literarum
404 1066 503 1125 genus
518 1049 701 1110 adiutorium
720 1049 862 1111 admittit:
885 1049 1036 1110 calvisius
1054 1049 1108 1110 Sa-

132 1135 223 1197 binus
236 1135 382 1195 memoria
395 1141 501 1195 nostra
515 1134 571 1194 luit
585 1135 683 1194 dives.
705 1142 735 1196 et
750 1134 964 1209 patrimonium
977 1131 1108 1195 habebat

131 1219 261 1280 libertini
282 1226 311 1279 et
333 1216 505 1292 ingenium
533 1234 700 1294 numquam
723 1217 786 1278 vidi
807 1218 960 1278 hominem
984 1217 1108 1278 beatum

132 1303 333 1365 indecentius.
364 1300 442 1361 Huic
455 1302 601 1362 memoria
617 1308 679 1363 tam
699 1303 785 1363 mala
801 1309 881 1376 erat,
907 1307 941 1362 ut
959 1301 1002 1361 illi
1015 1300 1107 1362 modo

132 1402 243 1447 nomen
263 1386 362 1448 Ulixis
384 1385 553 1460 excideret,
579 1387 671 1446 modo
697 1386 841 1460 Achillis,
872 1385 966 1446 modo
988 1382 1107 1458 Priami,

133 1477 287 1545 questam
309 1470 388 1529 bene
408 1476 537 1530 noverat
557 1485 649 1544 quam
664 1470 864 1545 paedagogos
880 1476 1006 1530 nostros
1021 1466 1106 1530 novi·

133 1569 211 1614 mus.
232 1568 322 1613 nemo
338 1553 459 1614 vetulus
474 1554 696 1627 nomenclator,
718 1553 771 1629 qui
785 1553 908 1614 nomina
922 1569 985 1613 non
999 1551 1107 1624 reddit,

133 1637 190 1696 sed
209 1637 341 1712 inponit,
365 1643 424 1696 tam
445 1653 608 1712 perperam
629 1637 725 1698 tribus
741 1654 833 1714 quam
846 1636 898 1698 ille
914 1637 1065 1698 Troianos
1080 1641 1110 1696 et

10 1749 13 1756 ·
131 1720 269 1781 Achivos
289 1720 505 1796 persalutabat.
527 1721 619 1782 nihilo
640 1720 740 1783 minus
761 1721 900 1782 eruditus
923 1720 1047 1782 volebat
1064 1719 1108 1779 vi·

103 1804 208 1865 oderi.
244 1804 325 1864 hano
352 1804 456 1880 itaque
488 1804 738 1880 conpendiariam
766 1805 965 1880 excogitavit:
997 1819 1109 1878 magua

132 1904 251 1949 summa
270 1889 341 1948 emit
355 1903 480 1963 servos,
502 1906 613 1962 unum,
635 1889 688 1964 qui
701 1890 866 1951 Homerum
881 1894 1011 1961 teneret,
1035 1888 1108 1947 alte·

131 1988 213 2044 rum,
241 1973 294 2047 qui
313 1972 492 2033 Hesiodum.
521 1989 631 2033 novom
658 1982 816 2048 praeterea
843 1972 948 2051 lyricis
966 1970 1108 2044 singulos

132 2055 313 2130 adslgnavit.
342 2071 452 2130 magno
476 2052 589 2117 emisse
613 2058 697 2118 illurn
717 2076 780 2119 non
800 2063 847 2118 est
867 2054 951 2132 quod
972 2053 1108 2113 mireris:

131 2154 194 2199 non
209 2139 374 2213 invenerat,
395 2140 552 2201 iaciendos
569 2142 692 2203 'locavit
722 2139 887 2217 Postquam
902 2139 980 2200 haec
996 2137 1109 2196 familia

130 2220 173 2283 illi
192 2230 358 2298 conparata
372 2231 429 2300 est,
447 2225 549 2301 coepit
563 2226 710 2286 convivas
726 2242 801 2287 suos
815 2222 994 2301 inquietare.
1014 2221 1107 2281 habe-

132 2306 185 2366 bat
198 2308 237 2368 ad
254 2307 351 2383 pedes
365 2308 438 2382 hoa,
464 2326 483 2369 a
499 2310 611 2384 quibus
626 2310 758 2372 subinde
773 2327 840 2371 cnm
857 2314 973 2384 peteret
988 2320 1106 2377 versus,

103 2398 212 2466 iquos
231 2393 372 2464 referret,
400 2408 495 2468 saepe
516 2395 547 2454 in
568 2395 669 2456 medio
689 2395 785 2455 verbo
802 2392 973 2454 excidebat.
1006 2386 1109 2450 Suasit

129 2473 173 2534 illi
196 2474 337 2538 Satellius
363 2477 549 2553 Quadratus,
575 2481 734 2540 stultorum
760 2477 887 2538 divitum
909 2475 1053 2546 adrosor,
1079 2477 1108 2532 et

131 2559 215 2634 quod
235 2561 389 2635 sequitur,
411 2560 547 2636 adrisor,
571 2569 601 2623 et
622 2562 848 2638 quoddnobus
868 2558 917 2621 his
933 2559 1107 2620 adiunctum

131 2649 186 2715 est,
209 2643 342 2715 derisor,
361 2651 396 2704 ut
416 2644 632 2718 grammaticos
648 2647 775 2707 haberet
789 2647 955 2705 analectas.
979 2658 1048 2702 curn
1063 2640 1107 2700 di·

130 2725 229 2784 risset
253 2724 385 2787 Sabinus
408 2729 545 2792 centenis
568 2730 700 2791 millibus
722 2729 780 2790 sibi
802 2736 945 2790 consere
968 2725 1107 2802 singulos

131 2824 256 2869 servos=
279 2810 439 2885 ‚,minoris,
464 2813 577 2890 inquit,
599 2814 724 2875 totidem
738 2813 850 2875 scrinia
866 2813 1026 2873 emisses.“
1054 2807 1109 2866 llle

130 2901 230 2952 tamen
246 2890 276 2953 in
291 2909 329 2954 ea
344 2895 490 2970 opinione
504 2904 577 2971 erat,
592 2905 625 2959 ut
639 2905 758 2973 putaret
772 2913 806 2958 se
822 2897 910 2970 scire,
926 2893 1011 2971 quod
1023 2892 1108 2966 quis-

102 2983 222 3052 dqnam
243 2976 272 3035 in
295 2977 387 3039 domo
409 2980 589 3042 sua‘sciret.
621 2981 706 3041 Idem
728 2981 870 3043 Satellius
890 2981 973 3041 illun'r
992 2974 1107 3036 hortari

131 3061 246 3136 coepit,
265 3067 297 3122 ut
311 3064 490 3140 luctaretur,
506 3063 658 3127 hominem
671 3081 811 3141 aegrum,
834 3065 995 3140 pallidum,
1009 3059 1104 3134 graci-

29 3220 33 3226 .
129 3147 198 3206 lem.
221 3161 289 3207 cum
308 3144 440 3210 Sabinus
462 3150 692 3225 respondisset:
715 3156 767 3224 ‚,et
788 3149 943 3225 quomodo
959 3149 1109 3222 possum?

130 3229 181 3289 vix
197 3229 299 3292 vivo.“
332 3232 435 3308 ,‚Noli,
455 3233 587 3295 obsecro
608 3241 651 3306 te,
671 3232 783 3309 inquit,
805 3234 885 3294 istuc
905 3233 1023 3293 dicer-ez
1044 3244 1108 3288 non

128 3312 227 3390 vides,
243 3332 334 3391 quam
349 3319 462 3379 multos
473 3333 583 3379 servos
598 3319 824 3380 valentissimos
835 3318 999 3378 habeasl“
1020 3314 1109 3373 Bona

130 3413 221 3460 mens
238 3415 297 3459 nec
316 3402 526 3462 commodatur
545 3417 603 3462 neo
624 3403 741 3463 emitur.
771 3409 801 3462 et
821 3408 912 3477 puto,
940 3401 966 3462 si
988 3392 1109 3459 venalis

129 3490 222 3556 esset,
244 3499 306 3544 non
320 3484 446 3546 haberet
461 3494 637 3563 emptorem.
659 3494 690 3547 at
704 3487 784 3546 mala
800 3485 911 3546 cotidie
926 3485 1043 3545 emitur.
