2468 3930
145 211 187 274 40
433 211 465 269 L.
488 210 635 269 ANNAEI
657 211 832 272 SENECAE

102 364 281 436 11duxisse,
299 363 384 437 quod
399 362 518 436 eripere
533 363 615 421 nulla
630 363 769 422 fortunae
782 360 928 437 iniquitas
940 363 1050 438 possit
1073 362 1120 423 Li·

143 445 323 521 ber[ul]iora
340 444 483 506 alimenta
503 453 574 507 sunt
593 447 740 506 carceris:
764 447 921 521 sepositos
936 447 977 507 ad
993 447 1123 522 capitale

145 531 329 606 supplicium
344 546 405 589 non
423 536 484 590 tarn
499 536 643 604 anguste,
670 528 722 603 qui
743 530 903 591 occisurus
924 537 985 605 est,
1006 531 1123 606 pascite

146 621 261 690 quanta
276 621 323 674 εει
334 612 425 672 animi
436 613 613 687 magnitudo
627 613 668 673 ad
681 613 714 672 id
725 629 782 674 sua
795 620 906 689 sponte
920 614 1123 690 descendere,

147 699 232 774 quod
251 714 290 758 ne
305 696 345 757 ad
360 705 495 757 extrema
511 696 635 771 quidem
655 697 787 757 decretis
806 696 972 759 timendum
986 697 1040 759 sitt
1061 697 1124 758 hoc

106 790 193 846 least
209 796 439 857 praeoccupare
453 783 513 842 tela
527 781 677 840 fortunae.
711 781 815 854 Incipe
841 797 931 856 ergo,
956 781 996 841 mi
1016 779 1124 856 Lucili,

147 866 234 941 sequi
245 865 357 943 ‚horum
373 863 626 925 consuetudinem
640 872 672 926 et
686 862 807 939 aliquos
823 865 890 925 dies
905 863 1039 940 destina,
1055 865 1121 946 quis

145 950 204 1009 bus
221 949 350 1009 secedas
367 965 384 1008 a
401 949 460 1009 tuis
476 949 568 1009 rebus
580 948 767 1022 minimoque
778 956 807 1009 ιε
819 949 916 1009 iacias
928 949 1123 1011 familiaremz

146 1033 247 1108 incipe
262 1049 330 1092 cum
346 1040 524 1108 paupertate
537 1031 655 1094 habere¹
666 1033 896 1092 commercium:

208 1117 307 1191 Ande,
323 1118 441 1193 carpes,
455 1124 640 1178 contemnere
652 1132 721 1193 opes
734 1123 764 1177 et
778 1122 933 1192 equoque
947 1117 1071 1192 ἀὲοιιιιιιι

204 1201 362 1276 stapedeo.
682 1220 685 1224 ’

108 1285 243 1348 13Nemo
265 1283 344 1345 clius
367 1292 414 1344 est
437 1285 496 1344 deo
520 1283 632 1358 dignus
653 1299 745 1359 quam
767 1281 819 1357 qui
835 1296 913 1358 opes
927 1281 1124 1357 contempsit.

147 1386 276 1444 quarum
300 1366 534 1444 possessionem
560 1367 613 1426 tibi
639 1383 701 1427 non
726 1366 889 1440 interdico,
915 1367 972 1426 sed
998 1366 1123 1427 afficere

147 1454 233 1524 volo,
251 1460 283 1512 ut
296 1453 364 1510 illas
379 1450 530 1526 intrepide
544 1450 725 1524 possideasa
743 1450 828 1526 quod
842 1466 904 1511 uno
919 1448 1123 1525 consequeris

145 1537 254 1608 modo,
277 1535 304 1593 si
325 1541 355 1594 ιε
377 1534 467 1602 etiarn
487 1535 555 1594 sine
577 1533 636 1594 illis
659 1535 749 1594 beate
764 1534 914 1596 victurum
929 1534 1123 1609 persuaseris

145 1617 214 1690 tibi,
231 1618 256 1677 si
273 1617 340 1677 illas
356 1624 512 1692 tamquam
528 1618 663 1678 exituras
679 1633 801 1692 semper
816 1619 1010 1693 adspexeris.

105 1746 140 1799 14
209 1738 272 1801 Sed
288 1741 346 1801 iarn
361 1741 541 1817 incipiamus
557 1741 718 1816 epistulam
734 1743 918 1818 conplicare.
940 1742 1064 1818 „Prius,
1079 1742 1123 1802 ln·

146 1826 225 1901 quis,
238 1825 334 1884 redde
347 1827 430 1902 quod
443 1825 569 1885 debes.“
582 1827 736 1901 Delegabo
749 1832 778 1886 ιε
789 1826 1009 1902 adllpicnrum.
1022 1825 1125 1887 abillo

146 1909 199 1969 fiet
217 1908 400 1970 numeratioz
432 1908 656 1982 „Inmodica
678 1910 735 1970 ira
757 1909 883 1986 gignit
900 1910 1124 1971 insaniam.“

146 1993 213 2053 Hoc
229 2009 320 2069 quant
336 2007 440 2054 verum
457 1995 510 2067 sit,
527 2008 658 2053 necesse
673 2001 720 2054 est
735 1994 833 2067 scias,
851 2009 918 2055 curn
933 1994 1078 2054 habueris
1094 1999 1124 2053 et

107 2080 267 2136 ttservum
284 2084 314 2136 et
331 2076 494 2137 inimicum.
520 2076 555 2136 ln
577 2093 684 2137 omnes
706 2094 858 2153 personas
878 2079 929 2139 hic
949 2076 1124 2138 exardescit

147 2162 297 2221 adlectus.
319 2168 380 2222 tarn
395 2176 435 2220 ex
449 2176 553 2221 amore
567 2162 703 2222 nascitur
719 2178 811 2235 quam
826 2179 865 2222 ex
880 2161 968 2234 odio,
991 2177 1054 2222 non
1068 2157 1121 2221 miss

146 2261 204 2305 nus
226 2245 303 2305 inter
324 2245 405 2306 seria
428 2262 519 2321 quam
540 2246 617 2306 inter
637 2246 726 2306 lusus
748 2253 777 2306 et
790 2247 888 2307 iocos.
916 2261 974 2306 nec
988 2244 1123 2319 interest,

147 2344 185 2388 ex
202 2344 292 2406 quam
306 2345 416 2405 magna
431 2346 525 2390 causa
540 2336 700 2404 nascatur,
716 2331 772 2389 sed
788 2329 818 2390 in
831 2330 949 2405 qualern
966 2328 1125 2405 perveniat

146 2415 288 2475 animum·
322 2413 373 2474 Sic
393 2414 472 2489 ignis
495 2430 557 2475 non
581 2416 675 2474 relert
695 2429 786 2489 quarn
807 2430 951 2488 magnus,
977 2413 1035 2473 sed
1061 2426 1123 2489 quo

145 2498 268 2559 incidat.
287 2516 357 2558 nam
372 2499 462 2558 etiam
476 2496 641 2558 maximum
658 2497 759 2558 solida
773 2515 834 2559 non
849 2502 1042 2572 receperunt
1057 2512 1121 2557 rur-

146 2597 200 2641 sus
223 2583 308 2642 arida
325 2588 355 2641 et
376 2581 488 2656 corripi
510 2580 610 2641 facilia
631 2582 791 2641 scintillam
812 2596 936 2657 quoque
952 2581 1058 2641 lovent
1071 2594 1122 2640 us·

147 2680 208 2738 que
223 2663 254 2723 in
269 2664 452 2724 incendium.
485 2663 530 2724 Ita
544 2670 604 2737 εει,
620 2665 661 2724 mi
676 2663 786 2740 Lucili,
801 2664 930 2740 ingentis
945 2665 1008 2724 irae
1022 2666 1123 2724 exitus

147 2748 233 2807 luror
247 2755 307 2821 est,
324 2754 354 2807 et
367 2746 437 2807 ideo
453 2747 498 2806 ira
509 2747 633 2808 vitanda
648 2755 695 2809 est
709 2766 770 2810 non
783 2748 1002 2811 moderationis
1018 2763 1123 2819 causa,

147 2831 204 2891 sed
219 2830 366 2891 sanitatis.
389 2830 477 2890 Vale.

428 2992 643 3051 EPISTULA
664 2994 724 3051 vll.
750 2995 821 3066 (19.)

399 3091 509 3142 Saurea
525 3090 636 3142 Luornro
657 3103 708 3142 suo
728 3103 866 3143 securam.

118 3218 136 3276 1
206 3211 349 3282 Exsulta,
368 3211 509 3285 quotiens
522 3210 669 3285 epistulas
682 3219 749 3271 tuas
765 3211 893 3286 accipio.
915 3211 1031 3285 inplent
1044 3209 1126 3269 enim

148 3296 197 3354 me
216 3293 298 3354 bona
313 3302 410 3370 spect
424 3295 484 3354 ianr
499 3311 561 3355 non
577 3295 754 3370 promittunt
769 3295 807 3354 de
822 3300 865 3368 te,
891 3295 947 3354 sed
961 3293 1125 3369 spondent.

146 3379 191 3438 Ita
216 3380 278 3450 lac,
307 3395 360 3438 oro
385 3387 477 3453 atque
498 3379 639 3439 obsecro.
671 3379 761 3453 (quid
783 3379 862 3437 enirn
884 3378 983 3439 habeo
1004 3377 1124 3451 melius,

150 3462 233 3536 quod
263 3463 392 3522 amicum
416 3477 537 3536 rogem,
560 3478 652 3537 quam
679 3462 764 3537 quod
789 3479 847 3538 pro
869 3463 938 3538 ipso
959 3469 1125 3537 rogaturus
