2468 3930
189 212 252 278 184
482 212 515 270 1..
537 209 685 271 ANNAEI
707 208 884 272 SENECAE

190 367 242 444 qui
256 372 348 427 totam
366 379 433 423 eam
447 364 600 423 excussit=
626 378 716 422 nemo
731 368 832 423 autem
847 361 928 423 illam
942 364 1092 440 excussit,
1107 364 1171 427 nisi

148 452 243 527 11qui
264 465 321 525 pro
342 448 393 506 illa
413 447 594 523 sapientiam
614 447 795 524 adsumpsit.
840 445 918 521 Quid
939 447 1017 507 inter
1039 449 1169 511 morbos

190 535 280 594 animi
294 532 413 592 intersit
426 537 457 591 et
470 533 626 606 adlectus,
650 548 745 606 saepe
766 532 825 591 iarn
839 532 913 591 dixi.
943 548 1026 594 nunc
1041 548 1169 609 quoque

189 627 220 678 te
240 615 428 676 admonebo:
456 616 554 675 morbi
578 623 650 676 sunt
668 617 837 676 inveterata
861 615 935 677 vitia
959 623 990 677 et
1014 616 1107 690 dura,
1135 625 1167 680 ut

190 700 329 774 avaritia,
349 706 383 758 ut
402 698 525 758 ambitio
546 699 647 759 nimia.
675 703 764 760 attius
779 699 857 758 baec
871 698 1004 759 animum
1018 698 1167 775 inplicue

189 791 259 844 runt
278 790 308 842 et
329 790 478 857 perpetua
498 784 564 842 eius
579 785 659 842 mala
673 798 745 843 esse
760 789 935 857 coeperunt.
978 784 1018 844 Ut
1033 783 1168 844 brevitor

189 868 307 939 finiam,
328 866 453 927 morbus
470 873 517 925 est
530 867 675 927 iudicium
690 868 720 925 in
736 882 834 941 pravo
849 867 997 941 pertinax,
1012 873 1168 943 tamquam

190 952 281 1010 valde
295 950 469 1024 expetenda
484 950 552 1025 sint,
569 966 649 1026 quae
664 949 772 1010 leviter
785 950 958 1025 expetenda
969 957 1050 1024 sunt,
1063 952 1125 1026 vel,
1141 951 1168 1012 si

190 1035 303 1107 mavis,
325 1034 366 1093 ita
386 1033 544 1093 liniamus:
566 1033 655 1094 nimis
676 1034 822 1093 inminere
840 1033 946 1093 leviter
961 1035 1104 1109 petendis
1120 1035 1169 1095 vel

191 1134 230 1178 ex
241 1124 303 1178 toto
316 1133 377 1176 non
392 1117 531 1191 petendis
544 1123 596 1177 aut
606 1117 636 1177 in
651 1133 761 1192 magno
776 1117 874 1192 pretio
888 1116 1003 1177 habere
1016 1117 1048 1177 in
1063 1119 1168 1192 aliquo

151 1200 332 1267 lahabenda
348 1202 396 1260 vel
411 1201 440 1259 in
456 1203 549 1260 nullo.
593 1200 742 1261 Adfectus
758 1207 829 1260 sunt
842 1207 942 1262 motus
957 1201 1049 1261 animi
1063 1201 1168 1277 inpro-

191 1284 318 1357 babileS,
333 1285 425 1344 subiti
440 1292 470 1344 et
485 1284 639 1356 concitati,
656 1284 708 1358 qui
724 1286 899 1360 frequentes
914 1285 1108 1361 neglectique
1124 1287 1168 1346 le·

192 1383 261 1428 cere
282 1369 436 1438 morbum,
459 1368 539 1428 sicut
559 1366 713 1428 distillatio
731 1385 792 1427 una
813 1383 872 1427 nec
891 1368 992 1428 adhuc
1005 1369 1035 1427 in
1049 1385 1167 1429 morem

191 1452 324 1511 adducta
343 1452 451 1512 tussim
474 1452 558 1523 lacit,
584 1451 714 1512 adsidua
734 1459 764 1511 et
784 1459 873 1511 vetus
893 1451 1035 1526 phthisin.
1062 1452 1166 1525 itaquo

193 1534 246 1609 qui
263 1535 423 1608 plurimum
438 1537 605 1609 proiecere,
622 1543 708 1595 extra
722 1535 847 1596 morbos
861 1541 948 1595 sunt:
962 1536 1098 1595 adiectus
1109 1535 1166 1594 ad·

151 1619 251 1686 1311uc
266 1619 400 1678 sentiunt
414 1619 549 1692 perlecto
566 1619 707 1693 proximi.
736 1617 955 1680 Secundum
969 1634 1090 1694 genua
1105 1625 1168 1679 est

192 1719 306 1775 eorum,
317 1704 368 1776 qui
380 1709 410 1761 et
420 1703 552 1761 maxima
563 1703 653 1762 animi
663 1704 745 1773 mala
755 1710 786 1762 et
796 1703 935 1762 adlectus
948 1701 1169 1778 deposuerunt,

193 1787 248 1845 sed
266 1785 323 1859 ita,
345 1794 377 1846 ut
398 1801 459 1845 non
480 1787 520 1846 sit
537 1785 596 1845 illis
618 1786 788 1846 securitatis
804 1803 879 1846 suae
896 1792 979 1845 certa
995 1785 1168 1862 possessio.

152 1884 184 1936 14
194 1876 325 1944 possunt
339 1869 418 1927 enim
433 1870 463 1926 in
478 1870 585 1929 eadem
598 1869 701 1929 relabi.
744 1868 914 1929 Tertium
934 1870 1031 1929 illud
1047 1885 1169 1946 genus

194 1961 280 2013 extra
291 1955 372 2011 mata
385 1952 477 2020 multa
488 1960 517 2013 et
527 1968 637 2027 magna
649 1958 704 2024 est,
720 1954 776 2013 sed
788 1969 850 2013 non
863 1961 948 2012 extra
960 1955 1076 2013 omnia:
1090 1952 1167 2013 effu·

193 2036 236 2110 git
250 2033 414 2107 avaritiam,
437 2036 494 2095 sed
508 2037 582 2095 iram
598 2036 698 2096 adhuc
713 2037 812 2097 sentit.
838 2037 898 2096 iam
912 2052 974 2096 non
990 2036 1169 2099 sollicitabar

193 2118 332 2191 libidine,
352 2119 525 2180 etiamnunc
540 2119 713 2180 ambitione.
739 2120 799 2179 iam
812 2137 874 2181 non
889 2121 1097 2195 concupiscit,
1112 2119 1170 2179 sed

194 2203 294 2262 adhuc
314 2203 406 2262 timet.
433 2204 512 2262 etin
537 2202 606 2278 ipso
626 2210 709 2264 metu
730 2203 770 2263 ad
792 2205 942 2279 quaedam
962 2203 1037 2264 satis
1062 2203 1168 2263 linum

195 2294 256 2360 est,
274 2285 457 2361 quibusdam
473 2285 561 2346 cedit.
582 2295 708 2347 mortem
725 2287 904 2362 contemnit,
919 2286 1059 2348 dolorem
1072 2287 1170 2347 reior-

153 2383 185 2435 15
198 2371 300 2429 midai.
343 2371 388 2430 De
408 2369 467 2429 hoc
488 2372 556 2431 loco
578 2371 693 2446 aliquid
709 2372 893 2445 cogitemus=
913 2371 993 2430 bene
1008 2370 1169 2431 nobiscum

194 2461 308 2528 agetur,
327 2455 353 2513 si
368 2454 398 2511 in
412 2452 494 2514 hunc
509 2455 691 2514 admittimur
708 2470 876 2514 numerum.
903 2454 1014 2529 Magna
1027 2453 1169 2513 felicitate

193 2545 319 2597 naturae
338 2552 510 2611 magnaque
528 2545 557 2596 et
572 2538 702 2598 adsidua
721 2539 886 2598 intentione
901 2537 994 2597 studii
1012 2537 1168 2597 secundus

195 2627 361 2693 occupatur
379 2621 508 2692 gradus:
529 2621 638 2680 sedne
658 2620 707 2679 hic
729 2622 851 2696 quidem
866 2621 1107 2682 contemnendus
1122 2624 1169 2678 cst

195 2705 281 2761 color
294 2702 411 2760 tertius.
455 2703 568 2777 Cogita,
584 2710 729 2778 quantum
745 2705 826 2764 circa
842 2714 871 2764 te
888 2703 996 2765 videas
1010 2706 1167 2775 malorum,

195 2785 337 2856 adspice,
361 2800 452 2858 quam
473 2787 587 2846 nullum
604 2785 643 2847 sit
658 2789 745 2847 nelas
762 2789 828 2847 sine
844 2790 1002 2862 exemplo,
1023 2795 1168 2862 quantum

196 2867 306 2927 cotidie
328 2868 463 2941 nequitia
482 2869 635 2943 proficiat,
657 2878 801 2945 quantum
824 2872 945 2946 publice
966 2870 1168 2946 privatimque

195 2957 353 3025 peccetur:
375 2951 531 3027 intelleges
545 2954 619 3014 satis
635 2971 693 3015 nos
708 2955 867 3029 consequi,
885 2955 912 3014 si
926 2955 1003 3014 inter
1015 2953 1168 3029 pessimos

155 3050 255 3104 lanon
271 3050 386 3094 sumus.
432 3036 515 3112 „Ego
531 3053 621 3110 vero,
642 3039 759 3112 inquis,
780 3053 873 3113 spero
887 3053 937 3097 me
951 3053 1048 3113 posse
1062 3041 1094 3096 et
1105 3052 1169 3096 am·

197 3119 301 3193 plioris
320 3117 434 3179 ordinis
450 3121 545 3180 fieri.“
588 3121 763 3196 Optaverim
782 3121 842 3182 hoc
857 3121 948 3181 nobis
962 3121 1060 3196 magis
1077 3134 1170 3195 qaam

196 3203 404 3277 prom1serim=
426 3206 642 3279 praeoccupati
665 3222 781 3265 sumus.
802 3205 843 3265 ad
857 3206 998 3265 virtutem
1014 3201 1171 3264 contendi·

196 3303 264 3346 mus
282 3288 358 3346 inter
373 3286 444 3347 vitia
464 3288 600 3348 districti.
629 3289 724 3364 pudet
743 3289 860 3363 dicere,
880 3288 1011 3349 honesta
1030 3286 1171 3360 colimus,

198 3378 342 3441 quantum
358 3377 460 3430 vacat:
484 3378 618 3447 atquem
633 3373 749 3446 grande
766 3373 931 3447 praemium
947 3376 1123 3446 exspectat,
1144 3367 1171 3428 si

198 3455 415 3529 occupationes
441 3461 563 3515 nostras
584 3461 614 3515 et
633 3456 712 3515 mala
733 3455 927 3515 tenacissima
947 3453 1171 3530 abrumpimus!
