2468 3930
232 242 404 305 EPISTUL.
417 243 511 306 MOR.
532 244 605 306 LIB.
619 245 668 306 111.
687 245 749 306 ΕΡ.
758 255 784 309 1.
805 250 876 322 (ιι.)
1002 245 1046 311 49

62 393 223 458 incidisse.
258 395 318 456 ista
332 395 428 470 enim,
451 410 530 471 quae
545 395 605 455 dici
620 397 734 468 solent,
758 397 836 458 falsa
851 405 935 458 sunta
960 414 1043 471 „non

63 480 153 557 potui
168 479 284 539 aliter.“
313 477 401 553 quid,
424 479 451 538 si
465 479 598 540 nollem?
624 485 881 552 „necesseerat.“
903 482 977 541 uuiti
991 497 1043 542 ne·

64 578 156 624 cesse
171 570 220 624 est
234 562 404 622 felicitatem
419 577 513 623 cursu
526 563 630 638 sequi=
653 570 701 623 est
711 564 835 639 ailquid,
851 563 1043 626 etiamsinon

63 661 253 722 repugnare,
271 643 441 706 subsistere
455 661 512 706 nec
527 644 641 707 instare
655 647 794 708 fortunae
809 649 926 708 ferenti.
951 649 1042 710 Num·
1054 657 1076 714 t

55 729 140 806 ‘quid
161 729 344 803 offenderis,
368 727 446 789 siin
467 730 627 791 consilium
647 747 707 791 ιιοιι
725 732 815 792 venio
832 739 964 807 tanturn,
987 733 1043 794 sed

64 814 199 886 advoco,
221 820 252 873 et
267 811 390 888 quidem
404 813 617 889 prudentiores
629 831 720 889 quam
731 816 798 890 ipse
811 831 894 889 sum,
910 817 950 876 ad
963 830 1043 892 quos

64 897 152 958 soleo
174 896 309 970 deferre,
338 895 365 956 si
387 897 461 972 quid
482 897 640 958 deliberes
670 898 795 973 Epicuri
820 899 983 975 epistulam
1002 899 1043 960 ad

64 980 144 1040 hanc
157 995 223 1040 rem
236 979 438 1055 pertinentem
458 978 533 1055 legi,
555 982 721 1043 Idomeneo
738 997 818 1056 quae
836 981 1042 1058 [iancribitur,

65 1079 156 1138 quern
177 1069 280 1138 rogat,
303 1069 337 1124 ut
354 1070 499 1139 quantum
515 1071 631 1138 potest,
654 1064 749 1139 fugiat
763 1072 793 1124 et
808 1074 968 1141 properet,
991 1083 1043 1126 an·

62 1154 186 1223 tequam
207 1145 312 1221 aliqua
330 1147 379 1207 vis
394 1149 492 1208 maior
504 1148 685 1207 interveniat
699 1154 730 1207 et
743 1148 862 1208 auferat
875 1149 1043 1210 libertatem

62 1230 241 1291 recedendi.
276 1230 360 1291 Idem
380 1239 480 1291 tamen
504 1229 629 1291 subicit:
652 1229 725 1290 nihii
740 1246 812 1292 esse
826 1233 1072 1308 temptandum,6

63 1312 123 1374 nisi
148 1330 217 1375 cum
236 1321 307 1389 apte
327 1315 439 1390 poterit
457 1313 701 1390 tempestiveque
721 1316 869 1390 temptari.
900 1315 956 1376 sed
976 1331 1044 1379 curn

62 1397 137 1457 iilud
151 1405 272 1474 tempus
288 1404 440 1473 captatum
456 1397 509 1459 diu
523 1398 653 1473 venerit,
671 1397 874 1460 exsiliendum
888 1397 938 1460 ait.
965 1401 1043 1460 Dor-

62 1480 170 1542 mitare
185 1481 224 1541 de
239 1483 311 1557 fuga
326 1482 507 1556 cogitantem
520 1489 604 1542 vetat
618 1490 649 1542 et
661 1485 767 1558 sperat
777 1485 940 1544 salutarem
953 1483 1043 1545 etiam

63 1579 103 1624 ex
125 1563 311 1624 difficillimis
333 1564 463 1640 exitum,
490 1566 596 1626 sinac
618 1581 820 1642 properemus
836 1574 907 1627 ante
920 1575 1043 1642 tempus

63 1663 121 1707 nec
136 1663 294 1717 cessemus
309 1649 341 1708 ιιι
356 1655 504 1724 ternpore.
537 1648 614 1711 Puto
628 1666 710 1711 nunc
727 1658 757 1711 et
772 1649 905 1710 Stoicam
923 1656 1072 1714 senten-i

62 1733 136 1792 tiam
159 1733 289 1806 quaeris.
319 1748 380 1792 non
402 1740 463 1806 est,
488 1733 571 1808 quod
592 1734 754 1809 quisqaum
773 1734 952 1795 temeritatis
974 1734 1043 1794 illos

63 1814 149 1890 apud
168 1822 199 1875 te
217 1816 357 1876 infamet·
381 1816 534 1877 cautiores
555 1833 645 1892 quam
663 1818 804 1878 fortiores
820 1825 900 1878 sunt.
930 1833 1053 1893 exspes

64 1904 129 1958 ctas
146 1898 288 1974 forsitan,
303 1906 337 1960 ut
348 1898 403 1960 t1b1
414 1899 492 1960 haec
504 1898 622 1961 dicant
644 1909 754 1976 turpe
766 1909 814 1962 est
825 1902 936 1962 cedere
947 1917 1042 1962 oneri

63 1983 180 2043 luctare
201 1998 270 2043 cum
290 1983 410 2057 officio,
431 1983 525 2080 quod
545 1986 641 2044 semel
661 1985 815 2082 recepisti.
848 2001 909 2046 non
930 1991 978 2045 est
997 1985 1044 2044 vir

63 2066 150 2127 fortis
171 2081 209 2126 ac
230 2072 372 2127 strenuus
387 2056 441 2142 qui
460 2066 595 2128 faborem
610 2067 700 2143 fugit,
723 2069 781 2129 nisi
796 2069 907 2129 crescit
921 2066 965 2128 iiii
979 2066 1042 2128 ani·

62 2166 131 2210 mus
152 2149 221 2224 ipsa
243 2165 344 2211 rerum
359 2149 569 2211 difficultatem
603 2152 748 2212 Dicentur
761 2151 815 2212 tibi
829 2153 903 2226 ista,
927 2151 954 2212 si
969 2167 1042 2227 ope·
1031 2158 1073 2214 -8

62 2249 116 2294 rae
132 2234 262 2309 pretium
272 2232 397 2296 habebit
408 2235 652 2310 perseverantia
668 2250 694 2293 si
686 2234 779 2296 nihil
790 2237 948 2310 indignum
959 2235 1042 2296 bono

62 2319 130 2377 viro
152 2316 325 2377 faciendum
345 2317 560 2393 patiendumve
576 2318 647 2378 erit·
670 2317 806 2392 alioquin
821 2319 947 2378 sordido
965 2334 999 2377 se
1014 2324 1044 2377 et

64 2400 286 2462 contumelioso
307 2401 413 2462 labore
433 2416 495 2461 non
517 2407 653 2462 conteret
667 2416 725 2461 nec
739 2401 768 2460 in
784 2399 914 2474 negotiis
930 2399 1044 2473 negotii

63 2499 158 2544 causa
178 2483 244 2543 erit.
285 2483 330 2543 Ne
349 2483 425 2544 iilud
446 2485 586 2561 quidem,
608 2484 692 2560 quod
716 2483 873 2544 existimas
894 2485 1043 2543 facturum

62 2583 148 2642 eum,
170 2567 275 2640 faciet,
297 2573 331 2628 ut
344 2569 512 2629 ambitiosis
526 2569 620 2629 rebus
635 2568 787 2643 inplicitus
803 2584 925 2643 semper
939 2576 1043 2629 aestus

62 2666 167 2712 earum
180 2652 266 2711 ferat.
281 2651 338 2712 sed
349 2667 418 2712 curn
429 2651 540 2714 viderit
549 2653 664 2728 gravia,
679 2653 709 2712 iu
721 2653 833 2728 quibus
840 2652 1043 2726 volutabatur,

62 2733 194 2809 incerta,
208 2734 375 2810 ancipitia,
397 2736 509 2796 referet
526 2737 652 2811 pedem,
675 2752 737 2797 non
750 2742 847 2797 vertet
861 2745 961 2812 terga,
986 2736 1043 2796 sed

63 2818 183 2878 sensim.
199 2818 324 2879 recedet
342 2818 373 2877 in
393 2825 499 2883 tutum.
543 2819 645 2880 Facile
665 2827 713 2881 est
733 2828 850 2894 autem,
877 2821 918 2880 mi
937 2820 1071 2895 Lucilii

62 2901 283 2976 occupationes
309 2903 456 2977 evadere,
485 2903 512 2964 si
534 2903 768 2978 occupationum
789 2905 887 2980 pretia
907 2912 1041 2965 contem·

63 2983 176 3061 pseris.
205 2985 257 3045 iffa
278 2993 363 3060 sunt,
387 3001 467 3061 quae
487 3002 544 3047 nos
562 2993 717 3047 morantur
732 2993 762 3047 et
777 2988 924 3048 detinent:
947 2986 1042 3062 „quid

62 3074 161 3143 ergot
180 3075 240 3128 tam
254 3084 382 3144 magnas
397 3085 471 3144 spes
485 3069 676 3145 relinquant
697 3071 736 3130 ab
747 3071 818 3145 ipsa
827 3085 930 3130 messe
943 3071 1041 3129 disce·

62 3152 156 3212 damt
184 3152 299 3212 nudum
318 3151 375 3214 erit
393 3154 495 3214 latust
520 3152 694 3215 incomitata
714 3154 843 3215 lectica?
865 3151 972 3215 atrium
987 3168 1073 3212 va

63 3239 195 3295 cuumt“
228 3234 278 3294 Ab
299 3236 348 3296 his
369 3251 442 3311 ergo
464 3236 549 3298 inviti
566 3237 705 3298 homines
719 3238 868 3298 recedunt
880 3245 911 3299 et
924 3251 1040 3297 merce·

63 3318 134 3378 dem
153 3319 343 3380 miseriarum
366 3328 482 3394 amant,
504 3321 590 3397 ipsas
611 3328 819 3381 exsecrantur.
855 3320 906 3381 Sic
921 3321 960 3382 de
979 3336 1041 3380 am·
1029 3325 1084 3380 -10

62 3400 177 3463 bitione
197 3403 355 3479 quomodo
377 3403 417 3462 de
436 3403 534 3465 amica
556 3409 737 3480 queruntur·
765 3402 873 3477 idest,
893 3402 1040 3464 siverum

62 3485 216 3548 adfectum
242 3501 350 3548 eorum
374 3486 537 3565 inspicias,
567 3503 629 3549 non
657 3486 801 3562 oderunt,
832 3486 890 3547 sed
914 3487 1039 3562 litigant.

106 3575 354 3631 smirnamum.
863 3577 884 3637 t
