2468 3930
124 199 346 274 crisenon.
358 211 865 287 LIB.Xv1.EP.s.(1oo.)-le1.
879 224 903 276 1.
915 219 1003 289 (101.)
1024 211 1087 277 329

104 385 177 430 num
193 365 387 444 splendidum
407 372 437 426 et
451 365 812 439 officiosum,'noveras=
840 382 880 426 ex
901 368 984 428 tenui
1006 368 1088 444 prin-

105 451 187 529 cipio
203 467 239 512 se
263 451 332 527 ipse
353 456 551 526 promoverat
566 457 596 510 et
612 451 672 510 iam
693 449 735 509 illi
752 450 880 510 declivis
896 458 962 511 erat
978 467 1090 515 cursus

103 537 144 598 ad
160 542 272 597 cetera.
296 535 415 594 facilius
430 535 509 594 enim
524 534 636 594 erescit
646 535 777 609 dignitas
794 550 887 610 quam
897 536 1012 611 incipit.
1034 537 1121 607 lie-2

103 620 195 682 cunia
217 634 342 695 quoque
363 619 444 678 cirea
464 625 674 695 paupertatem
689 619 851 693 plurimum
869 635 974 680 morae
988 619 1089 697 habet,

104 705 177 766 dum
193 719 233 765 ex
248 705 298 763 itia
313 708 427 778 erepat.
455 701 505 762 hic
526 703 616 762 etiam
631 702 761 763 Senecio
783 703 895 763 divitiis
912 704 1087 782 inminebat,

103 790 144 850 ad
160 804 238 869 quas
253 787 335 846 ilium
351 787 430 846 duae
445 803 497 847 res
512 785 664 847 ducebant
678 785 927 862 efficacissimae,
950 795 980 848 et
995 806 1088 865 quae·

102 872 193 933 rendi
209 879 240 933 et
254 870 448 931 custodiendi
464 869 606 944 scientia,
630 886 758 945 quarum
780 872 828 930 vel
844 870 939 932 altera
952 873 1088 950 locupie-

102 965 164 1035 tem
179 957 282 1017 iacere
299 953 459 1030 potuisset.
486 953 543 1015 Hic
557 955 649 1026 bomo
667 970 806 1015 summae
821 955 1010 1029 frugalitatis,
1026 974 1120 1030 nong

102 1041 204 1101 minus
232 1038 405 1115 patrimonii
433 1055 525 1115 quam
547 1037 687 1115 corporis
711 1039 857 1113 diligens,
881 1055 949 1100 cum
975 1056 1024 1101 me
1050 1057 1089 1102 ex

103 1124 326 1185 consuetudine
344 1139 433 1183 mane
448 1123 591 1196 vidisset,
615 1139 684 1182 cum
706 1139 761 1197 per
782 1129 878 1183 totum
893 1123 973 1182 diem
990 1125 1087 1188 amieo

104 1208 239 1284 graviter
256 1208 377 1267 adiecto
400 1214 431 1267 et
450 1208 517 1266 sine
538 1223 596 1282 spe
610 1205 720 1267 iacenti
735 1222 836 1282 usque
851 1206 881 1265 in
897 1214 1018 1268 noctem
1034 1209 1087 1268 ad-

103 1291 253 1366 sedisset,
273 1308 341 1351 cum
357 1291 462 1351 hilaris
480 1298 658 1353 coenasset:
681 1306 794 1365 genere
808 1291 984 1352 valitudinis
1000 1309 1087 1367 prae·

104 1377 187 1452 cipiti
205 1384 362 1450 arreptus,
383 1375 510 1450 angina,
532 1376 585 1435 vix
607 1391 810 1450 conpressum
826 1375 929 1436 artatis
946 1375 1086 1437 saucibus

102 1460 242 1536 spiritum
261 1459 353 1520 traxit
372 1457 403 1518 in
427 1462 534 1520 iucem.
562 1459 639 1519 intra
660 1458 865 1534 paucissimas
889 1475 962 1533 ergo
982 1460 1086 1535 horas,

102 1560 196 1620 quam
218 1542 359 1603 omnibus
381 1550 446 1604 erat
462 1543 529 1603 sani
552 1559 588 1602 ac
603 1542 732 1603 valentis
748 1544 858 1604 officiis
874 1544 1011 1619 iunctus,
1034 1545 1086 1605 de-

103 1628 207 1688 cessit.
236 1628 303 1702 lita,
327 1627 427 1702 quiet
447 1628 523 1687 mari
544 1634 574 1688 et
588 1634 669 1687 terra
684 1628 845 1702 pecuniam
866 1627 1012 1702 agitabat,
1035 1629 1116 1705 quit

105 1712 145 1772 ad
164 1710 289 1786 publica
311 1726 436 1787 quoque
456 1712 571 1771 nullum
586 1712 764 1788 relinquens
779 1713 971 1787 inexpertum
988 1729 1086 1788 genus

103 1802 251 1872 quaestus
273 1803 449 1856 accesserat
471 1797 501 1855 in
523 1796 592 1870 ipso
608 1804 677 1856 actu
693 1796 773 1857 bene
788 1795 959 1858 cedentium
974 1813 1085 1872 rerum,

103 1878 219 1956 inipso
233 1881 441 1955 procurrentis
457 1879 607 1955 pecuniae
621 1881 727 1955 inpetu
741 1888 848 1956 raptus
864 1888 927 1940 est:
947 1895 950 1900 ·

210 1967 307 2025 insere
320 1981 409 2038 nunc,
421 1966 570 2038 Meliboee,
580 1968 674 2041 piros,
684 1982 762 2041 pone
777 1967 882 2026 ordine
892 1968 974 2026 vetes.
1019 2005 1021 2009 -

104 2063 215 2123 quam
239 2044 397 2109 stultum
424 2055 484 2108 est
506 2050 675 2110 ‘aetatem
699 2050 912 2125 disponere
933 2065 978 2108 ne
1004 2065 1086 2108 ora-

104 2131 200 2192 stini
216 2133 368 2208 quidem
386 2131 594 2192 dominum!
619 2150 637 2192 o
654 2139 767 2207 quanta
782 2132 934 2193 dementia
949 2141 997 2195 est
1011 2149 1085 2208 spes

102 2218 213 2299 longas
226 2215 448 2278 inchoantium=
467 2232 581 2288 emam,
597 2216 783 2290 aedificabo,
800 2217 938 2291 credam,
955 2215 1085 2292 exigam,

102 2300 239 2360 honores
255 2298 374 2375 geram:
403 2306 465 2360 tum
487 2299 599 2360 deinde
620 2301 735 2360 lassam
756 2307 786 2360 et
806 2302 929 2374 plenam
944 2307 1084 2360 senectu-

101 2392 163 2446 tem
177 2381 209 2444 in
225 2384 318 2445 otium
333 2386 473 2444 reseram.
493 2383 615 2456 Omnia,
630 2384 702 2443 mihi
717 2384 824 2459 crede,
841 2385 931 2443 etiam
947 2383 1086 2444 feticibus
1101 2394 1117 2447 5

103 2467 197 2528 dubia
218 2475 296 2529 sunt.
329 2468 404 2528 nihii
426 2469 484 2529 sibi
507 2469 670 2544 quisquam
685 2469 724 2527 de
737 2468 837 2528 tuturo
853 2467 945 2528 debet
962 2467 1085 2542 promit-

102 2560 178 2614 tere.
208 2553 239 2612 id
255 2568 393 2628 quoque,
411 2553 494 2628 quod
508 2558 641 2627 tenetur,
662 2568 718 2627 per
732 2568 841 2612 manus
857 2552 920 2611 exit
932 2557 961 2612 et
975 2552 1084 2627 ipsam,

103 2653 195 2713 quarn
217 2637 399 2712 premimus,
423 2636 530 2697 horam
553 2652 644 2697 casus
665 2636 779 2696 incidit.
813 2637 945 2697 volvitur
963 2643 1084 2712 tempus

101 2727 168 2780 rata
184 2721 306 2796 quidem
323 2722 404 2795 lege,
421 2722 477 2781 sed
492 2736 548 2797 per
562 2720 742 2782 obscurum=
766 2721 841 2796 quid
856 2727 957 2782 autem
972 2721 1012 2780 ad
1026 2736 1084 2796 me,

101 2821 141 2865 an
158 2814 285 2865 naturae
300 2813 415 2865 certum
431 2804 485 2880 sit,
509 2806 592 2881 quod
608 2806 680 2865 mihi
694 2806 842 2866 incertum
858 2812 926 2866 esti
953 2803 1084 2879 Naviga-
1099 2810 1116 2866 6

101 2889 202 2950 tiones
220 2890 330 2964 longas
350 2895 381 2948 et
402 2889 566 2964 pererratis
586 2888 725 2951 litoribus
744 2890 852 2950 alienis
873 2905 962 2951 seros
984 2890 1014 2948 in
1032 2905 1083 2964 pa-

100 2973 189 3033 triam
209 2974 325 3033 reditus
348 2973 564 3048 proponimus,
585 2974 720 3034 mititiam
741 2981 770 3033 et
785 2971 1082 3034 castrensiumlabo-

100 3072 170 3116 rum
190 3058 278 3116 tarda
299 3055 492 3132 manipretio,
514 3057 748 3132 procurationes
770 3056 1005 3131 officiorumque
1028 3071 1083 3130 por

102 3139 206 3201 officia
227 3156 410 3215 processus,
435 3156 503 3201 cum
523 3139 644 3200 interim
665 3140 705 3199 ad
727 3142 804 3200 tatus
819 3158 903 3201 mors
919 3146 980 3213 est,
1004 3154 1083 3213 quae

101 3224 247 3300 quoniam
267 3241 433 3299 numquam
453 3223 603 3298 cogitatur
622 3224 681 3284 nisi
703 3224 816 3298 aliena,
842 3223 974 3285 subinde
993 3221 1083 3282 nobis

99 3308 280 3382 ingeruntur
299 3309 487 3369 mortalitatis
508 3308 648 3382 exempla
671 3324 732 3367 non
753 3308 880 3381 diutius,
905 3322 996 3382 quam
1011 3306 1083 3365 dum

100 3391 261 3466 miramur,
281 3393 423 3455 haesura.
456 3392 535 3466 Quid
556 3394 656 3453 autem
678 3391 798 3452 stultius
822 3407 913 3468 quam
932 3388 1035 3451 mirari
1054 3389 1115 3455 idn

100 3475 230 3537 uliodie
247 3477 373 3552 iactum,
391 3477 475 3552 quod
489 3474 571 3536 omni
586 3483 688 3551 potest
702 3476 789 3536 fierit
809 3483 869 3536 stat
886 3475 1008 3552 quidem
1024 3481 1081 3534 ter-
