2468 3930
158 205 222 269 262
447 209 488 269 L..
500 207 648 268 ANNAEI
671 206 846 268 SENECAE

125 362 214 425 state
232 360 376 421 'naturale
397 357 534 418 invenire
555 359 613 419 sibi
633 359 760 434 aliquod
779 361 1029 436 receptaculum?
1061 360 1136 421 Mihi

156 446 261 518 crede,
290 444 362 503 felix
383 441 458 502 iliud
479 443 617 503 seculum
638 450 708 503 ante
728 436 958 523 ἀρχιτέκτονας
982 441 1051 504 suit:
1078 445 1137 505 ista

155 538 225 590 nuta
239 535 309 588 sunt
323 527 381 587 iarn
396 534 541 586 nascente
556 527 691 599 luxuria,
713 527 743 587 in
759 529 939 603 quadratum
956 525 1038 601 tigna
1053 529 1134 588 deci-

154 613 227 673 dere
248 619 277 672 et
298 626 383 671 serra
403 625 459 685 per
478 610 638 684 designata
658 618 798 672 currente
815 618 897 671 certa
911 627 1004 670 manu
1017 612 1134 673 trabem

153 696 303 757 scindere.

287 794 358 839 nom
368 780 463 854 primi
474 781 576 839 cuneis
588 779 763 839 scindebant
773 781 865 852 fissile
878 781 1000 854 immuta.

152 880 213 924 non
232 864 311 924 enim
324 871 404 923 tecta
419 860 591 922 coenationi
607 865 727 936 epulum
741 869 922 937 recepturae
937 862 1132 938 parabantur,

151 963 208 1007 nec
229 947 260 1007 in
282 947 362 1008 hunc
383 962 473 1006 usum
491 946 581 1019 pinus
597 953 648 1006 aut
662 946 748 1005 abies
765 946 960 1007 deserebatur
974 948 1066 1022 longo
1082 963 1132 1007 ve-

150 1031 321 1100 hiculorum
338 1030 445 1090 ordine
458 1029 534 1089 vicis
548 1029 843 1104 intrementibusqut
857 1045 897 1090 ex
912 1030 963 1090 ilie
977 1030 1133 1091 lacunaria

110 1125 224 1178 loauro
244 1114 349 1190 gravia
370 1114 552 1189 penderent:
576 1115 681 1173 furcae
704 1114 855 1188 utrimque
879 1129 1053 1189 suspensae
1076 1116 1132 1181 iut-

151 1199 273 1260 eicbant
286 1214 399 1259 oasam.
422 1197 565 1272 spissatis
580 1197 746 1258 ramalibus
761 1213 798 1258 ao
812 1198 922 1257 fronde
937 1204 1086 1274 congesta
1102 1206 1133 1259 et

151 1282 181 1342 in
198 1283 334 1359 proclive
348 1282 502 1356 disposita
517 1282 667 1342 decursus
688 1280 837 1342 imbribus
855 1284 996 1355 quamvis
1013 1282 1131 1356 magnis

151 1373 225 1426 erat.
257 1365 320 1427 Sub
334 1365 382 1424 bis
397 1366 485 1427 tectis
499 1363 689 1440 habitavere,
708 1365 765 1424 sed
780 1365 890 1424 securi.
923 1367 1041 1427 culmus
1057 1366 1130 1425 libe-

110 1459 201 1512 11ros
219 1450 310 1510 texit:
337 1449 395 1510 sub
417 1454 568 1507 marmore
589 1457 680 1523 atque
700 1464 776 1509 auro
792 1451 924 1510 servitus
944 1449 1069 1511 habitat.
1098 1450 1131 1509 in

147 1535 200 1595 ilio
223 1548 348 1608 quoque
369 1531 518 1592 dissentio
539 1548 557 1591 a
579 1531 761 1607 Posidonio,
790 1534 873 1607 quod
894 1534 1132 1594 ferramenta

149 1616 308 1677 fabrilia
323 1615 495 1690 excogitata
509 1632 526 1675 a
541 1616 731 1691 sapientibus
745 1615 819 1677 viris
830 1616 954 1679 iudicat.
976 1617 1035 1678 isto
1050 1618 1128 1677 enim

148 1699 240 1761 modo
256 1699 337 1760 dicat
351 1699 423 1760 lieet
438 1699 594 1774 sapientes
611 1700 723 1775 tuisse,
742 1717 797 1776 per
815 1717 894 1776 quos

232 1791 303 1844 tubo
316 1786 430 1859 laqueis
442 1790 566 1859 captore
577 1785 666 1858 feros
679 1791 709 1845 et
718 1785 832 1859 fallere
845 1789 923 1846 caseo

232 1872 380 1929 incentum
394 1874 423 1929 et
436 1884 559 1942 maanus
573 1870 696 1929 cantiae
708 1869 899 1931 circumdare
913 1872 1013 1929 saltus.

148 1952 250 2012 omnia
264 1950 344 2011 enim
361 1952 420 2012 ista
434 1952 586 2027 sagacitas
601 1951 773 2026 hominum,
795 1969 857 2013 non
877 1949 1025 2028 sapientia
1043 1949 1126 2009 inve-

108 2036 199 2100 12nit.
225 2036 259 2096 ln
273 2035 333 2096 hoc
351 2052 475 2112 quoque
490 2036 647 2109 dissentio,
663 2036 820 2111 sapientes
832 2037 938 2110 fuisse,
953 2035 1017 2110 qui
1032 2033 1045 2092 1
1050 2035 1127 2093 crri

147 2120 304 2180 metalla
329 2127 365 2180 et
391 2121 495 2180 aeris
519 2120 704 2194 invenerint,
729 2135 799 2182 oum
821 2119 963 2180 incendio
984 2118 1128 2178 silvarum

148 2203 258 2265 adusta
272 2205 361 2265 telius
377 2204 407 2265 in
419 2220 538 2265 summo
550 2220 645 2264 venas
659 2203 795 2266 iacentes
807 2205 971 2279 liquefacta
982 2202 1127 2263 fudisset:

108 2289 201 2354 laisla
222 2288 299 2349 tales
320 2288 492 2362 inveniunt,
515 2289 622 2363 quales
644 2291 756 2349 colunt.
793 2288 837 2347 Ne
858 2289 908 2348 ilia
930 2287 1053 2363 quidem
1068 2293 1127 2346 tam

148 2371 268 2432 subtilis
288 2372 360 2432 mihi
382 2373 521 2448 quaestio
541 2373 663 2433 videtur
690 2387 779 2446 quam
798 2371 983 2432 Posidonim
1006 2377 1127 2443 „utrum

147 2458 310 2517 malleus
322 2456 353 2515 in
364 2473 425 2517 usu
438 2472 509 2517 esse
522 2455 607 2530 prius
619 2472 657 2516 an
670 2456 835 2516 forfices
848 2454 1036 2532 coeperint.“
1047 2460 1127 2514 utra-

148 2557 209 2616 que
224 2540 341 2600 invenit
354 2539 465 2615 aliquis
482 2540 604 2600 excitati
617 2539 745 2615 ingenii,
761 2538 860 2610 acuti,
876 2556 938 2600 non
954 2539 1056 2614 magni
1071 2554 1127 2598 nee

147 2622 231 2696 etati,
254 2630 286 2683 et
305 2623 452 2699 quioquid
474 2623 555 2682 aliud
577 2639 708 2700 corpore
727 2624 886 2684 incurvato
906 2630 937 2684 ct
955 2624 1058 2682 animo
1073 2622 1127 2682 hu-

146 2722 229 2767 mum
244 2713 402 2780 spectante
418 2706 626 2781 quaerendum
642 2714 703 2768 est:
718 2708 843 2783 sapiens
858 2707 956 2767 facitis
969 2707 1051 2766 victu
1063 2704 1126 2766 tuit.

147 2789 274 2864 quidnir
295 2804 362 2850 cum
384 2788 445 2850 hoe
466 2807 590 2866 quoque
612 2793 717 2854 seculo
740 2807 811 2852 esse
826 2807 917 2867 quam
932 2788 1126 2864 expeditissi-

105 2882 214 2939 14mus
229 2873 341 2949 cupiat.
369 2874 545 2948 Quomodo,
560 2891 615 2936 cro
632 2883 677 2950 te,
693 2876 849 2948 convenit,
865 2880 942 2935 utet
956 2874 1125 2947 Diogenem

146 2957 264 3017 mireris
285 2964 315 3017 et
328 2958 518 3018 Daedalum?
545 2967 612 3020 uter
632 2976 672 3020 ex
691 2960 741 3021 his
765 2960 891 3035 sapiens
911 2958 965 3018 tibi
985 2956 1127 3017 videtur?

147 3043 198 3118 qui
213 3057 328 3102 serram
344 3051 534 3103 commentus
549 3051 605 3117 est,
621 3045 739 3119 anille,
755 3044 807 3118 qui
823 3059 891 3103 oum
907 3042 1035 3102 vidisset
1050 3052 1125 3114 pue·

145 3143 211 3186 rum
232 3142 309 3186 cava
328 3143 420 3187 manu
439 3127 593 3188 bibentem
609 3143 735 3203 aquam,
759 3127 849 3202 tregit
868 3127 1007 3202 protinus
1021 3137 1125 3184 exem-

144 3219 261 3286 ptume
285 3214 392 3285 perula
416 3212 539 3272 culicem
564 3212 623 3271 hae
643 3211 854 3286 obiurgatione
875 3210 940 3272 sui=
960 3205 1127 3286 „quamdiu

145 3294 237 3356 homo
258 3297 369 3356 stultus
390 3311 600 3370 supervacuas
622 3295 759 3357 sarcinas
780 3295 914 3355 habuit“
936 3294 988 3369 qui
1003 3309 1039 3352 se
1053 3307 1125 3351 oon·

103 3385 136 3440 15
144 3378 249 3454 plicuit
262 3378 293 3438 in
314 3380 398 3441 dolio
419 3386 450 3440 et
468 3381 497 3440 in
520 3397 558 3441 eo
578 3381 743 3441 cubitavit?
763 3379 863 3440 Hodie
883 3385 982 3439 utrum
1003 3375 1126 3437 tandem

145 3461 362 3538 sapientiorem
377 3470 477 3539 putas,
493 3465 545 3539 qui
560 3464 682 3539 invenit,
698 3462 955 3540 quemadmodum
969 3461 1000 3521 in
1011 3461 1127 3520 iumen·
