2468 3930
173 247 238 313 404
467 247 498 305 L.
518 245 665 306 ANNAEI
687 243 862 305 SENECAE

174 400 326 473 ciliantur,
352 397 381 456 in
409 413 470 471 qua
491 403 570 456 sunt.
613 396 717 456 Infans
738 393 806 456 sine
826 393 968 456 dentibus
989 402 1053 457 esta
1081 394 1155 458 huic

174 480 381 545 constitutioni
407 495 483 540 suae
508 480 695 540 conciliatur.
726 480 807 540 enati
829 487 900 540 sunt
925 479 1048 540 dentes=
1081 479 1155 542 huie

174 564 380 628 constitutioni
395 563 581 624 conciliatur.
613 581 683 623 nam
697 571 728 623 et
742 564 792 622 illa
806 563 910 637 herba,
925 561 1049 638 quaein
1065 580 1154 638 sege-

172 658 233 710 tem
254 651 434 722 frugemque
454 656 582 708 ventura
601 655 663 722 est,
685 648 773 707 aliam
796 646 1042 708 constitutionem
1062 647 1156 710 habet

172 740 278 793 tenera
292 740 322 792 et
336 731 389 792 vix
403 732 540 792 eminens
555 732 653 806 sulco,
668 732 766 805 aliam,
783 747 853 791 cum
865 731 1019 791 convaluit
1030 739 1061 791 et
1071 732 1154 791 molli

174 816 297 891 quidem
313 817 422 890 culmo,
438 815 495 875 sed
511 832 573 891 quo
589 818 666 876 ierat
682 831 761 875 onus
776 831 874 886 suum,
894 814 1037 889 constitit,
1054 816 1154 888 aliam,

173 915 243 960 cum
256 898 397 960 flavescit
416 906 446 959 ει
466 899 506 958 ad
526 915 629 959 aream
643 905 763 974 spectat
776 907 806 960 et
821 899 909 974 spica
923 899 991 958 eius
1005 898 1154 958 induruit=

173 985 204 1045 in
220 999 444 1059 quamcumque
460 981 708 1044 constitutionem
722 983 814 1058 venit
832 998 900 1042 eam
916 989 1027 1054 tuetur,
1043 982 1155 1042 ineam

132 1072 165 1127 16
174 1066 365 1144 conponitur.
409 1065 479 1126 Alia
494 1075 542 1128 est
555 1074 640 1127 aetas
654 1065 792 1140 infantis,
813 1067 915 1141 pueri,
935 1065 1154 1139 adulescentis,

173 1150 273 1212 senis=
294 1167 352 1226 ego
374 1157 474 1210 tamen
495 1149 576 1209 idem
598 1167 680 1222 sum,
701 1150 754 1225 qui
769 1157 800 1209 et
812 1151 913 1210 inians
928 1150 972 1210 lui
989 1156 1019 1209 et
1034 1165 1111 1225 puer
1125 1157 1156 1209 ει

172 1235 366 1296 adulescens.
387 1232 442 1308 sic,
455 1233 595 1308 quamvis
608 1234 668 1293 alia
680 1239 773 1309 atque
784 1234 843 1293 alia
854 1232 966 1308 cuique
978 1233 1154 1295 constitutio

173 1320 227 1392 sit,
253 1317 424 1378 conciliatio
446 1317 670 1378 constitutionis
692 1332 767 1377 suae
782 1318 890 1378 eadem
906 1323 963 1378 est.
995 1318 1154 1378 nonenim

174 1418 301 1477 puerum
315 1401 387 1460 mihi
402 1408 454 1461 aut
467 1401 609 1461 iuvenem
624 1408 676 1461 aut
690 1417 806 1475 senem,
821 1401 879 1461 sed
891 1407 1059 1462 manatura
1072 1417 1153 1462 com·

174 1486 305 1547 mandat.
328 1500 402 1559 ergo
414 1485 515 1544 iulans
527 1483 556 1544 ei
568 1485 774 1546 constitutioni
786 1500 861 1545 suae
873 1485 1060 1558 conciliatur,
1074 1498 1155 1560 quae

172 1576 246 1630 tunc
260 1567 367 1630 intanti
381 1575 442 1643 est,
461 1585 522 1629 non
538 1585 617 1644 quae
632 1570 733 1630 lutura
747 1569 849 1628 iuveni
865 1576 921 1629 est.
948 1569 1154 1644 nequeenim,

175 1653 202 1712 si
216 1653 333 1727 aliquid
347 1652 389 1714 illi
406 1651 526 1727 malua,
545 1653 575 1712 in
598 1654 682 1728 quod
702 1659 853 1726 transeat,
876 1659 985 1724 restat,
1012 1669 1074 1713 non
1095 1653 1155 1713 hoo

133 1743 165 1799 17
174 1753 306 1812 quoque,
322 1737 352 1795 in
369 1754 430 1811 quo
447 1736 590 1810 nascitur,
606 1737 775 1797 seeundum
789 1743 928 1798 naturam
942 1744 998 1797 est.
1023 1735 1155 1796 Primum

176 1820 233 1881 sibi
253 1821 355 1896 ipsum
374 1820 552 1881 conciliatur
572 1821 699 1881 animal:
726 1820 818 1882 debet
837 1821 917 1880 enim
934 1820 1050 1896 aliquid
1072 1835 1154 1893 esse,

175 1905 215 1966 ad
235 1906 320 1980 quod
340 1905 398 1965 alia
418 1905 602 1965 reserantur:
636 1904 824 1979 voluptatem
851 1910 937 1980 peto,
963 1903 1033 1964 cuit
1063 1904 1155 1964 milia

175 2004 249 2063 ergo
263 1989 323 2049 mei
338 2004 442 2048 euram
457 2004 526 2063 ago.
548 1989 685 2050 dolorem
699 1987 828 2062 refugio,
845 2004 900 2064 pro
917 1993 999 2063 quot
1021 2003 1154 2063 prome:

175 2088 249 2147 ergo
264 2071 324 2132 mei
339 2089 442 2132 curam
459 2088 527 2147 ago.
554 2074 581 2132 si
603 2073 704 2133 omnia
722 2079 849 2148 propter
869 2087 972 2132 curam
984 2071 1044 2132 mei
1062 2071 1154 2146 facio,

168 2163 245 2216 ante
266 2158 367 2217 omnia
387 2163 435 2217 est
454 2157 513 2216 mei
534 2172 617 2216 cura.
645 2157 722 2216 haec
744 2154 924 2216 animalibus
939 2155 1020 2217 inest
1036 2156 1154 2216 cunctis

134 2250 168 2306 18
176 2256 233 2300 nec
248 2241 397 2316 inseritur,
414 2241 469 2301 sed
487 2241 662 2302 innascitur.
690 2239 836 2300 Producit
849 2241 929 2301 letus
945 2255 1021 2300 suos
1036 2247 1153 2312 natura,

174 2340 237 2385 non
255 2323 355 2385 abicit.
377 2333 408 2385 et
423 2325 495 2400 quia
510 2326 604 2386 tutela
618 2323 789 2384 certissima
803 2340 841 2383 ex
858 2323 997 2398 proximo
1016 2332 1078 2396 est,
1096 2322 1154 2385 sibi

176 2409 308 2485 quisque
322 2409 505 2470 commissus
521 2417 578 2470 est.
600 2409 713 2483 itaque,
727 2414 760 2468 ut
774 2407 805 2467 in
821 2406 975 2483 prioribus
990 2407 1154 2486 [epistulis]

175 2493 247 2565 dixi,
264 2498 369 2553 tenera
383 2508 508 2568 quoque
522 2491 664 2552 animalia
674 2499 704 2552 et
715 2499 852 2552 materno
866 2499 953 2552 utero
964 2493 1014 2551 vel
1027 2507 1153 2567 quoquo

174 2577 266 2636 modo
285 2576 401 2652 effusa,
424 2576 498 2651 quid
518 2577 557 2636 sit
571 2575 714 2636 infestum
729 2573 822 2650 ipsis,
847 2574 986 2651 protinus
1000 2583 1111 2636 norunt
1125 2581 1154 2634 et

175 2660 330 2719 mortitera
352 2659 503 2721 devitant:
530 2659 668 2719 umbram
693 2674 818 2735 quoque
839 2657 1092 2720 transvolantium
1106 2675 1152 2718 re-

175 2740 339 2802 formidant
354 2741 488 2803 obnoxia
503 2743 610 2802 avibus
627 2749 716 2818 rapto
730 2742 912 2804 viventibus.
956 2742 1077 2803 Nullum
1090 2742 1153 2802 ani·

134 2825 168 2881 19
176 2822 237 2884 mal
250 2824 291 2883 ad
306 2825 398 2885 vitam
413 2825 516 2900 prodit
530 2824 597 2886 sine
611 2833 693 2886 metu
707 2827 823 2887 mortis.
860 2826 1151 2901 „Quemadmodum

175 2905 281 2983 inquit,
296 2907 410 2968 editum
425 2907 535 2968 animal
549 2909 733 2970 intellectum
747 2910 862 2970 habere
878 2916 931 2971 aut
943 2911 1087 2972 salutaris
1103 2916 1154 2970 aut

175 2992 348 3054 mortiferae
361 2991 405 3052 rei
423 2997 570 3068 potestt“
612 2992 743 3055 Primum
759 2992 920 3068 quaeritur,
936 3010 974 3055 an
990 2994 1152 3068 intellegat

174 3092 236 3137 non
259 3077 515 3152 quemadmodum
539 3078 702 3154 intellegat.
734 3092 806 3138 esse
829 3086 931 3140 autem
955 3076 1015 3140 illis
1036 3078 1152 3138 intelle-

175 3170 272 3238 ctum,
286 3176 327 3222 ex
341 3177 378 3222 eo
393 3163 535 3237 adparet,
554 3161 637 3237 quod
654 3161 726 3221 nihil
742 3162 883 3237 amplius,
900 3162 926 3222 si
940 3159 1152 3235 intellexerint

174 3245 294 3306 facient.
318 3246 392 3321 quid
409 3252 465 3318 est,
483 3261 579 3321 quare
594 3261 760 3322 pavonem,
777 3261 874 3321 quare
886 3261 1028 3307 anserem
1042 3244 1154 3322 gallina

174 3344 213 3389 ne
229 3328 339 3405 fugiat,
361 3336 393 3391 at
406 3335 490 3391 tanto
506 3330 652 3390 minorem
671 3337 702 3391 et
715 3346 754 3390 ne
769 3338 873 3391 notum
890 3329 1013 3406 quidem
1030 3328 1089 3390 sibi
1103 3344 1153 3389 aa·

175 3414 334 3487 cipitreml
355 3429 450 3487 quare
462 3414 534 3489 pulli
545 3415 653 3474 faelem
664 3415 798 3488 timeant,
815 3429 922 3475 canem
933 3429 997 3474 non
1007 3414 1154 3476 timeantt

171 3496 304 3574 adparet
323 3495 385 3559 illis
406 3498 510 3558 inesse
531 3498 661 3559 nocituri
683 3497 841 3560 scientiam
863 3497 1153 3575 non-experimento
