2468 3930
204 212 268 276 206
491 209 525 269 L.
545 208 691 270 ANNAEI
718 207 894 270 SENECAE

331 364 380 423 En
392 366 506 440 impero
519 362 609 436 Arpis
617 383 627 421 .·
640 378 737 436 reond
751 364 827 423 mihi
839 364 925 439 liquit
936 362 1059 438 Pelops,

334 464 395 522 quo
407 453 496 524 ponto
511 448 550 506 ab
565 447 666 507 Helles
680 452 769 522 atque
783 449 823 507 ch
835 447 921 508 Ionio
934 449 1017 507 mari

333 538 458 605 creetur
470 531 605 604 Isthmos,

207 629 316 676 servus
331 621 392 675 est:
417 616 553 690 quinque
568 614 690 675 modios
705 612 862 689 accipitet
878 613 1015 689 quinque
1030 613 1188 677 denarios.

176 700 260 762 sllfe
282 697 335 773 qui
354 699 509 774 superbus
532 705 624 772 atque
640 697 782 772 inpotens
799 706 829 759 et
844 698 958 759 fiducia
974 697 1085 759 virium
1100 701 1188 761 tumi-

206 783 265 843 dus
279 782 334 842 ait:

295 868 375 941 quod
386 870 447 927 nisi
457 869 579 942 quomo,
596 866 749 940 Menelao,
764 867 823 928 ltac
838 866 949 928 decha
963 868 1098 942 occides,

206 948 348 1010 diurnum
366 950 494 1026 occipit,
514 951 545 1010 in
562 951 745 1010 centunculo
761 950 881 1011 dormit
915 949 1002 1010 Idem
1016 951 1057 1011 de
1072 952 1142 1014 istis
1153 953 1187 1012 li·

206 1040 255 1093 cet
274 1035 416 1095 omnibus
439 1035 541 1109 dicas,
571 1049 651 1107 quos
672 1049 766 1109 supra
787 1033 889 1109 capita
902 1034 1061 1097 hominum
1078 1052 1187 1112 supra-

207 1133 269 1193 que
282 1119 402 1179 turham
419 1119 567 1179 delicatos
579 1118 688 1179 lectica
702 1119 878 1193 suspendit:
903 1119 1039 1179 omnium
1059 1119 1188 1181 istorum

209 1211 374 1278 personata
390 1203 519 1264 felicitas
535 1209 591 1263 est.
613 1210 790 1263 contemnes
806 1201 892 1277 illos,
908 1200 936 1263 si
951 1202 1188 1278 despoliaveris.

179 1286 327 1362 9Equum
349 1295 507 1362 empturus
528 1287 607 1348 solvi
634 1287 722 1347 iubes
750 1293 888 1347 stratum.
934 1287 1070 1347 detrahis
1097 1288 1188 1347 vesti-

207 1378 310 1430 menta
324 1371 499 1444 venalibus,
516 1387 555 1430 ne
568 1387 630 1446 qua
644 1371 717 1432 vitia
728 1371 870 1445 corporis
885 1372 1013 1433 lateantz
1033 1370 1188 1431 hominem

206 1455 375 1515 involutum
391 1454 559 1515 aestimas?
587 1470 756 1529 mangones
772 1455 920 1531 quicquid
937 1461 1000 1530 est,
1020 1452 1106 1530 quod
1121 1453 1187 1515 dis·

206 1538 332 1612 pliceat,
362 1539 466 1613 aliquo
482 1536 634 1599 lenocinio
657 1538 867 1601 abscondunt:
890 1539 994 1615 itaque
1012 1536 1187 1599 ementibus

207 1629 386 1683 ornamenta
400 1623 470 1697 ipsa
485 1629 633 1697 suspecta
647 1629 733 1683 sunt=
762 1623 829 1684 sive
853 1638 925 1684 crus
940 1623 1104 1699 adligatum
1120 1621 1188 1682 sive

206 1704 363 1765 brachium
385 1706 579 1780 adspiceres,
608 1706 717 1765 nudari
737 1707 859 1768 iuberes
880 1713 911 1766 et
932 1707 1036 1782 ipsum
1050 1705 1104 1767 tibi
1121 1721 1186 1766 cor-

164 1797 198 1852 10
206 1805 267 1864 pus
286 1790 415 1849 ostendi.
441 1789 537 1849 Vides
549 1790 633 1850 illurn
646 1789 791 1867 Scythiae
803 1790 1013 1852 Sarmatiaeve
1022 1805 1130 1866 regem
1143 1788 1186 1848 in-

205 1871 285 1948 signi
305 1873 414 1947 capitis
436 1873 604 1934 decorumt
633 1874 660 1934 si
683 1874 731 1935 vis
753 1875 836 1936 illurn
851 1876 1015 1936 aestimare
1029 1881 1186 1949 totumque

204 1956 301 2031 scire,
328 1958 428 2030 qualis
448 1957 502 2029 sit,
532 1955 660 2018 fasciam
681 1960 787 2019 solve:
813 1959 939 2020 multum
960 1960 1031 2020 mali
1053 1957 1114 2020 sub
1135 1956 1186 2017 illa

203 2041 285 2101 latet.
321 2040 398 2113 Quid
415 2041 454 2100 de
472 2041 540 2104 aliis
555 2043 690 2117 loquort
717 2044 744 2103 si
758 2044 952 2119 perpendere
965 2050 995 2104 te
1012 2045 1116 2118 voles,
1137 2054 1185 2101 se-

204 2141 286 2200 pone
301 2126 478 2200 pecuniam,
500 2126 641 2199 domum,
660 2126 853 2201 dignitatem=
883 2128 965 2189 intus
981 2133 1012 2189 te
1026 2128 1098 2204 ipse
1112 2140 1184 2187 con-

205 2208 324 2268 sidera:
347 2226 428 2270 nunc
444 2211 545 2285 qualis
560 2211 620 2284 sis,
642 2209 710 2270 aliis
726 2211 839 2271 credis.
867 2212 956 2272 Vale.

497 2346 714 2405 EPISTULA
738 2348 773 2405 ΙΙ.
801 2350 873 2420 (81.)

456 2443 567 2496 Seneca
585 2446 698 2496 Lucrum
718 2455 770 2496 suo
790 2456 931 2500 sucorum.

175 2552 190 2603 1
265 2545 407 2619 Quereris
431 2547 578 2607 incidisse
598 2554 628 2608 te
649 2545 854 2606 inhominem
875 2545 1042 2620 ingratuma
1078 2542 1106 2609 si
1126 2544 1187 2609 hoc

202 2645 284 2689 nunc
299 2630 444 2704 primum,
474 2647 531 2704 age
547 2637 600 2690 aut
614 2632 753 2691 fortunae
776 2637 828 2691 aut
842 2628 1016 2705 diligentiae
1031 2635 1104 2693 tuae
1116 2644 1185 2706 gra-

202 2713 271 2771 tias.
307 2713 365 2773 sed
384 2713 458 2772 nihil
479 2714 581 2774 facere
603 2713 663 2774 hoc
684 2715 754 2775 loco
778 2713 934 2788 diligentia
953 2721 1060 2790 potest
1078 2713 1186 2775 uisite

203 2793 378 2869 malignum.
416 2813 485 2857 narn
507 2799 534 2858 si
554 2798 615 2858 hoc
632 2799 801 2873 periculum
822 2799 919 2858 vitare
940 2798 1093 2873 volueris,
1122 2807 1185 2860 nou

203 2877 292 2939 dabis
312 2880 477 2941 beneficia:
492 2883 533 2942 ita
548 2898 587 2942 ne
603 2884 688 2957 apud
702 2882 793 2942 alium
811 2890 947 2958 pereant,
970 2882 1054 2959 apud
1067 2888 1099 2943 te
1113 2896 1185 2958 por·

202 2962 297 3022 ibunt.
316 2963 383 3025 Non
399 2968 609 3041 respondeant
624 2964 831 3043 potiusquam
847 2982 908 3027 non
924 2966 1051 3028 denturs
1066 2972 1186 3043 etpost

202 3049 311 3107 molam
334 3057 469 3125 segetem
490 3052 653 3112 serendum
674 3057 731 3110 est
766 3067 863 3127 saepe
884 3048 1034 3127 quicquid
1049 3048 1186 3126 perierat

203 3133 334 3194 adsidua
348 3134 479 3196 infelicis
495 3137 553 3196 soli
566 3135 737 3210 sterilitate,
752 3136 844 3197 unius
860 3135 932 3196 anni
945 3133 1079 3195 restituit
1091 3133 1184 3197 uber·

172 3223 257 3277 itas.
293 3217 349 3279 Est
363 3218 452 3291 tanti,
475 3227 508 3281 ut
523 3227 642 3295 gratum
656 3219 810 3293 inveniaS,
839 3219 973 3295 experiri
987 3225 1020 3281 et
1032 3218 1184 3294 ingratos.

202 3317 292 3362 nemo
315 3302 408 3364 habet
427 3309 488 3364 tam
510 3311 622 3365 certam
647 3301 679 3363 in
699 3302 859 3365 beneficiis
883 3318 1024 3376 manum,
1058 3307 1093 3364 ut
1120 3318 1184 3365 nou

202 3399 297 3461 saepe
318 3387 453 3448 fallatur:
489 3389 645 3461 aberrent,
674 3389 895 3465 utaliquando
916 3387 1080 3449 haereantz
1109 3392 1185 3464 post

201 3469 392 3544 naufragium
414 3472 508 3532 maria
528 3478 722 3548 temptantur.
761 3474 964 3535 feneratorem
983 3487 1048 3535 non
1061 3471 1184 3548 lugma
