2468 3930
165 254 227 320 124
452 253 487 314 L.
508 253 655 312 ANNAEI
677 252 853 314 SENECAE

165 416 219 470 aut
240 406 408 481 tangimus,
433 405 518 465 Plato
543 402 656 464 inillis
682 420 742 464 non
768 411 920 477 numerat,
944 419 1025 478 quae
1050 421 1142 469 esse

167 490 327 567 proprie
340 494 436 564 putat.
470 487 567 548 iluunt
581 488 669 560 enim,
689 490 741 559 [et]
754 487 783 547 in
796 487 926 547 adsidua
941 488 1142 551 diminutione

167 582 259 649 atque
280 573 450 633 adiectione
470 578 549 631 suut.
584 585 673 629 nemo
694 578 831 630 nostrum
846 570 928 630 idem
943 572 1036 632 estin
1051 588 1141 634 sene·

167 664 264 728 etute,
284 657 336 731 qui
357 655 413 715 luit
434 654 564 714 iuvenis.
602 668 690 713 nemo
710 660 848 714 nostrum
869 660 917 714 est
936 652 1018 715 idem
1039 670 1141 732 mene,

167 741 220 815 qui
236 739 291 798 luit
307 738 414 813 pridie.
437 752 570 811 corpora
581 743 687 796 nostra
701 737 860 810 rapiuntur
871 735 1030 799 fluminum
1042 754 1140 801 more

169 822 313 898 quicquid
335 820 439 894 vides,
462 821 554 880 currit
573 835 642 879 cum
659 826 806 894 tempore.
834 820 908 879 nihil
928 836 967 880 ex
980 820 1036 896 iis,
1060 838 1141 898 quae
1219 854 1222 875 ι

168 906 325 976 videmus
348 910 458 964 manet.
494 911 523 963 et
544 919 601 977 ego
622 903 703 976 ipse,
725 904 797 963 dum
817 903 929 977 loquor
949 904 1139 981 mutati'lsta,

124 994 300 1050 remutatus
322 1004 400 1048 sum.
434 988 502 1047 Hoc
524 992 585 1058 cst,
609 986 694 1061 quod
715 987 756 1046 ait
776 987 963 1048 Heraclitusz
991 991 1043 1061 „in
1060 990 1140 1051 adem

162 1077 274 1149 flumen
287 1073 330 1133 bis
344 1072 548 1133 descendimus
560 1076 589 1131 et
603 1086 663 1130 non
683 1071 913 1131 demendtmus.“
941 1079 1045 1132 manet
1058 1073 1140 1133 enim

166 1158 246 1216 idem
263 1155 396 1215 fluminis
411 1170 538 1228 nomen,
561 1170 642 1228 aqua
657 1154 837 1214 transmissa
852 1161 908 1214 est
930 1153 990 1214 hoc
1003 1154 1036 1214 ia
1050 1170 1141 1216 amne
1220 1162 1223 1175 '

166 1240 357 1300 manifestius
379 1245 426 1298 est
447 1237 587 1312 quamin
607 1236 740 1298 homine.
778 1237 836 1297 sed
855 1252 913 1297 nos
936 1253 1063 1313 quoque
1077 1256 1139 1301 non
1219 1306 1222 1311 ,

167 1325 267 1384 minus
292 1324 384 1382 velox
406 1337 516 1381 cursus
530 1319 761 1395 'praetervehit
784 1328 814 1381 et
833 1320 904 1381 ideo
928 1320 1065 1384 admiror
1084 1324 1138 1383 de·

167 1405 309 1468 mentiam
331 1412 481 1476 nostram,
512 1404 595 1479 quod
621 1410 780 1478 tantopere
804 1403 942 1464 amamus
963 1421 1027 1465 rem
1053 1406 1137 1481 iuga·

167 1490 336 1561 cissimam‚
359 1503 487 1561 corpus,
514 1488 732 1562 timemusque,
760 1503 799 1546 ne
820 1488 943 1562 quando
963 1489 1139 1564 moriamur,

167 1588 235 1632 cum
253 1586 342 1631 omne
363 1579 546 1631 momentum
573 1586 656 1630 mors
682 1571 793 1645 prioris
817 1571 939 1632 habitus
960 1571 1015 1632 sits
1037 1572 1138 1637 vista

125 1659 228 1715 alnon
245 1655 365 1726 timere,
388 1670 427 1714 ne
443 1656 538 1714 semel
558 1653 626 1728 liat,
648 1655 734 1729 quod
754 1654 864 1714 cotidie
877 1655 931 1715 fitv
956 1654 1002 1715 De
1015 1655 1139 1717 homine

168 1739 246 1812 dixi,
270 1738 385 1798 iluvida
400 1737 525 1797 materia
540 1744 569 1797 et
583 1738 701 1798 caduca
715 1746 745 1799 et
760 1737 899 1798 omnibus
917 1738 1053 1800 obnoxia
1067 1756 1134 1801 cau·

167 1823 227 1883 sis:
249 1822 379 1882 mundus
396 1836 535 1896 quoque,
552 1828 675 1882 aeterna
688 1837 740 1882 res
754 1829 785 1882 et
795 1821 921 1896 invicta,
935 1829 1069 1884 mutatur
1081 1838 1139 1885 neo

168 1907 248 1965 idem
269 1912 379 1965 manet.
415 1904 558 1979 Quamvis
577 1905 656 1964 enim
678 1903 779 1965 omnia
799 1907 830 1965 in
851 1921 886 1966 se
910 1905 1036 1981 habeat,
1057 1920 1139 1983 quae

124 1989 286 2062 rehabuit,
308 1988 394 2049 aliter
408 1988 500 2049 habet
514 2005 604 2063 quam
616 1988 734 2049 habuit:
755 1989 892 2049 ordinem
906 1995 1008 2052 mutat
1038 1988 1139 2064 „Quid

167 2072 239 2145 ista,
263 2073 380 2148 inquis,
402 2072 475 2131 mihi
498 2073 647 2149 subtilitas
670 2073 844 2146 prodente‘
880 2071 913 2133 Si
937 2090 986 2135 me
1009 2074 1137 2135 interro-

170 2173 242 2232 gas,
261 2154 343 2216 nihil.
382 2157 439 2216 sed
462 2156 719 2231 quemadmodum
739 2156 789 2215 ille
812 2158 946 2218 caelator
967 2157 1075 2219 oculos
1092 2157 1137 2217 in-

169 2247 268 2301 tentos
291 2239 343 2300 diu
364 2257 401 2300 ac
424 2241 566 2314 fatigatos
588 2240 710 2301 remittit
729 2246 822 2314 atque
841 2248 952 2301 avocat
970 2247 1015 2315 et,
1029 2247 1065 2302 at
1078 2240 1139 2301 dial

168 2327 261 2397 solet,
284 2325 397 2398 pascit:
420 2325 466 2384 sic
488 2340 546 2384 nos
571 2323 705 2384 animum
729 2324 901 2398 aliquantb
919 2324 1069 2386 debemus
1089 2340 1138 2384 re·

89 2433 94 2442 ·
168 2411 272 2468 laxare
293 2417 323 2468 et
348 2408 530 2484 quibusdam
557 2408 786 2468 oblectamentis
814 2407 952 2468 relicere.
992 2409 1049 2468 sed
1069 2406 1139 2482 ipso

168 2493 387 2553 oblectamenta
403 2508 497 2566 opera
509 2491 583 2551 sint:
599 2507 639 2551 ex
649 2491 697 2550 his
714 2507 855 2566 quoque,
874 2491 901 2550 si
912 2489 1139 2564 observaveris,

125 2581 159 2637 26
171 2592 291 2649 sumes,
318 2576 402 2649 quod
427 2575 527 2649 possit
556 2574 622 2634 fieri
651 2575 792 2634 salutare.
840 2575 906 2634 Hoc
931 2590 1007 2650 ego,
1031 2572 1140 2648 Lucili,

168 2661 269 2718 lacere
294 2660 395 2717 solent
424 2674 463 2718 ex
489 2658 571 2716 omni
595 2658 730 2731 notione,
755 2659 873 2717 etiamsi
897 2674 916 2718 a
941 2656 1139 2733 philosophia

167 2739 345 2814 longissime
361 2756 471 2799 aversa
486 2748 548 2812 est,
571 2756 679 2801 eruere
693 2742 807 2816 aliquid
823 2757 919 2802 conor
937 2750 968 2803 et
982 2742 1056 2803 utile
1071 2738 1138 2801 olil-

168 2839 252 2883 cere=
276 2822 349 2897 quid
365 2824 403 2883 de
422 2823 504 2897 istis,
527 2839 606 2898 quae
628 2825 720 2887 modo
740 2825 951 2900 tractavimus,
973 2824 1100 2885 remotis
1121 2838 1141 2883 a

167 2907 382 2967 reformatione
409 2913 549 2967 morumt
585 2910 741 2983 quomodo
771 2909 927 2968 meliorem
958 2925 1008 2968 me
1035 2908 1141 2968 iacere

123 3019 128 3027 ·
167 2991 255 3051 ideae
272 2990 447 3051 Platonicae
470 2999 621 3066 possuntt
653 2992 780 3066 quidex
806 2993 872 3052 istis
897 2991 1030 3066 trabam,
1055 2990 1141 3066 quod

167 3074 347 3149 cupiditates
364 3091 447 3135 meas
464 3077 653 3149 conprimatv
674 3076 722 3134 vel
736 3075 795 3134 hoc
810 3075 920 3150 ipsum,
937 3076 1022 3150 quod
1036 3074 1141 3136 omnia

167 3161 240 3228 ista,
261 3174 340 3233 quae
361 3159 503 3218 sensibus
520 3160 668 3231 serviunt,
692 3173 772 3233 quae
787 3175 845 3219 nos
862 3160 1034 3219 accendunt
1048 3163 1080 3219 el
1095 3158 1141 3218 in·

125 3245 270 3314 atrium,
294 3251 385 3316 negat
408 3242 492 3302 Plato
517 3257 555 3301 ex
581 3241 629 3301 his
650 3258 736 3315 esse,
759 3258 838 3316 quac
859 3257 931 3301 vere
953 3243 1023 3303 sint.
1058 3242 1142 3316 Ergo

167 3325 226 3386 isla
242 3324 420 3400 imaginaria
438 3333 509 3385 sunt
525 3333 556 3387 et
570 3326 609 3385 ad
623 3334 744 3400 tempus
759 3325 891 3400 aliquam
906 3326 1014 3385 taciem
1030 3327 1144 3399 ierunt,

168 3407 241 3468 nilril
262 3408 369 3469 horum
391 3408 500 3469 stabile
514 3424 571 3469 nec
587 3409 719 3469 solidum
735 3415 796 3468 est:
823 3416 852 3468 et
866 3425 923 3470 nos
938 3416 1041 3470 tamen
1056 3405 1143 3485 cupi·

166 3507 252 3564 mus,
273 3498 426 3566 tamquam
451 3499 504 3552 cut
529 3507 650 3568 semper
670 3493 770 3553 lutura
789 3498 841 3552 aut
863 3508 986 3568 semper
1000 3488 1145 3554 habituri.
