2468 3930
98 236 130 296 L.
146 236 185 296 Α.
201 233 332 294 SENEC.
349 232 518 294 EPISTUL.
531 233 625 293 MOR.
648 233 719 295 nin.
732 235 797 296 XV.
811 234 869 295 ΕΡ.
881 246 905 297 1.
917 242 988 311 (9³.)
998 235 1060 302 28³

75 382 321 463 temptoremque
336 388 491 462 fortunae,
506 389 641 448 iunctum
657 387 798 450 omnibus
814 391 1060 455 vitaehumanae

74 470 238 548 stipendiis
249 478 342 546 atque
354 470 385 530 in
399 487 549 531 summum
560 471 674 532 bonum
686 473 753 533 eius
766 481 914 550 evectum,
927 483 957 536 et
967 476 1060 552 illum,

74 557 125 618 cui
139 553 225 615 multi
244 552 316 614 anni
330 555 501 615 transmissi
514 562 606 617 suntt
619 557 694 616 alter
706 564 778 630 post
792 566 918 619 mortem
934 576 1060 636 quoque

73 648 132 715 est,
147 640 224 699 alter
237 646 308 699 ante
322 644 449 699 mortem
464 640 562 713 periit.
600 639 773 701 Laudemus
789 641 893 717 itaque
908 650 939 703 et
957 644 989 703 in
1003 660 1087 718 nu-5

74 739 160 784 mero
184 721 317 782 lelicium
342 738 529 797 reponamus
559 738 644 797 eum,
674 723 723 784 cui
750 728 1059 804 quantulumcumque

73 805 222 882 temporis
239 806 372 880 contigit,
388 807 468 875 bene
483 808 676 868 conlocatum
689 814 745 868 est.
771 807 846 868 vidit
861 810 940 869 enim
955 827 1059 871 veram

74 893 184 953 lucem.
206 907 268 951 non
284 890 340 950 luit
353 907 436 950 unus
453 891 601 951 emultis=
618 898 648 950 et
663 890 738 951 vixit
752 898 782 950 et
795 893 906 965 viguit:
922 895 1059 969 aliquan-

74 976 115 1035 do
131 989 241 1034 sereno
257 989 334 1034 usus
350 981 405 1047 est,
422 974 597 1049 aliquando,
611 980 644 1035 ut
659 975 746 1046 solet,
763 975 855 1034 validi
876 976 987 1037 sideris
1003 978 1059 1051 lui-

73 1074 132 1133 gor
153 1073 210 1133 per
231 1057 335 1118 nubila
350 1056 482 1118 emicuit⁴
518 1057 596 1131 Quid
618 1060 751 1133 quaene,
767 1060 912 1133 quamdiu
928 1058 1059 1122 vixerit?

75 1141 164 1202 vixit:
180 1140 219 1200 ad
234 1148 377 1216 posteros
390 1158 490 1216 usque
501 1141 671 1202 transsiluit
682 1151 712 1202 et
722 1158 757 1201 se
771 1143 801 1201 in
814 1143 990 1222 memoriam
1006 1143 1058 1204 de·

74 1227 128 1287 dit.
168 1225 231 1284 Neo
250 1224 322 1286 ideo
343 1225 414 1284 mihi
429 1227 534 1300 plures
550 1242 649 1286 annos
665 1226 815 1294 accedere
834 1228 1088 1292 recusaverim=6

72 1309 149 1371 nihil
162 1318 262 1371 tamen
281 1309 354 1370 mihi
370 1310 409 1369 ad
424 1310 543 1370 beatam
557 1312 649 1370 vitam
668 1309 806 1370 defuisse
821 1310 929 1383 dicam,
946 1309 973 1371 si
988 1327 1059 1386 spa-

73 1395 150 1455 tium
164 1395 230 1454 eius
244 1393 397 1454 inciditur.
438 1410 500 1454 non
522 1393 601 1454 enim
623 1394 752 1455 adeum
773 1392 854 1453 diem
874 1410 924 1454 me
947 1395 1058 1469 aptavi,

76 1493 166 1553 quem
187 1477 325 1538 ultimum
345 1476 417 1537 mihi
439 1493 513 1552 spes
534 1479 625 1538 avida
646 1476 843 1552 promiserat,
863 1478 920 1537 sed
944 1479 1059 1538 nullum

74 1570 296 1638 menumquam
307 1562 444 1622 ultimum
455 1561 596 1636 adspexi.
619 1561 698 1636 Quid
709 1576 758 1620 me
769 1562 949 1636 interrogas,
963 1578 1060 1637 quan-

75 1646 117 1706 do
130 1654 220 1707 natus
238 1647 316 1705 siml
344 1663 382 1706 an
402 1647 480 1705 inter
501 1645 637 1706 iuniores
658 1644 760 1704 adhuc
781 1652 932 1706 censear?
951 1646 1058 1707 Habeo

75 1745 185 1790 meum.
218 1730 478 1803 Quemadmodum
493 1731 522 1789 in
541 1730 658 1790 minore
677 1730 817 1804 corporis
832 1730 936 1790 habitu
957 1737 1086 1805 poteslp

75 1814 167 1876 homo
187 1829 261 1875 esse
275 1814 439 1889 perlectus,
455 1812 501 1874 sic
516 1822 546 1874 et
560 1813 589 1873 in
602 1815 720 1873 minore
732 1815 879 1888 temporis
895 1814 986 1875 modo
1002 1831 1058 1889 po-

75 1905 135 1959 test
147 1899 209 1959 vita
224 1913 296 1958 esse
310 1899 454 1973 perlecta.
485 1904 570 1958 aetas
584 1898 662 1958 inter
678 1905 805 1958 externa
826 1908 881 1959 est.
912 1898 1059 1974 quamdiu

76 1981 142 2056 sim,
158 1981 289 2043 alienum
306 1989 368 2042 est:
392 1980 536 2057 quamdiu
550 1998 625 2044 vero
641 1985 690 2042 vir
706 1981 780 2055 sim,
796 1997 896 2042 meum
912 1989 968 2042 est.
999 1982 1059 2043 hoc

75 2082 94 2126 a
108 2083 157 2127 me
169 2067 268 2140 exige,
285 2081 325 2124 ne
338 2067 420 2125 velut
434 2081 490 2139 per
501 2067 643 2126 tenebras
658 2080 767 2124 aevum
780 2065 913 2140 ignobile
925 2065 1058 2139 emetiar,

74 2157 107 2210 ut
114 2164 209 2225 agam
219 2150 319 2221 vitam,
336 2165 397 2209 non
410 2155 443 2208 ut
454 2149 678 2223 praetervehar.
694 2148 831 2221 Quaeris,
848 2149 932 2223 quod
944 2147 983 2209 sit
997 2166 1088 2221 alm-g

75 2234 246 2309 piissimum
262 2233 342 2294 vitae
365 2233 517 2308 spatione
558 2247 659 2307 usque
681 2233 719 2292 ad
741 2232 923 2306 sapientiam
943 2231 1057 2293 vivere.

74 2317 127 2392 qui
152 2317 194 2377 ad
213 2317 293 2376 illam
321 2317 478 2392 pervenit,
512 2315 617 2390 adtigit
638 2331 699 2374 non
724 2316 935 2390 longissimum
957 2315 1057 2388 linem,

75 2401 133 2461 sed
146 2400 321 2461 maximum.
364 2402 418 2460 Ille
437 2416 512 2460 vero
539 2400 685 2474 glorietur
707 2399 854 2458 audacter
874 2405 904 2459 et
925 2398 973 2459 dis
990 2406 1059 2473 agat

74 2485 189 2560 gratias
203 2484 345 2559 interque
359 2501 415 2544 eos
431 2483 505 2555 sibi,
523 2491 553 2544 et
566 2499 667 2543 rerum
683 2489 811 2542 naturae
824 2482 956 2558 inputet,
974 2482 1057 2556 quod

75 2569 138 2631 luit
166 2568 273 2630 merito
296 2568 376 2630 enim
397 2568 560 2643 inputabil=
576 2567 732 2628 meliorem
753 2565 794 2625 illi
814 2566 906 2625 vilem
926 2565 1059 2626 reddidit

76 2669 167 2728 quam
183 2653 317 2727 accepit:
332 2653 490 2728 exemplar
503 2652 576 2713 boni
588 2649 644 2711 viri
659 2649 773 2727 posuit.
797 2650 895 2725 qualis
912 2655 1057 2725 quantus—

76 2753 137 2813 que
150 2743 237 2798 esset
250 2736 399 2798 ostendit:
414 2737 441 2798 si
457 2735 530 2811 quid
545 2730 718 2809 adiecisset,
736 2735 845 2796 luisset
857 2732 954 2794 simile
969 2750 1058 2809 prae-

75 2821 174 2881 terito.
202 2821 365 2894 Ettamen,
388 2836 552 2895 quousque
570 2819 714 2891 vivimus,
737 2819 870 2880 omnium
890 2835 991 2879 rerum
1007 2827 1087 2882 co-ll

74 2905 210 2979 gnilione
232 2906 320 2965 fructi
342 2922 464 2965 sumus=
481 2904 610 2976 scimus,
634 2904 783 2980 aquibus
806 2901 981 2977 principalis
1004 2918 1056 2960 na·

75 2993 143 3048 tura
164 3003 200 3049 se
221 2989 362 3064 adtollat,
389 2988 646 3065 quemadmodum
667 2988 787 3048 ordinet
808 2986 969 3058 mundum,
1002 3000 1058 3059 per

74 3088 154 3146 quas
169 3088 283 3133 annum
297 3073 382 3133 vices
404 3080 542 3146 revocet,
567 3071 821 3146 quemadmodum
838 3069 954 3142 omnia,
978 3083 1057 3143 quae

74 3172 207 3232 usquam
224 3163 325 3231 erant,
345 3156 469 3217 cluserit
484 3164 513 3216 et
528 3157 663 3230 seipsam
678 3154 770 3214 finem
792 3154 839 3213 sui
854 3152 969 3212 lecerit.
998 3150 1056 3210 sci·

73 3255 142 3301 mus
157 3240 261 3301 sidera
278 3241 384 3315 inpetu
399 3257 456 3301 suo
471 3240 595 3312 vadere,
615 3245 735 3313 praeter
750 3244 860 3296 terram
874 3235 948 3294 nihil
966 3240 1056 3303 stare,

75 3331 178 3385 cetera
205 3324 350 3385 continua
369 3325 532 3385 velocitate
554 3324 726 3382 decurrere.
774 3320 888 3378 scimus
912 3317 1058 3393 quemad-

75 3408 200 3470 modum
216 3410 313 3469 solem
328 3410 399 3469 luna
415 3414 599 3483 praetereat,
623 3419 718 3480 quare
739 3403 854 3462 tardior
874 3402 1058 3461 velociorem

76 3493 389 3568 poetarumque,
414 3492 569 3568 quomodo
588 3492 688 3550 lumen
713 3486 844 3562 accipiat
866 3493 918 3546 aut
941 3485 1058 3560 perdat,
