2468 3930
306 242 475 303 EPISTUL.
491 243 585 304 MOR.
607 245 679 304 LIB.
694 245 717 304 Ι.
742 245 797 305 ΕΡ.
810 254 837 308 4.
852 260 878 309 5.
1060 248 1081 312 9

100 396 131 455 in
154 395 240 470 quod
260 394 350 457 solidi
364 394 430 455 auri
446 397 600 456 eaelatura
613 395 821 471 descenderit,
844 397 978 459 sednon
994 406 1080 473 pute·

100 495 169 538 mus
190 478 370 553 frugalitatis
391 477 535 539 indicium
560 495 634 539 auro
656 488 844 554 argentoque
866 483 1019 543 caruisse=
1049 483 1080 543 id

100 577 244 636 agamus,
265 568 298 622 ut
312 561 469 621 meliorem
482 561 574 622 vitam
591 578 757 639 sequamur
771 580 860 639 quam
874 566 1001 639 volgus,
1016 581 1079 626 non

100 654 133 706 ut
154 645 355 706 contrariam:
378 645 513 719 alioquin
535 662 614 720 quos
635 647 792 706 emendari
811 648 969 722 volumus,
993 649 1079 724 fuga·

100 744 170 788 mus
184 744 203 788 a
217 728 308 789 nohis
323 736 352 789 et
368 729 542 789 avertimus.
567 730 642 789 illud
657 745 782 805 quoque
799 731 964 807 efficimus,
987 739 1020 794 ut
1033 734 1078 792 ni·

100 812 142 872 hil
162 811 272 873 imitari
292 811 387 872 velint
406 813 517 884 nostri,
547 812 619 872 dum
641 813 758 885 timent,
786 829 826 874 ne
849 815 994 875 imitanda
1019 818 1079 877 sint

101 895 213 956 omnia.
245 896 313 955 Hoc
328 896 457 970 primunr
472 894 670 970 philosophia
685 897 841 972 promittit,
859 904 1107 961 sensumeom-1l

100 994 238 1054 munem,
264 978 479 1039 humanitatem
500 987 530 1040 et
544 981 820 1054 congregationem.
849 998 945 1056 aqua
959 985 1078 1058 profes-

101 1060 190 1124 sione
210 1061 425 1124 dissimilitudo
451 1079 509 1123 nos
535 1064 699 1138 separabit.
739 1065 923 1137 Videamus,
952 1081 991 1125 ne
1011 1067 1078 1142 ista,

101 1162 158 1222 per
170 1161 251 1220 quae
261 1144 491 1206 admirationem
502 1161 613 1220 parare
623 1148 775 1220 volumus
789 1146 918 1207 ridicula
928 1156 958 1208 et
969 1148 1080 1209 odiosa

101 1230 171 1290 sint.
200 1245 312 1305 nempe
332 1230 524 1306 propositum
544 1237 682 1290 nostrum
697 1238 744 1289 est
759 1231 927 1290 secundum
941 1239 1078 1293 naturam
1099 1247 1102 1291 1

100 1313 222 1373 vivere:
249 1313 311 1374 hoc
331 1321 436 1375 eontra
456 1319 593 1374 naturam
611 1321 673 1387 est,
694 1319 838 1389 torquere
859 1330 972 1388 eorpus
989 1331 1079 1375 suum

101 1405 131 1457 et
146 1397 252 1457 faciles
268 1396 375 1457 odisse
387 1395 552 1457 munditias
565 1404 595 1457 et
608 1397 784 1471 squalorem
799 1398 943 1473 adpetere
958 1404 988 1458 et
1002 1397 1078 1458 cibis

103 1495 161 1556 non
182 1487 298 1540 tantum
319 1479 430 1542 vilibus
451 1481 509 1553 uti,
533 1481 590 1541 sed
604 1481 688 1542 tetris
704 1487 734 1541 et
748 1480 892 1542 horridis.
929 1481 1106 1556 Quemadt

101 1564 225 1634 modum
240 1563 418 1625 desiderare
433 1564 579 1624 delicatas
594 1581 645 1625 res
661 1565 799 1625 luxuriae
810 1576 873 1640 est,
896 1565 938 1626 ita
950 1566 1078 1627 usitatas

101 1656 131 1709 et
150 1664 212 1709 non
232 1663 344 1722 magno
367 1647 518 1723 parabiles
533 1649 639 1722 fugere
654 1649 834 1709 dementiae.
865 1650 1078 1724 Frugalitatem

101 1731 195 1806 exigit
214 1731 424 1807 philosophia,
446 1747 507 1791 non
528 1746 675 1806 poenam:
699 1739 914 1806 potestantem
930 1741 1077 1793 essenon

101 1815 256 1891 incompta
275 1816 442 1890 frugalitas.
467 1814 518 1874 hic
539 1814 612 1876 mihi
631 1816 741 1876 modus
756 1818 872 1891 placet:
893 1824 1078 1893 temperetur

102 1899 163 1959 vita
181 1897 260 1959 inter
273 1899 374 1959 honos
389 1914 491 1959 mores
505 1905 534 1959 et
548 1899 703 1973 publicos:
727 1900 897 1975 suspiciant
912 1916 1018 1961 omnes
1033 1901 1076 1960 vi·

102 1989 161 2041 tem
175 1988 326 2057 nostram,
350 1982 407 2041 sed
422 1989 599 2056 agnoscant.
633 1983 733 2057 „Quid
747 1990 844 2059 ergot
865 1985 973 2045 eadem
985 1984 1105 2048 facie-6

101 2081 184 2140 mus,
215 2081 296 2141 quae
322 2066 438 2126 eeterit
470 2064 544 2126 nihil
570 2065 728 2127 internos
754 2074 785 2127 et
808 2068 877 2129 illos
903 2068 1078 2129 intereritt“

102 2149 273 2226 plurimum·
295 2148 460 2210 dissimiles
476 2166 619 2212 essenos
634 2152 829 2225 volgoseiat,
848 2151 900 2227 qui
911 2150 1079 2227 inspexerit

102 2232 242 2309 propius.
272 2233 328 2307 Qui
343 2234 467 2294 domum
481 2232 651 2307 intraverit,
667 2250 724 2296 nos
738 2236 839 2309 potius
851 2236 975 2294 miretur
988 2250 1078 2309 quam

101 2316 320 2392 supellectilem
340 2323 486 2378 nostram.
516 2333 644 2392 magnus
659 2316 710 2377 ille
725 2324 784 2391 est,
807 2319 860 2394 qui
874 2317 1017 2377 fictilibus
1033 2317 1078 2376 sic

102 2401 206 2475 utitur,
237 2401 493 2475 quemadmodum
514 2408 648 2476 argento.
679 2415 737 2460 neo
758 2400 808 2460 ille
827 2398 927 2460 minor
941 2407 1003 2473 est,
1026 2398 1078 2473 qui

101 2483 145 2544 sic
155 2491 284 2559 argento
295 2482 396 2556 utitur,
413 2485 669 2559 quemadmodum
680 2482 833 2544 fictilibus.
862 2481 1078 2543 Infirmianimi

100 2574 147 2627 est
160 2566 226 2643 pati
240 2583 302 2628 non
318 2582 415 2643 posse
428 2567 561 2628 divitias.

163 2650 228 2712 Sed
247 2659 281 2712 ut
299 2649 391 2712 huius
412 2666 538 2727 quoque
557 2649 619 2712 diei
638 2651 780 2711 lucellum
797 2657 896 2712 tecum
912 2649 1106 2718 communi-7

100 2750 183 2806 cem,
201 2736 284 2809 apud
295 2735 482 2797 Hecatonem
496 2742 634 2796 nostrum
649 2735 751 2794 inveni
763 2735 972 2811 cupiditatium
985 2733 1077 2794 finem

100 2819 190 2879 etiam
210 2819 251 2878 ad
271 2818 387 2878 timoris
404 2817 540 2879 remedia
553 2819 713 2894 proficere.
749 2819 951 2894 ‚‚Desines,
972 2818 1077 2892 inquit,

101 2899 251 2975 timere,
280 2902 315 2961 si
340 2917 501 2976 sperare
528 2903 732 2963 desieris.“
769 2901 877 2963 Dices:
900 2901 1077 2977 „quomodo

100 2985 159 3046 ista
178 2991 241 3044 tam
262 2984 386 3045 diversa
406 2985 519 3060 pariter
536 2989 647 3046 suntr‘
680 2986 798 3058 itaest‚
819 2985 860 3045 mi
874 2983 986 3045 Lucili=
1009 3000 1078 3045 cum

100 3068 260 3128 videantur
281 3067 447 3143 dissidere,
473 3069 634 3133 coniuncta
650 3076 729 3129 sunt.
753 3068 1011 3143 quemadmodum
1027 3083 1076 3126 ea·

101 3151 170 3210 dem
183 3158 293 3212 catena
304 3158 334 3211 et
344 3153 515 3213 custodiam
525 3159 555 3212 et
565 3151 689 3213 militem
701 3153 838 3227 copulat,
853 3151 899 3211 sie
909 3152 983 3224 ista,
999 3164 1078 3224 quae

100 3242 160 3295 tam
177 3233 338 3295 dissimilia
352 3243 437 3309 sunt,
458 3236 570 3312 pariter
583 3236 741 3297 incedunt=
764 3251 852 3311 spem
864 3241 963 3293 metus
975 3232 1076 3307 sequi·

100 3324 158 3379 tur.
199 3317 264 3378 Nec
283 3315 377 3378 miror
396 3319 455 3380 ista
475 3319 521 3380 sic
543 3319 602 3380 ire=
630 3328 792 3394 utrumque
810 3314 973 3393 pendentis
988 3315 1106 3377 animitt

100 3408 163 3476 est,
188 3407 353 3477 utrumque
379 3403 470 3463 futuri
493 3404 725 3478 exspectatione
747 3399 918 3462 sollicitum.
947 3400 1078 3460 maxima

101 3491 200 3546 autem
215 3485 377 3561 utriusque
392 3493 562 3562 causaest,
584 3487 669 3563 quod
682 3502 744 3546 non
758 3487 798 3546 ad
808 3483 982 3561 praesentia
992 3491 1077 3561 apta·
1179 3524 1182 3530 -
