2468 3930
299 219 469 283 EPISTUL.
484 220 579 284 Mos.
599 222 672 282 LIB.
685 224 709 283 1.
729 223 786 284 ΕΡ.
801 233 827 289 t.
842 233 870 288 8·
1042 227 1083 292 13

104 374 260 446 homines,
283 373 356 433 dum
370 373 498 445 docent,
518 370 649 433 discunt.
690 373 756 435 Non
777 376 922 452 estquod
943 383 972 437 te
986 378 1111 452 glorian

104 456 282 534 publicandi
304 456 416 531 ingenii
437 456 588 532 producat
607 458 638 517 in
658 458 803 533 medium,
826 467 859 520 ut
871 461 1000 521 recitare
1014 459 1081 523 istis

103 541 181 602 velis
203 547 255 601 aut
275 538 449 615 disputare,
477 540 560 615 quod
582 541 684 601 lacere
703 547 733 600 te
756 543 877 617 vellem,
906 543 934 604 si
951 543 1081 606 haberes

104 624 155 685 isli
175 624 293 700 populo
316 623 458 683 idoneam
472 638 621 682 merceme
643 639 733 685 nemo
748 633 810 698 est,
834 628 886 702 qui
906 628 1081 704 intellegere

104 715 134 768 te
148 707 257 783 possit.
287 705 397 782 aliquis
413 706 561 778 fortasse,
585 723 664 767 unus
680 715 733 768 aut
750 711 824 769 alter
839 711 966 785 incidet,
990 711 1081 773 ethic

103 789 173 867 ipse
198 789 378 851 formandus
401 789 455 850 tibi
476 788 533 851 erit
552 789 819 868 instituendusque
839 794 880 854 ad
898 794 1080 856 intellectum

104 874 156 935 tui.
189 874 265 949 „cui
290 889 364 948 ergo
389 873 447 933 isto
472 873 607 934 didicir‘
638 890 698 935 non
725 879 876 951 estquod
896 879 1020 952 timeas,
1042 894 1081 938 ne

104 973 232 1034 operam
246 956 434 1034 perdideris,
455 957 482 1016 si
496 955 550 1017 tibi
564 956 708 1018 didicisti.

166 1040 231 1102 Sed
250 1054 290 1100 ne
311 1041 370 1102 soli
390 1039 462 1100 mihi
482 1040 574 1102 hodie
594 1041 764 1114 didicerim,
787 1043 1016 1106 communicabo
1037 1052 1081 1104 te·
1090 1054 1122 1106 10

103 1139 189 1199 cum,
212 1139 291 1200 quae
309 1130 507 1184 occurrerunt
522 1123 595 1183 mihi
612 1125 735 1200 egregie
750 1125 831 1186 dicta
844 1125 925 1186 circa
940 1129 1080 1189 eumdem

103 1208 169 1269 iere
189 1222 316 1268 sensum
337 1209 410 1269 trias
438 1223 479 1267 ex
499 1208 612 1282 quibus
632 1224 726 1267 unum
741 1209 818 1268 baec
833 1208 965 1283 epistula
979 1211 1009 1269 in
1028 1212 1080 1271 de·

103 1291 199 1352 bitum
213 1293 327 1365 solvet,
344 1292 405 1353 duo
420 1292 452 1350 in
465 1297 659 1351 antecessum
670 1293 787 1367 accipe.
820 1291 1012 1353 Democritus
1024 1294 1079 1354 ait:

103 1376 230 1450 „Unus
256 1373 346 1435 mibi
374 1389 444 1450 pro
472 1375 619 1449 populo
649 1381 723 1448 est,
755 1383 791 1436 et
817 1377 984 1451 populus
1012 1392 1080 1451 pro

103 1464 209 1520 uno.“
247 1459 332 1519 Bene
353 1458 466 1532 atille,
497 1457 638 1534 quisquis
664 1460 733 1534 luit,
759 1459 920 1535 ambigitur
940 1461 1021 1520 enim
1042 1461 1120 1520 dett

102 1550 243 1616 auctme,
273 1557 342 1602 curn
362 1549 560 1617 quaereretur
580 1543 619 1602 ab
639 1543 706 1615 illo,
734 1561 795 1619 quo
819 1551 903 1604 muta
926 1543 1081 1620 diligentia

102 1627 176 1687 artis
209 1633 362 1702 spectaret
392 1626 433 1686 ad
463 1624 669 1700 paucissimos
702 1634 918 1702 perventurae:
954 1627 1079 1703 „Satis

103 1716 209 1784 sunt,
235 1710 345 1783 inquit,
373 1708 463 1768 mihi
484 1709 617 1784 pauci,
641 1712 741 1772 satis
763 1720 822 1772 est
840 1727 955 1787 unus,
979 1712 1079 1773 satis

102 1801 162 1854 est
181 1789 347 1855 nullus.'“
380 1791 510 1868 Egregie
531 1792 590 1853 hoc
611 1794 731 1854 tertium
748 1794 914 1870 Epicurus,
944 1811 1012 1856 cum
1027 1797 1078 1855 uni

101 1891 141 1937 ex
157 1876 353 1940 consortibus
366 1875 538 1937 studiorum
552 1892 677 1938 suorum
692 1879 853 1939 scriberet=
876 1879 1013 1952 ‚‚Haec,
1035 1880 1080 1939 in·

103 1961 182 2036 quit,
206 1976 275 2036 ego
298 1976 373 2021 non
393 1960 539 2034 multis,
563 1961 632 2021 sed
652 1961 739 2022 tibia
765 1962 863 2024 satis
885 1962 983 2022 enlm
1005 1977 1079 2022 ma·

100 2060 214 2119 gnum
241 2045 341 2105 alter
368 2044 483 2104 alteri
508 2043 700 2105 theatrum
730 2051 890 2108 sumus.“
933 2046 1009 2118 Ista,
1039 2045 1120 2118 mim

101 2128 213 2202 Lucili,
234 2127 396 2188 condenda
409 2127 439 2186 in
455 2128 586 2189 animum
601 2135 686 2203 sunt,
701 2136 735 2189 ut
749 2137 927 2190 contemnas
939 2131 1079 2204 volupta-

100 2218 162 2272 tem
182 2226 222 2271 ex
241 2209 372 2287 plurium
387 2210 573 2273 adsensione
587 2213 766 2273 venientem.
802 2213 888 2274 Multi
901 2219 932 2271 te
945 2213 1078 2273 laudant.

102 2303 133 2355 et
144 2295 219 2371 quid
231 2294 344 2368 habes,
363 2310 418 2355 cur
431 2295 555 2369 placeas
569 2296 638 2368 tibi,
657 2295 683 2356 si
694 2297 722 2357 is
733 2312 783 2369 es,
801 2312 892 2371 quern
903 2295 1080 2370 intellegant

101 2378 208 2440 multil
228 2378 380 2440 introrsus
395 2379 478 2439 bona
491 2386 544 2439 tua
558 2385 708 2454 spectent.
744 2380 832 2439 Vale.

432 2514 648 2573 EPISTULA
674 2515 748 2571 VIII.

354 2609 464 2663 Seneca
482 2612 593 2663 Lucumo
614 2623 666 2663 suo
686 2622 826 2662 saturam.

163 2713 227 2786 „Tu
247 2727 312 2786 me,
342 2711 458 2788 inquis,
481 2713 578 2774 vitare
598 2714 715 2776 turbam
737 2713 840 2788 iubes,
863 2713 1025 2789 secedere,
1050 2723 1108 2778 etl

102 2795 292 2859 conscientia
312 2811 384 2856 esse
403 2803 600 2858 contentum?
625 2798 677 2859 ubi
702 2797 754 2858 illa
780 2806 946 2873 praecepta
969 2805 1079 2872 vestra,

102 2894 183 2955 quae
203 2878 355 2954 imperant
374 2880 404 2939 in
426 2889 494 2941 actu
515 2882 633 2942 morii“
670 2881 759 2956 Quod
772 2896 831 2956 ego
845 2879 899 2942 tibi
913 2880 1021 2942 videor
1036 2883 1080 2943 in·

102 2963 188 3024 terim
202 2962 349 3036 suadere,
373 2963 409 3023 in
431 2963 502 3025 hoc
524 2981 579 3024 me
597 2963 803 3025 recondidi
824 2972 860 3024 et
878 2966 985 3026 iores
1000 2967 1082 3028 clu·

101 3047 149 3121 si,
176 3055 217 3108 ut
243 3047 434 3121 prodesse
461 3046 640 3124 pluribus
669 3063 837 3124 possem.
877 3047 984 3109 Nullus
1011 3050 1083 3110 mihi

100 3131 266 3207 parotium
282 3129 348 3190 dies
363 3130 434 3192 exit.
456 3139 572 3206 partem
589 3131 722 3192 noctium
738 3131 846 3194 studiIs
862 3131 994 3193 vindico.
1020 3149 1082 3192 non

101 3230 179 3276 vaco
202 3228 330 3288 somno,
364 3215 421 3275 sed
446 3216 613 3276 succumbo
635 3223 666 3277 et
685 3219 793 3277 oculos
813 3215 915 3289 vigilia
937 3214 1081 3290 fatigatos

102 3299 314 3374 cadentesque
335 3297 365 3357 in
387 3312 480 3374 opere
503 3299 633 3361 detineo.
676 3297 801 3360 Secessi
821 3314 883 3357 non
905 3304 1022 3358 mutum
1044 3298 1103 3359 aba

101 3379 290 3454 hominibus,
308 3381 364 3442 sed
378 3382 517 3455 arabus,
533 3390 563 3442 et
576 3380 715 3459 inprimis
727 3379 848 3442 erebus
860 3381 953 3440 meis:
978 3388 1080 3457 poste·

101 3479 203 3528 rorum
219 3464 376 3539 negotium
390 3481 458 3541 ago.
481 3466 540 3526 illis
552 3466 670 3542 aliqua,
691 3480 771 3542 quae
783 3463 905 3539 possint
917 3466 1071 3540 prodesse
