2468 3930
151 206 213 284 tae
435 218 469 278 n.
491 216 639 277 runnu
658 215 835 277 suuucnn

148 375 239 436 sumit
258 371 309 432 illa
330 376 447 431 etanta
466 377 588 445 tempus
610 368 699 429 cadit.
731 369 805 444 quid
829 375 930 430 autem
951 368 1125 431 dementius

147 473 239 535 quarn
256 455 327 531 angi
342 455 449 515 tuturis
467 469 524 514 nec
541 470 576 514 se
589 459 738 514 tormento
753 467 928 526 reservare,
949 453 1007 512 sed
1020 469 1124 515 accer-

147 556 217 601 sere
239 539 298 600 sibi
319 539 458 598 miserias
480 546 511 598 et
531 538 716 598 admoveret
744 552 822 612 quas
837 535 961 596 differre
976 538 1125 612 optimum

104 627 207 697 diest,
230 623 257 684 si
278 623 430 683 discutere
450 638 510 682 non
527 620 641 696 possis.
685 619 743 680 Vis
758 619 839 681 scire
856 622 956 681 tuturo
972 622 1124 684 neminem

145 708 260 768 debere
280 705 437 782 torquerit
464 707 648 781 quicumque
669 704 798 765 audierit
818 712 891 780 post
905 706 1123 782 quinquagesi-

144 808 226 851 mum
242 807 354 851 annum
369 789 427 849 sibi
442 788 584 864 patienda
595 789 755 864 supplicia,
772 804 832 849 non
846 790 1049 865 perturbatur,
1064 792 1123 851 nisi

144 876 170 934 si
184 875 317 935 medium
333 875 464 948 spatium
480 873 683 934 transsiluerit
697 879 727 931 et
742 887 778 932 sc
794 873 824 931 in
838 873 920 932 illam
934 875 1041 936 seculo
1052 883 1123 950 post

144 960 275 1019 futuram
290 958 522 1019 sollicitudinem
537 957 698 1017 immiserit:
720 956 828 1017 eodem
845 957 938 1016 modo
954 958 996 1030 tit,
1013 968 1046 1019 ut
1058 959 1121 1018 ani·

143 1059 211 1103 mos
231 1042 360 1102 libenter
380 1057 491 1115 aegros
512 1048 542 1102 et
562 1047 720 1116 captantes
743 1055 856 1100 causas
875 1041 991 1101 doloris
1017 1049 1122 1103 vetera

143 1133 235 1201 atque
260 1125 419 1186 obliterata
443 1124 629 1185 contristent.
679 1124 717 1183 llt
742 1139 822 1199 quae
848 1126 1068 1198 praeterierunt
1092 1134 1123 1188 et

144 1226 224 1285 quae
239 1211 339 1271 sutura
353 1215 434 1282 sunt,
448 1207 568 1268 absunt.
590 1215 697 1268 neutra
710 1208 868 1268 sentimus.
884 1225 947 1270 non
960 1216 1010 1270 est
1019 1216 1120 1270 autem

143 1293 202 1354 nisi
222 1310 322 1367 exeo,
339 1292 424 1367 quod
439 1294 564 1366 sentias,
580 1293 679 1353 dolor.
706 1292 795 1351 Vale.

433 1428 648 1486 EPISTULA
675 1429 723 1485 IV.
752 1431 822 1499 (75.)

396 1522 506 1575 Saurea
524 1525 635 1575 Lucuro
655 1536 707 1574 suo
727 1536 867 1580 saturnu.

114 1638 130 1690 1
204 1623 305 1684 Minus
329 1623 381 1684 tibi
408 1632 567 1685 accuratas
589 1641 607 1684 a
628 1640 678 1684 me
699 1627 847 1700 epistulas
870 1625 943 1687 mitti
964 1628 1118 1701 quereris.

143 1708 213 1785 quis
235 1707 315 1768 enim
338 1715 479 1767 accurate
500 1707 648 1783 loquitur,
671 1709 730 1769 nisi
748 1711 800 1785 qui
814 1711 878 1770 vult
892 1710 996 1784 putide
1010 1710 1119 1785 loquir

142 1794 240 1869 qualis
256 1808 356 1851 sermo
372 1808 458 1851 mens
474 1801 572 1867 esset,
594 1793 620 1852 si
639 1809 701 1852 una
718 1794 896 1855 sederemus
912 1801 965 1855 aut
981 1794 1117 1854 ambula·

139 1893 260 1949 remus,
280 1874 468 1936 inlaboratus
490 1885 519 1936 et
540 1875 652 1950 facilis,
680 1879 781 1937 tales
808 1893 896 1937 esse
919 1878 1114 1952 epistulas

140 1976 242 2020 meus
260 1960 365 2033 volo,
388 1977 467 2034 quae
488 1959 585 2019 nihil
603 1960 771 2021 habeant
792 1959 1030 2021 accersitum
1047 1976 1114 2020 nec

109 2045 281 2103 tiletum.
325 2043 359 2103 Si
379 2044 445 2102 lieri
460 2050 577 2119 posset,
596 2044 670 2118 quid
685 2045 822 2118 sentiam,
841 2046 1005 2105 ostendere
1023 2061 1114 2120 quam

139 2128 223 2202 loqui
238 2129 367 2187 mallem.
391 2129 507 2188 etiamsi
525 2128 730 2204 disputarem,
752 2145 809 2188 neo
825 2128 1046 2202 subploderem
1061 2145 1107 2203 pe

139 2212 208 2271 dem
223 2227 280 2270 nec
292 2228 412 2270 monum
427 2211 570 2272 iactarem
585 2228 642 2272 nec
657 2213 834 2273 adtollerem
849 2226 967 2284 vocem,
984 2213 1042 2272 sed
1056 2213 1113 2272 ista

139 2296 311 2357 oratoribus
328 2296 531 2371 reliquissem,
548 2303 708 2356 contentus
720 2313 832 2358 sensus
847 2312 932 2356 meos
947 2297 988 2356 ad
1001 2304 1033 2356 te
1045 2312 1111 2372 per·

107 2385 125 2439 3
138 2381 254 2451 tulisse,
272 2397 352 2455 quos
371 2395 428 2439 neo
443 2395 645 2462 exornassem
659 2395 716 2439 nec
731 2380 922 2441 obiecissem.
945 2378 1005 2440 hoc
1019 2396 1111 2440 unum

136 2465 227 2540 plane
241 2464 294 2523 tibi
309 2463 482 2539 adprobare
496 2464 619 2538 vellem,
642 2465 744 2525 onmia
758 2481 806 2524 me
821 2465 872 2524 illa
886 2463 1015 2537 sentire,
1032 2478 1110 2539 quae

136 2548 270 2608 dicerem
285 2563 342 2607 nec
356 2554 470 2608 tantum
485 2549 612 2621 sentire,
632 2549 688 2608 sed
704 2564 815 2608 amare.
859 2547 956 2610 Aliter
969 2547 1107 2629 homines

136 2629 279 2702 amicam,
300 2632 386 2690 aliter
401 2631 514 2691 liberos
530 2634 721 2692 osculantur:
743 2638 843 2693 tamen
860 2632 890 2691 in
907 2631 968 2692 hoc
984 2645 1109 2707 quoque

137 2715 281 2787 amplexu
302 2719 362 2772 tam
383 2723 489 2775 sancto
510 2723 540 2775 et
554 2717 711 2777 moderato
727 2717 802 2776 satis
816 2717 945 2791 adparet
958 2716 1108 2777 adlectus.

136 2795 203 2855 Non
219 2796 409 2857 mehercules
426 2798 527 2859 ieiuna
541 2817 612 2861 esse
627 2809 657 2861 et
670 2800 755 2859 arida
768 2803 849 2873 volo,
866 2815 947 2874 quae
961 2798 1000 2857 de
1015 2798 1107 2859 rebus

134 2888 195 2940 tam
216 2882 334 2955 magnis
363 2882 508 2944 dicentur.
543 2884 742 2958 nequeenim
767 2882 1107 2959 philosophia-ingenio

133 2963 293 3027 renuntiat.
312 2967 437 3026 multum
453 2975 552 3028 tamen
566 2983 679 3042 operae
690 2966 816 3042 inpendi
828 2967 930 3027 verbis
941 2981 1003 3025 non
1016 2981 1107 3041 opor

104 3055 185 3109 ttet.
206 3049 302 3110 haec
317 3051 368 3110 sit
384 3050 719 3127 propositinostri
736 3067 892 3111 summae
908 3049 1011 3124 quod
1027 3064 1107 3109 sen-

133 3133 246 3194 timus
273 3135 490 3211 loquamur,
519 3133 621 3211 quod
652 3135 849 3211 loquimur
875 3131 1106 3200 sentiamus=

134 3219 347 3278 concordet
371 3235 496 3280 sermo
518 3235 598 3279 cum
619 3221 706 3279 vita.
736 3218 788 3280 illc
808 3215 996 3294 promissum
1018 3232 1108 3278 suurn

133 3302 273 3376 inplevit,
296 3302 362 3376 qui,
383 3311 414 3364 et
433 3321 501 3364 cum
522 3304 630 3364 videas
652 3303 734 3364 illum
750 3310 780 3363 et
795 3319 865 3363 cum
879 3300 1004 3375 audias,
1025 3298 1107 3362 idem

102 3392 187 3445 aest.
208 3386 389 3460 videbimus,
405 3389 504 3462 quotis
520 3389 566 3460 sit,
583 3395 714 3464 quantus
730 3387 778 3460 sit
793 3388 874 3447 unde
887 3387 936 3446 sit
972 3385 1041 3445 Non
1055 3386 1107 3446 de·

131 3468 243 3528 lactent
262 3470 357 3529 verba
378 3479 498 3544 nostra,
524 3472 582 3532 sed
599 3473 728 3550 prosint.
757 3473 784 3532 si
804 3478 906 3531 tantm
927 3467 1107 3549 contingere
