2468 3930
208 248 272 315 204
501 253 534 312 L.
555 251 701 312 ANNAEI
723 250 899 313 SENECAE

208 403 327 464 virtutis
349 419 388 463 ex
410 403 504 474 lama,
531 417 589 462 nee
610 402 670 463 hoc
690 401 799 464 interit.
829 403 870 463 ad
887 417 946 462 nos
968 400 1094 478 quidem
1115 402 1185 467 nibil

209 486 371 562 pertinebit
387 492 579 560 posterorum
597 501 714 545 sermm
741 494 844 547 temen
868 485 959 548 etiam
973 502 1036 547 non
1053 489 1186 550 sentien-

168 581 202 635 18
209 578 256 630 tes
269 571 349 630 colet
363 585 399 629 ac
416 567 629 643 frequentabit.
658 570 737 630 Nulli
752 586 813 631 non
825 571 921 631 virtus
932 578 964 632 et
976 571 1050 633 vivo
1061 581 1091 634 et
1107 588 1183 635 mor·

209 663 262 714 tuo
280 653 381 712 retulit
394 654 537 727 gratiam,
562 653 695 714 simodo
717 654 798 712 illam
811 654 894 714 bone
911 660 1037 716 seculus
1052 663 1104 717 est
1116 657 1186 732 ilde,

211 738 237 796 si
253 752 289 797 se
305 753 365 796 non
381 737 542 797 exornavit
559 743 589 795 et
604 736 716 812 pinxit,
737 737 888 798 sedidem
903 737 972 813 luit,
995 739 1064 800 sive
1078 755 1120 800 ex
1135 741 1185 800 de·

210 819 346 880 nuntiato
362 820 537 893 videbatur,
554 821 620 880 sive
635 821 791 896 inparatus
807 837 844 881 ac
861 821 972 882 subito.
996 822 1079 883 Nihil
1096 824 1185 885 simu·

210 905 281 965 latio
297 904 427 980 prolicit.
467 904 573 979 paucis
596 905 713 979 inponit
732 904 840 965 leviter
853 905 1047 968 extrinsecus
1063 906 1187 969 inducte

210 989 320 1047 lacies=
337 988 449 1048 veritas
465 988 495 1046 in
508 1001 631 1047 omnem
642 986 691 1046 soi
700 996 816 1062 partem
831 989 939 1049 eadem
953 995 1011 1051 est.
1035 989 1121 1065 Quae
1136 990 1186 1052 de-

211 1071 340 1147 cipiunt,
362 1071 433 1130 nihil
449 1070 564 1131 habent
581 1071 681 1131 solidi.
718 1078 808 1131 tenue
824 1079 873 1149 est
887 1073 1097 1134 mendacium
1119 1089 1186 1151 pen

211 1156 306 1229 lucet,
329 1156 355 1215 si
374 1156 534 1229 diligenter
548 1154 733 1230 inspexeris.
764 1156 851 1215 Vale.

604 1344 779 1358 w

502 1489 536 1567 11·
558 1485 699 1568 lllllll
723 1482 895 1568 sellom

563 1632 614 1683 ΑΙ)
642 1631 833 1682 LUCILIUM

252 1753 738 1855 EPISTULARUM
782 1757 1144 1859 noullllttl

590 1936 725 1999 LIBER
751 1936 803 2000 xl.

518 2196 734 2259 nersruux
759 2198 781 2254 1.
809 2202 822 2271 (
858 2199 880 2266 .)

463 2290 574 2344 SENECA
588 2292 698 2344 Lucilio
719 2305 770 2344 SUO
791 2304 932 2347 saltum.

270 2396 293 2454 l.
321 2394 478 2457 Hodierno
494 2397 544 2456 die
557 2413 618 2456 non
635 2404 751 2458 tantum
765 2411 835 2456 meo
847 2394 999 2456 beneficio
1013 2393 1088 2457 mihi
1100 2408 1184 2467 vaco,

208 2480 264 2540 sed
279 2481 457 2554 spectaculi,
477 2481 561 2556 quod
573 2496 680 2541 omnes
692 2481 842 2541 molestos
858 2481 898 2540 ad
909 2477 1186 2554 sphaeromachian

207 2563 358 2623 avocavit.
398 2579 488 2624 nemo
504 2565 662 2640 inrumpit,
684 2579 775 2625 nemo
796 2564 1010 2639 cogitationem
1027 2577 1129 2623 meam
1143 2561 1186 2621 in-

207 2647 326 2720 pediet,
357 2663 437 2721 quae
459 2647 518 2707 hac
538 2648 608 2723 ipsa
629 2647 743 2709 fiducia
765 2648 906 2723 procedit
921 2645 1081 2707 audacius.
1119 2640 1187 2705 lion

206 2729 325 2802 crepuit
347 2728 478 2789 subinde
501 2732 627 2804 ostium,
656 2749 718 2792 non
738 2731 929 2791 adlevabitur
949 2730 1065 2790 velum:
1086 2729 1189 2811 licebit

206 2828 268 2872 uno
284 2812 413 2885 vadere,
436 2814 520 2888 quod
532 2815 628 2890 magis
643 2816 852 2876 necessarium
869 2821 918 2875 est
932 2830 989 2890 per
1003 2828 1040 2874 se
1057 2810 1143 2875 eunti
1158 2819 1188 2873 el

206 2912 294 2956 suam
317 2899 457 2970 sequenti
478 2897 574 2960 viam:
600 2916 662 2959 non
684 2915 758 2974 ergo
782 2914 898 2974 sequor
919 2897 1063 2974 priorest
1097 2894 1187 2971 faeie,

207 2982 264 3041 sed
285 2980 425 3056 permitto
445 2982 517 3042 mibi
539 2991 569 3044 et
582 2985 720 3043 invenire
735 2982 851 3057 aliquid
869 2989 898 3042 et
915 2989 1033 3042 mutare
1048 2988 1081 3042 et
1095 2980 1186 3041 reliu-

175 3075 308 3142 2quere.
343 3082 404 3125 non
426 3069 528 3127 servio
557 3066 631 3140 illis,
656 3067 711 3126 sed
727 3067 894 3127 adsentior.
924 3065 1072 3140 Magnum
1086 3070 1188 3125 lamen

203 3151 331 3211 verbum
347 3150 427 3225 dixi,
451 3149 504 3226 qui
525 3151 597 3210 mihi
614 3151 766 3211 silentium
782 3149 996 3226 promittebam
1014 3155 1046 3209 et
1060 3148 1130 3209 sine
1143 3148 1186 3209 iu·

205 3237 399 3311 terpellatore
414 3244 580 3297 secretum=
597 3249 671 3295 ecee
686 3236 796 3309 ingens
811 3235 926 3295 clamor
941 3248 981 3293 ex
997 3231 1101 3294 stadio
1116 3247 1188 3309 pro-

204 3318 299 3379 icrtur
311 3328 341 3379 et
356 3335 405 3379 me
419 3337 479 3380 non
496 3319 611 3380 excutit
624 3318 711 3391 mihi,
727 3319 784 3378 sed
797 3319 826 3379 in
839 3318 930 3379 huius
941 3317 1041 3393 ipsius
1056 3317 1104 3377 rei
1116 3330 1189 3377 con·

204 3404 369 3463 tentionem
383 3405 537 3464 transfert.
569 3403 670 3477 cogito
686 3418 824 3476 meeum,
846 3418 939 3478 quam
955 3400 1041 3461 multi
1055 3414 1191 3477 corpore

205 3494 385 3559 exerceant,
401 3488 523 3561 ingenia
538 3504 630 3561 quarn
646 3486 746 3562 pauci.
772 3495 904 3561 quantus
916 3485 957 3544 ad
974 3484 1190 3561 spectaculum
