2468 3930
266 234 436 298 uersutia.
451 234 545 296 Mon.
560 237 632 296 ΗΒ.
646 236 711 296 ΧΠ.
732 237 788 296 ΕΡ.
805 245 832 300 3.
847 247 919 314 (85.)
1022 237 1084 302 227

187 390 234 449 oct
249 403 332 449 marc
341 405 400 464 per
413 389 541 449 malcum
552 386 649 464 fluctu
663 407 808 467 stuperem
821 396 943 454 tomenti

186 473 288 547 smel
299 475 480 533 itcrceleres
492 489 549 533 nco
561 476 686 549 maeret
698 491 827 550 aequore
840 481 972 552 plantas.

100 556 180 617 baec
201 562 249 616 est
269 556 436 631 pernicitas
456 571 562 631 perse
577 559 750 633 aestimata,
773 575 835 620 non
851 575 932 636 quae
945 560 1084 622 tardissi-

100 656 223 701 morum
236 639 409 714 conlatione
420 640 570 701 laudatur.
600 640 692 717 Quid,
709 644 736 704 si
752 659 883 703 sanum
897 660 993 705 voces
1008 644 1083 705 levi-

101 733 148 787 ter
172 720 414 784 febricitantem
447 740 508 785 nou
539 731 587 784 est
618 725 699 788 bona
721 725 858 789 valitudo
887 729 1083 791 mediocritas

101 807 210 868 morbi.
248 852 266 882 ,‚
276 805 342 880 Sic,
367 807 478 882 inquit,
499 808 625 883 sapiens
646 810 942 885 inperturbatus
965 813 1111 885 dicitur,o

102 891 260 969 quomodo
275 891 445 968 apyrina
459 890 615 967 dicuntur,
630 909 691 952 non
709 893 822 968 quibus
837 897 919 956 nulla
934 897 1014 958 inest
1028 898 1083 958 du-

100 976 169 1038 riiia
193 990 372 1051 granorum,
397 974 454 1036 sed
477 976 588 1050 quibus
609 977 737 1038 minor.“
775 976 898 1040 Falsum
924 985 979 1040 est.
1021 997 1082 1042 non

102 1059 182 1120 enim
205 1058 432 1120 diminutionem
454 1061 603 1119 malorum
624 1061 654 1121 in
669 1061 751 1122 bono
764 1062 831 1122 viro
847 1063 1004 1137 intellego,
1026 1065 1083 1124 sed

101 1144 306 1206 vacationem:
332 1145 415 1203 nulla
434 1143 548 1204 debent
567 1159 653 1218 esse,
677 1160 739 1205 non
758 1162 863 1220 parva.
894 1162 964 1206 nam
979 1145 1007 1206 si
1021 1148 1083 1206 ulla

101 1222 187 1301 suut,
220 1235 360 1289 crescent
384 1233 414 1287 et
437 1225 556 1288 interim
580 1224 745 1304 inpedient.
787 1228 947 1303 Quomodo
974 1231 1082 1292 oculos
1120 1286 1123 1291 .

102 1312 198 1373 maior
218 1318 250 1373 et
268 1313 404 1386 perlecta
425 1311 555 1373 suffusio
576 1320 735 1386 excaecat,
761 1313 806 1373 sic
830 1314 952 1374 modica
971 1311 1081 1374 turbat.

101 1395 134 1457 Si
147 1397 206 1456 das
224 1396 346 1471 aliquos
360 1395 500 1457 adlectus
521 1392 667 1471 sapienti,
690 1397 778 1472 inpar
798 1396 858 1458 illis
878 1398 935 1458 erit
954 1398 1032 1459 ratio
1054 1405 1110 1465 etti

101 1479 184 1541 velut
198 1486 331 1541 torrente
346 1479 479 1555 quodam
495 1481 662 1554 auferetur,
685 1480 865 1556 praesertim
880 1497 948 1542 cum
964 1481 1081 1542 illinon

101 1580 195 1625 unum
210 1564 379 1638 adiectum,
401 1565 457 1624 sed
472 1564 648 1624 universum
663 1565 842 1626 adfectuum
858 1573 976 1628 coetum
991 1566 1081 1626 relin-

103 1648 188 1723 quis,
215 1663 283 1708 cum
310 1664 373 1723 quo
398 1649 597 1709 conluctatur.
637 1649 711 1722 [sed
738 1650 855 1723 omnis]
885 1651 955 1727 plus
981 1657 1083 1726 potest

103 1732 244 1808 quamvis
257 1732 456 1792 mediocrium
466 1733 555 1793 turba
570 1749 661 1808 quam
674 1741 783 1810 posset
795 1734 886 1796 unius
901 1735 1003 1811 magni
1017 1735 1082 1797 vio-

101 1817 202 1877 lentia.
234 1817 333 1877 Habet
354 1817 503 1893 pecuniae
526 1817 737 1893 cupiditatem,
759 1819 816 1879 sed
838 1820 999 1880 modicam.
1028 1819 1109 1891 bap

101 1900 153 1961 bet
171 1899 379 1983 ambitionem,
401 1902 458 1962 sed
478 1900 539 1960 non
559 1902 748 1963 concitatam.
776 1902 870 1963 babet
883 1902 1081 1978 iracundiam,

103 1985 158 2045 sed
172 1984 362 2061 placabilem.
389 1984 483 2046 habet
496 1986 748 2061 inconstantiam,
772 1987 829 2047 sed
849 1985 950 2049 minus
973 2004 1081 2064 vagam

102 2083 139 2130 ac
152 2068 303 2130 mobilem.
334 2068 427 2130 habet
440 2069 608 2140 libidinem,
626 2072 701 2149 [ced]
715 2087 776 2132 non
791 2072 945 2131 insanam=
973 2073 1082 2132 melius

103 2169 172 2213 cum
199 2152 251 2214 illo
273 2161 427 2228 ageretur,
459 2154 511 2229 qui
531 2170 625 2214 unum
647 2153 750 2215 vitium
777 2154 926 2230 integrum
945 2155 1081 2228 haberet,

103 2253 194 2313 quam
215 2253 284 2298 oum
305 2252 359 2311 eo,
381 2240 433 2312 qui
450 2237 567 2298 leviora
589 2238 727 2312 quidem,
748 2238 805 2298 sed
825 2239 935 2298 omnia.
964 2239 1110 2299 Deinde8

102 2321 177 2381 nibil
190 2323 324 2392 interest,
341 2337 432 2397 quam
446 2337 577 2396 magnus
592 2321 631 2381 sit
644 2322 801 2383 adlectum
817 2330 1081 2397 quantuscumque
1105 2346 1108 2352 ’

102 2411 157 2478 est,
172 2421 282 2482 parcre
297 2405 403 2479 nescit,
419 2406 578 2467 consilium
592 2421 654 2465 non
670 2405 790 2480 accipit.
820 2400 1081 2479 Quemadmodum

101 2489 211 2551 rationi
225 2490 341 2550 nullum
356 2490 472 2550 ’animal
493 2489 697 2566 obtemperat,
723 2491 914 2563 nanterum,
941 2505 1003 2550 non
1026 2489 1081 2549 do-

100 2576 259 2636 mesticum
274 2580 305 2634 et
318 2572 398 2634 mite.
421 2580 527 2635 natura
541 2575 620 2634 enim
631 2574 750 2635 illorum
761 2580 809 2635 est
819 2574 914 2634 surda
926 2572 1082 2634 suadenti=

102 2659 148 2720 sic
161 2674 224 2719 non
240 2665 417 2733 sequuntur,
431 2674 494 2719 non
509 2657 636 2720 audiunt
647 2658 795 2733 adlectus,
812 2658 1083 2734 quantulicumque

102 2750 182 2804 suut.
211 2744 316 2818 Tigres
331 2742 501 2818 leonesque
521 2759 687 2819 numquam
708 2743 856 2803 feritatem
877 2749 1008 2816 exuunt,
1029 2741 1082 2801 ali·

103 2827 227 2903 quando
249 2826 440 2902 submittunt,
467 2833 498 2888 et
518 2842 587 2888 cum
606 2826 729 2887 minime
757 2828 1002 2903 exspectaveris,
1029 2841 1082 2886 ex-

101 2919 263 2988 asperatur
286 2912 415 2991 torvitas
437 2911 580 2987 mitigata.
622 2912 794 2987 Numquam
816 2912 899 2972 bona
922 2912 985 2971 fide
1010 2909 1083 2970 vitia

101 3002 331 3056 mansuescunt.
360 2995 492 3070 Deinde,
508 2996 535 3056 si
550 2996 626 3056 ratio
644 2995 779 3072 proficit,
801 3011 840 3056 ne
853 2993 1002 3068 incipient
1015 2993 1112 3069 qul-9

102 3080 171 3140 dem
186 3080 340 3141 adiectum
369 3079 397 3140 si
417 3080 510 3142 invita
526 3080 644 3161 ratione
662 3080 834 3154 coeperint,
861 3079 956 3138 invita
976 3091 1081 3152 perse-

101 3163 260 3226 verabunt.
288 3164 408 3224 facilius
423 3172 471 3225 est
485 3164 564 3224 enim
579 3164 663 3224 initia
676 3165 796 3224 illorum
812 3162 976 3237 probibere
992 3174 1084 3235 quam

101 3249 238 3325 inpetum
252 3262 370 3322 regere.
398 3248 477 3308 falsa
489 3255 539 3309 est
552 3249 655 3324 itaque
668 3248 727 3308 ista
741 3243 935 3306 mediocritas
951 3251 981 3304 et
994 3240 1083 3303 inuti-

102 3333 150 3408 lis,
165 3333 275 3394 eodem
289 3332 359 3392 loco
374 3331 524 3405 habenda,
542 3349 603 3408 quo
616 3333 643 3392 si
658 3330 727 3407 quis
742 3329 857 3389 diceret
867 3327 988 3389 modice
1002 3327 1084 3386 insa·
1194 3359 1197 3363 -

102 3417 264 3492 alendum,
287 3414 408 3476 modice
428 3418 657 3492 aegrotandum.
694 3413 767 3474 Sola
787 3413 883 3474 virtus
897 3411 1002 3484 habet,
1024 3426 1085 3471 non
1094 3417 1128 3470 10

103 3501 254 3578 recipiunt
276 3499 368 3561 animi
386 3501 467 3560 mala
480 3505 768 3577 temperamentuma
790 3494 1084 3617 faciliussustmens
