2468 3930
291 243 462 306 EPISTUL.
475 244 570 305 MOR.
591 244 663 304 LIB.
679 245 701 303 I.
724 244 780 304 EP.
796 253 896 307 10.11.
1038 244 1079 308 al

102 401 194 461 etiam
209 397 381 474 proiectus,
404 411 504 456 sermo
521 393 636 469 primus
651 395 792 455 ostendit.
819 392 904 455 dedit
920 395 1010 457 nobis
1024 412 1078 471 gu·

104 493 200 555 stum,
216 483 258 542 ad
273 495 363 554 quem
376 479 586 553 respondebit.
609 495 671 538 non
688 478 768 538 enim
784 494 822 538 ex
836 487 1018 554 praeparato
1034 482 1078 540 lo-

105 575 194 628 cutus
210 571 272 639 est,
290 564 346 624 sed
361 563 462 623 subito
479 561 701 637 deprehensus.
723 562 775 622 ubi
791 579 825 622 se
841 564 1011 639 colligebat,
1027 579 1079 624 ve-

102 651 295 721 recundiam,
310 648 423 707 bonum
439 647 469 705 in
485 646 680 706 adulescente
695 647 828 720 signum,
844 646 895 706 vix
911 649 1010 722 potuit
1026 664 1079 708 ex-

105 742 224 796 cutere:
251 733 329 792 adeo
351 731 393 789 illi
415 731 535 790 exalto
558 728 704 790 subtusus
726 737 773 790 est
787 731 890 791 rubor.
923 731 972 790 hic
986 733 1078 806 illum,

104 824 251 895 quantum
272 813 429 889 suspicor,
451 813 538 872 etiam
561 829 630 873 cum
648 830 683 873 se
699 814 924 875 confirmaverit
939 822 969 874 ct
984 817 1078 876 omni·

102 904 160 963 bus
184 900 266 960 vitiis
291 899 422 972 exuerit,
448 898 616 972 sapientem
641 914 765 973 quoque
790 907 946 974 sequetur.
975 902 1079 961 nulla

104 987 183 1046 enim
213 981 411 1058 sapientIa
439 981 634 1041 naturalia
662 983 842 1056 corporis
871 991 937 1042 aut
964 985 1077 1043 animi

104 1071 199 1130 vitia
221 1072 431 1143 ponuntur:
462 1065 608 1140 quicquid
635 1066 761 1125 infixum
785 1072 815 1124 et
833 1065 998 1140 ingenitum
1020 1076 1076 1140 est,

104 1154 214 1214 lenitur
228 1158 307 1223 arte,
321 1165 382 1209 non
397 1148 534 1208 vincitur.
557 1148 743 1222 Quibusdam
760 1149 848 1208 etiam
867 1151 1076 1210 constantissi·
1092 1174 1110 1227 ῃ

103 1241 161 1298 mis
176 1235 207 1296 in
224 1241 391 1309 conspectu
406 1234 513 1308 populi
527 1232 624 1292 sudor
639 1233 782 1307 erumpit,
802 1249 864 1293 non
884 1233 970 1293 aliter
985 1250 1077 1308 quam

105 1319 237 1396 inligatis
250 1325 281 1378 et
295 1317 503 1377 aestuantibus
518 1318 605 1377 solet.
634 1316 818 1391 quibusdam
833 1323 964 1377 tremunt
978 1333 1078 1392 genua

104 1403 241 1466 dicturis.
272 1402 472 1475 quorumdam
493 1401 600 1460 dentes
618 1401 823 1475 conliduntur,
843 1400 947 1476 lingua
961 1402 1076 1475 titubat,

103 1488 189 1550 labra
204 1492 404 1547 concurrunt:
431 1485 508 1544 baec
522 1498 578 1543 nec
593 1484 754 1559 disciplina
771 1501 828 1545 nec
842 1502 919 1546 usus
932 1502 1077 1560 umquam

104 1571 231 1644 excutit,
257 1570 313 1631 sed
341 1574 448 1629 nature
472 1567 533 1627 vim
562 1584 648 1628 suam
674 1576 797 1628 exercet
816 1577 846 1630 et
865 1567 917 1629 illo
937 1570 1008 1631 vitio
1029 1570 1076 1630 sui

103 1657 192 1717 etiam
207 1651 439 1715 robustissimos
455 1652 606 1712 admonet.
633 1652 740 1711 lnter
753 1652 848 1712 baec
863 1669 953 1713 esse
968 1662 1002 1714 et
1015 1671 1075 1713 ru·
1090 1679 1108 1733 3

102 1738 232 1800 berem
255 1737 351 1809 scio,
375 1735 426 1811 qui
447 1736 635 1810 gravissimis
659 1751 782 1811 quoque
797 1735 869 1796 viris
885 1738 1004 1798 subitus
1022 1736 1075 1797 ad-

103 1823 249 1884 lunditur.
284 1819 381 1895 magis
398 1820 520 1895 quidem
534 1820 564 1879 in
579 1818 740 1881 iuvenibus
755 1821 898 1896 adparet,
920 1822 1032 1896 quibus
1047 1827 1076 1881 et

103 1909 173 1982 plus
196 1906 307 1966 caloris
327 1909 376 1964 est
396 1911 426 1964 et
444 1911 549 1964 tenera
568 1902 663 1963 lrons.
695 1904 890 1965 nihilominus
912 1913 941 1965 et
959 1911 1075 1965 vetera-

102 2007 159 2053 nos
176 1996 206 2050 et
221 2003 313 2050 senes
328 1988 431 2062 tangit.
455 1986 583 2061 Quidam
597 2004 760 2062 numquam
776 1990 888 2064 magis,
902 2005 992 2063 quam
1007 2004 1076 2048 cum

101 2071 293 2146 erubuerint,
307 2071 430 2132 timendi
442 2077 526 2142 sunt,
541 2069 629 2146 quasi
641 2087 761 2131 omnem
773 2074 988 2133 verecundiam
999 2072 1074 2132 effu

102 2159 209 2219 derint.
240 2155 324 2217 Sulla
344 2164 416 2219 tunc
436 2163 501 2215 erat
520 2156 772 2227 violentissimus,
795 2173 864 2216 cum
883 2156 992 2217 faciem
1007 2155 1107 2227 eius4

102 2242 228 2317 sanguis
248 2242 411 2300 invaserat.
442 2239 514 2298 nihil
536 2247 600 2299 erat
614 2239 734 2299 mollius
751 2255 804 2298 ore
816 2239 960 2316 Pompeii.
990 2256 1074 2300 num-

102 2341 193 2401 quam
209 2339 271 2384 non
286 2339 390 2384 coram
410 2323 548 2398 pluribus
563 2323 678 2395 rubuit,
698 2323 803 2398 utique
823 2324 852 2382 in
866 2322 1075 2383 concionibus

100 2408 282 2481 Fabianum,
308 2407 426 2476 cumin
448 2414 586 2468 senatum
605 2407 692 2466 testis
713 2413 797 2466 esset
821 2406 981 2478 inductus,
1007 2421 1075 2464 ern-

100 2493 207 2553 buisse
219 2490 354 2563 memini,
370 2490 462 2550 ethic
477 2491 559 2551 illum
572 2490 647 2550 mire
663 2491 763 2566 pudor
777 2490 886 2549 decuit.
913 2490 979 2548 Non
996 2488 1074 2548 acci·
1090 2507 1108 2560 5

101 2576 143 2637 dit
156 2575 218 2636 hoc
230 2575 267 2635 ab
283 2574 454 2634 infirmitate
466 2576 590 2648 mentis,
607 2576 663 2635 sed
678 2592 696 2634 a
713 2573 847 2635 novitate
861 2574 919 2647 rei,
937 2589 1015 2648 quae
1029 2573 1073 2631 in-

100 2661 299 2731 exercitatos,
317 2658 435 2718 etiamsi
455 2675 516 2718 non
532 2660 680 2733 concutit,
703 2666 804 2719 movet
826 2657 955 2718 naturali
970 2658 999 2716 in
1015 2657 1075 2716 hoc

100 2742 242 2803 facilitate
257 2741 397 2816 corporis
413 2758 538 2816 pronos.
563 2759 633 2803 nam
648 2751 681 2803 ut
696 2742 818 2818 quidam
834 2741 849 2778 *
866 2743 937 2802 boni
953 2742 1075 2817 sangui-

99 2827 147 2887 nis
163 2832 249 2900 sunt,
270 2826 311 2885 ita
332 2825 456 2900 quidam
475 2825 589 2886 incitati
609 2836 639 2887 et
652 2825 772 2886 mobilis
788 2834 818 2886 et
832 2827 891 2887 cito
908 2827 937 2885 in
954 2843 989 2886 os
1005 2842 1074 2901 pro·

100 2909 232 2970 deuntis.
264 2908 362 2983 Haec,
382 2917 415 2970 ut
436 2910 514 2982 dixi,
538 2911 620 2969 nulla
639 2909 790 2985 sapientia
806 2908 914 2984 abigit:
940 2910 1106 2985 alioquin6

99 2993 226 3054 haberet
243 3008 346 3053 rerum
366 3000 503 3053 naturam
524 2993 581 3053 sub
602 2993 746 3068 imperio,
768 2995 794 3053 si
816 2994 916 3060 omnia
936 2993 1076 3053 eraderet

100 3077 180 3137 vitia.
196 3076 416 3152 Quaecumque
428 3077 569 3137 adtribuit
581 3078 720 3138 condicio
733 3077 880 3137 nascendi
891 3085 921 3138 et
935 3076 1075 3151 corporis

100 3168 317 3237 temperatura,
340 3175 409 3221 cum
427 3162 552 3221 multum
574 3177 609 3220 se
630 3161 744 3236 diuque
759 3162 877 3222 animus
893 3174 1075 3235 composue-

98 3245 147 3318 rit,
175 3244 354 3305 haerebunt.
387 3243 466 3304 Nihil
490 3244 598 3304 horum
624 3247 719 3304 vetari
748 3251 864 3321 potest,
890 3260 951 3304 non
976 3242 1075 3315 magis

100 3344 190 3403 quam
209 3327 339 3388 accersi.
372 3328 515 3388 Artifices
531 3326 660 3401 scenici,
683 3329 735 3404 qui
756 3329 910 3387 imitantur
924 3327 1105 3399 adlectus?

100 3411 151 3487 qui
164 3419 280 3473 metum
293 3418 325 3471 et
337 3410 570 3485 trepidationem
587 3410 773 3485 exprimunt,
795 3411 846 3486 qui
861 3409 1011 3470 tristitiam
1025 3424 1073 3470 re·

100 3501 313 3570 pracsenmnt,
329 3493 388 3555 hoc
402 3493 514 3555 indicio
529 3495 680 3556 imitantur
694 3494 924 3555 verecundiam
940 3493 1074 3555 deiciunt
