2468 3930
471 243 703 300 FRAGMENTA.
1014 237 1076 302 421

100 398 176 454 tione
194 397 340 466 formavit,
354 396 398 452 cui
414 398 507 452 titulus
524 404 580 453 est:
605 396 672 466 „de
692 397 806 451 torma
824 394 978 464 mnndi,“
994 411 1078 466 quem

99 482 180 538 vobis
195 481 261 536 item
272 478 435 552 reliquimus
448 481 661 552 perlegendum.
685 478 783 536 Boetlt.
795 478 965 551 dcyeomnr.
978 479 1022 538 lib.
1033 476 1077 534 ΙΙ.

97 584 128 640 p.
142 568 221 624 1537.
235 565 293 633 (ed.
305 565 395 620 Boni.
414 567 508 636 1570.)
536 562 608 620 Nam
622 563 744 619 mundns
766 563 828 634 ipse
848 561 998 635 sphaerica
1021 563 1077 618 ler-

99 657 143 706 tur
156 647 323 704 rotunditate
338 648 487 716 collectus,
508 653 538 703 ut
562 647 692 705 diversas
713 662 808 702 rerum
828 648 932 702 formas
957 646 1077 703 ambitus

100 734 145 789 sui
168 732 328 789 circuitione
351 731 550 803 concluderet,
576 731 653 787 unde
672 731 774 786 librum
796 728 907 786 Seneca
930 736 1078 786 consenta-

101 833 155 872 nea
165 815 342 889 philosophis
353 815 540 888 disputatione
548 815 686 884 formavit,
694 815 739 869 cui
749 815 842 868 titulus
851 820 906 869 est:
921 815 977 885 „de
989 815 1079 870 forma

100 900 226 957 mundi.“
235 899 357 971 (Rursus
370 900 471 955 eadem
480 901 569 956 verba
576 897 660 955 habet
667 898 814 953 Hrabanus
821 897 934 954 Maurus
946 897 983 953 de
994 898 1077 954 instit.

101 985 227 1041 clericor.
248 985 294 1040 lib.
314 983 364 1049 lll,
387 1000 413 1042 c.
429 988 473 1040 15.
487 988 553 1040 tom.
567 983 622 1052 Vl,
636 999 665 1054 p.
680 985 716 1038 14
729 981 762 1036 Β.
776 981 821 1042 ed.
838 980 934 1038 Goion.
947 997 972 1036 a.
986 983 1079 1050 1626.)

396 1114 443 1172 IX.
462 1113 776 1173 EXHORTATIONES.

162 1236 448 1293 neocaesareae.
466 1234 521 1303 VI,
539 1253 564 1295 c.
576 1241 626 1307 al,
645 1243 662 1305 s
679 1240 721 1295 16.
737 1241 780 1297 17.
801 1236 880 1293 Idem
895 1233 1034 1306 (Seneca)
1049 1235 1078 1292 in
1090 1238 1123 1292 14

101 1321 229 1376 eiusdem
244 1320 338 1392 operis
356 1319 687 1390 (Exhortationum)
702 1321 806 1392 primo:

161 1403 255 1472 „Quid
277 1403 360 1475 agis‘t
382 1404 487 1474 inquit,
510 1404 578 1476 qnid
596 1403 787 1461 machinaris?
814 1403 881 1475 qnid
903 1403 1078 1460 abscondis?

101 1494 194 1545 custos
214 1494 243 1549 te
254 1492 317 1542 tuus
330 1488 462 1558 sequitur.
482 1488 576 1544 Alium
587 1489 829 1561 tibipcregrinntic
837 1486 982 1559 subduxit,
994 1488 1079 1543 alium

102 1588 194 1640 mors,
212 1572 297 1627 alium
310 1571 459 1638 valetudo:
481 1570 580 1628 haeret
593 1572 654 1644 hic,
676 1588 732 1643 quo
748 1588 846 1628 carere
859 1587 1011 1641 numquam
1026 1589 1079 1645 po·

102 1663 153 1712 tes.
177 1654 250 1722 Quid
268 1656 361 1710 locum
372 1654 496 1711 abditum
510 1656 584 1729 legis
599 1662 626 1712 et
640 1657 925 1713 arbitrosremovest
947 1661 1015 1728 puta
1031 1656 1079 1712 tibi

101 1741 267 1812 contigisse,
277 1744 308 1794 ut
320 1740 416 1794 oculos
428 1740 552 1795 omnium
564 1739 701 1814 effugias,
712 1740 845 1796 demens:
856 1739 921 1811 quid
935 1741 982 1795 tibi
992 1740 1078 1813 prod-

102 1831 213 1880 estnon
228 1823 334 1880 habere
351 1823 495 1880 conscium
508 1824 622 1881 habenti
638 1825 885 1882 conscientiamt“

164 1907 289 1964 ductant.
300 1910 391 1963 institi.
404 1907 447 1963 bb.
459 1907 490 1978 1,
502 1924 526 1964 e.
538 1913 570 1979 7,
582 1914 624 1968 13.
657 1910 728 1978 Quia
737 1908 799 1966 lieri
816 1925 874 1964 non
886 1913 995 1980 potest,
1010 1909 1076 1980 quin
1090 1917 1123 1970 15

103 1992 146 2061 'd,
168 1991 244 2063 qnod
258 1992 311 2058 sit,
333 1992 483 2062 aliquando
505 2010 570 2049 esse
595 1995 735 2067 coeperit,
761 2009 938 2063 consequens
960 1999 1016 2062 est,
1040 1999 1078 2060 ul,

102 2076 214 2146 quando
229 2074 297 2129 nihil
310 2081 373 2130 ante
393 2076 470 2130 illum
489 2077 553 2144 luit,
575 2077 636 2149 ipse
657 2083 721 2133 ante
741 2078 836 2132 omnia
855 2092 892 2132 ex
912 2093 944 2131 se
967 2077 1030 2148 ipso
1045 2077 1081 2133 sit

102 2161 267 2296 praeerectus
281 2185 324 2198 -·
339 2158 416 2227 quod
427 2155 554 2234 Seneca,
568 2158 652 2216 homo
664 2165 778 2231 acutus,
792 2160 821 2215 in
833 2158 1079 2216 Exhortationibus

104 2243 131 2299 vi
153 2241 182 2295 it.

165 2324 255 2394 ,‚Nos,
282 2324 383 2394 inquit,
407 2323 519 2379 aliunde
541 2325 707 2397 pendemus.
730 2325 824 2397 itaque
840 2324 878 2380 ad
894 2325 1016 2396 aliquem
1032 2343 1075 2382 re-

103 2409 252 2481 spicimus,
274 2409 319 2463 cui
342 2407 418 2478 quod
435 2412 477 2463 est
499 2410 633 2479 optimum
654 2409 690 2464 in‘
706 2409 803 2478 nobis,
824 2409 993 2464 debeamus=
1009 2410 1080 2465 alius

103 2511 155 2548 nos
172 2493 274 2561 edidit,
291 2493 362 2548 alius
380 2492 521 2547 instruxit:
539 2493 610 2550 deus
624 2493 686 2565 ipse
700 2510 732 2548 se
748 2493 841 2549 lecit.“

166 2577 292 2634 lactant.
305 2578 396 2637 modu.
409 2576 454 2632 tib.
465 2573 496 2642 I,
508 2591 533 2637 c.
544 2581 631 2649 5,17.
657 2577 792 2633 Annaeus
803 2574 915 2633 Seneca
926 2569 1011 2632 -ffn
1020 2576 1076 2633 llx-
1089 2578 1125 2634 16

102 2661 318 2716 hortationibus:

167 2744 236 2812 „Hic
253 2760 337 2814 quum
355 2745 446 2818 prima
460 2745 640 2802 fundamenta
655 2745 736 2801 molis
751 2744 957 2818 pulcherrimae
976 2746 1081 2803 iaceret

104 2831 132 2882 et
145 2824 200 2880 hoc
216 2826 368 2896 ordiretur,
383 2845 438 2899 quo
450 2845 542 2901 nequc
559 2830 649 2886 maius
665 2829 817 2902 quidquam
829 2829 906 2888 novit
918 2835 1017 2888 natura
1028 2846 1081 2886 nec

104 2910 213 2978 melius,
224 2915 253 2963 ut
265 2910 358 2965 omnia
366 2914 418 2967 sub
430 2911 547 2970 ducibus
557 2915 616 2971 suis
628 2915 706 2981 irent,
720 2915 848 2987 quamvis
859 2914 921 2987 ipse
931 2930 984 2987 per
994 2919 1081 2970 totum

103 3011 135 3049 se
152 3008 253 3064 corpus
268 2992 439 3065 intenderat,
453 3002 548 3053 tamen
560 2999 701 3055 ministros
714 2999 796 3070 regui
812 2999 855 3055 sni
871 2998 943 3055 dens
956 2996 1081 3070 gennit.“

164 3077 198 3131 Et
212 3092 296 3147 quam
309 3079 395 3134 multa
405 3079 460 3134 alia
472 3079 508 3136 de
522 3081 576 3138 deo
589 3083 691 3138 nostris
703 3082 803 3137 similia
812 3083 920 3137 locutus
936 3087 993 3151 est,
1008 3095 1081 3151 quas

102 3178 179 3217 nunc
194 3160 306 3216 differo.
321 3189 365 3200 -
378 3159 424 3218 Ib.
435 3177 460 3220 c.
473 3166 503 3228 7,
516 3169 542 3222 5.
570 3165 605 3220 Et
620 3171 663 3222 est
676 3164 744 3220 illud
754 3180 868 3233 verum,
883 3164 960 3237 quod
977 3164 1083 3220 dixisse

104 3248 132 3302 in
147 3245 393 3302 Exhortationibus
408 3243 549 3303 Senecam
569 3264 656 3321 supra
675 3249 770 3304 retuli:
793 3247 926 3319 genuisse
941 3248 1023 3321 regni
1039 3247 1082 3303 sni

103 3331 244 3386 ministros
260 3331 355 3386 deum.

166 3414 292 3471 Lactont.
305 3417 396 3471 inniti.
408 3412 471 3481 111,
484 3429 509 3472 c.
523 3418 572 3486 15,
586 3419 611 3472 1.
641 3415 751 3473 Eodem
767 3416 866 3473 ductus
877 3432 973 3474 errore
986 3412 1077 3473 Sens—
1089 3420 1123 3480 17

104 3514 138 3554 ca
160 3527 195 3539 -
214 3501 276 3570 quis
295 3500 368 3555 enim
383 3515 482 3557 veram
497 3499 572 3555 viam
588 3504 697 3557 teneret
714 3507 824 3558 errante
841 3499 999 3560 Cicerone?
1018 3527 1061 3542 -·
