2468 3930
220 219 392 284 EPISTUL.
403 220 497 284 llolt.
519 223 592 283 LIB.
607 224 645 283 V.
666 223 722 283 ΕΡ.
742 233 978 301 11.12.(51.5u.)
1026 228 1088 294 107

107 374 229 433 lemust
271 387 378 432 nemo
409 388 475 447 per
502 372 670 433 seselis
699 374 804 434 valet
830 382 870 435 ut
901 385 1086 452 emergam

108 461 269 532 oportet
292 455 596 530 manumuliquis
612 457 800 531 porrigat,
823 458 970 533 aliquis
992 460 1086 521 edu-

108 546 178 600 cat
223 538 379 613 Quosdam
406 538 448 598 ait
466 538 619 613 Epicurus
648 540 688 599 ed
716 541 874 601 veritatem
903 543 970 602 sine
995 545 1117 609 ulliuss

108 622 261 684 adiutorio
283 622 404 694 exisse,
426 621 539 683 secisse
561 623 618 684 sibi
639 624 725 699 ipsos
747 625 836 683 viam.
874 624 933 686 hos
954 628 1086 689 maxime

108 707 228 781 laudat,
243 707 355 782 quibus
369 722 410 765 ex
427 721 462 765 se
472 707 595 782 inpetus
612 708 680 780 luit,
695 706 747 783 qui
762 723 796 768 se
811 708 872 783 ipsi
886 712 1084 784 protulerunt.

109 790 262 866 quosdam
278 790 416 864 indigere
431 805 491 865 ope
507 791 621 864 aliena,
640 807 702 850 non
721 792 832 864 ituros,
849 792 981 854 sinemo
997 811 1084 869 prae·

109 873 252 947 cesserit,
275 873 332 932 sed
360 874 437 933 bene
464 882 633 934 secuturos.
670 890 709 933 ex
734 874 781 934 his
807 875 1016 938 Metrodorum
1043 879 1086 938 eit

108 973 195 1018 esse=
229 957 385 1031 egregium
405 957 465 1016 hoc
486 974 626 1032 quoque,
652 958 707 1016 sed
723 959 879 1019 secundae
894 961 986 1021 sortis
1000 962 1084 1036 inge·

106 1043 199 1102 nium.
217 1040 280 1103 Nos
297 1056 336 1099 ex
351 1040 402 1099 illa
416 1039 513 1114 prima
529 1050 601 1101 nota
615 1056 675 1100 non
688 1057 809 1100 sumus:
832 1041 910 1102 bene
923 1043 1084 1105 nobiscum

107 1124 222 1200 egitur,
243 1124 270 1183 si
292 1122 320 1182 in
339 1125 506 1184 secundem
524 1124 698 1198 recipimur.
720 1139 758 1183 ne
775 1124 856 1184 hunc
872 1126 994 1200 quidem
1011 1143 1083 1187 con-

105 1207 269 1282 tempseris
282 1206 450 1281 hominem,
469 1208 521 1282 qui
540 1209 638 1267 alieno
655 1208 804 1267 beneficio
820 1224 891 1267 esse
908 1212 1012 1269 salvus
1027 1226 1083 1284 po·

105 1298 180 1354 test:
205 1298 235 1351 et
248 1290 307 1350 hoc
322 1292 447 1350 multum
462 1297 524 1362 cst,
547 1293 625 1350 velle
646 1290 771 1351 servari.
800 1290 924 1352 Praeter
938 1292 1015 1352 hoec
1030 1295 1083 1354 ed·
1099 1299 1118 1352 4

105 1375 167 1435 huc
187 1373 326 1434 invenies
343 1389 441 1448 genus
457 1375 540 1434 aliud
560 1374 715 1435 hominum
734 1391 772 1435 ne
787 1374 888 1449 ipsum
903 1375 1026 1452 quidem
1039 1377 1083 1436 la·

105 1458 294 1520 stidiendum
312 1473 433 1529 eorum,
457 1457 511 1532 qui
526 1460 595 1532 cogi
613 1459 651 1518 ed
665 1466 782 1519 rectum
799 1461 993 1535 conpellique
1008 1477 1082 1534 pos·

105 1548 192 1612 sunt,
207 1541 320 1616 quibus
336 1558 396 1601 non
414 1542 492 1601 duce
506 1549 622 1602 tanturn
638 1558 718 1616 opus
736 1543 788 1615 sit,
810 1544 866 1602 sed
887 1543 1026 1604 adiutore
1042 1552 1081 1619 et,

104 1633 138 1686 ut
157 1627 199 1686 ita
211 1626 327 1698 dicam,
351 1633 502 1685 coactore.
535 1626 584 1685 hic
601 1626 707 1686 tertius
724 1628 809 1686 color
825 1633 881 1686 est.
914 1628 940 1688 si
958 1629 1081 1703 quoeris

104 1709 197 1769 huius
218 1710 388 1783 exemplar,
412 1710 628 1769 Hermarchum
645 1711 686 1770 eit
697 1709 849 1785 Epicurus
869 1711 1082 1775 tumuisse.

107 1795 214 1868 imque
237 1793 322 1854 alteri
344 1793 441 1868 magis
463 1795 645 1869 gratuletur,
672 1795 798 1854 alterum
824 1797 921 1870 magis
943 1797 1081 1872 suspicit.

105 1877 249 1952 quemvis
265 1878 344 1937 enim
362 1878 402 1936 ad
418 1878 558 1938 cumdem
579 1877 669 1937 linem
685 1885 814 1952 uterque
830 1881 1017 1954 pervenerit,
1038 1887 1080 1939 ta-

105 1975 177 2019 men
199 1962 295 2020 moior
315 1969 362 2021 cst
376 1961 442 2021 laus
458 1960 538 2021 idem
556 1957 698 2022 effecisse
714 1963 743 2020 in
760 1962 931 2023 difficiliore
945 1962 1080 2025 materia.

105 2043 182 2104 Puta
193 2045 272 2103 enim
288 2046 349 2105 duo
361 2043 502 2104 aedificia
518 2046 648 2105 excitata
659 2060 746 2116 esse,
762 2046 851 2106 ambo
865 2048 963 2121 parit,
980 2062 1080 2121 oeque
1095 2060 1112 2112 5

102 2129 246 2202 excelsa,
262 2143 361 2202 aeque
375 2127 546 2203 magnilica.
565 2131 691 2189 alterum
706 2144 813 2203 puram
828 2145 931 2189 aream
946 2123 1079 2205 accepit:

106 2212 168 2272 illie
192 2212 330 2286 protinus
352 2228 431 2286 opus
448 2213 552 2272 crevit.
581 2213 708 2272 alterum
724 2213 920 2273 fundamenta
936 2214 1082 2273 laxabunt

104 2295 135 2354 in
160 2297 282 2356 mollem
306 2303 337 2356 et
354 2295 478 2356 fluidam
497 2296 622 2357 humum
643 2296 738 2355 missa
757 2295 945 2370 multumque
966 2297 1080 2357 laboris

103 2378 287 2439 exhaustum
300 2387 361 2452 est,
375 2381 445 2440 dum
457 2380 634 2454 pervenitur
645 2379 684 2438 ad
696 2379 843 2438 solidum=
865 2379 984 2439 invenio
995 2380 1080 2453 quic-

105 2463 180 2538 quid
195 2463 266 2523 lecit
280 2463 404 2524 alterius
422 2464 555 2540 [opifem
569 2465 701 2534 atterius]
717 2478 827 2535 magna
842 2478 913 2537 pars
928 2469 958 2520 et
972 2460 1080 2520 diffici-

103 2546 162 2606 lior
176 2547 258 2605 latet.
287 2546 442 2621 Quaedam
456 2547 577 2621 ingenia
593 2546 692 2606 facilia
711 2553 741 2605 et
756 2545 912 2620 expedita,
929 2545 1079 2619 quaedam
1094 2552 1111 2608 6

102 2644 212 2701 manu,
236 2631 320 2705 quod
336 2630 434 2702 aiunt,
458 2631 598 2690 iacienda
619 2637 690 2689 sunt
704 2636 735 2689 et
749 2629 777 2688 in
795 2627 998 2689 fundamenu's
1014 2627 1079 2688 suis

101 2720 267 2788 occupatu.
298 2715 401 2788 itaque
416 2729 473 2789 ego
488 2714 572 2774 illum
588 2714 755 2773 feliciorem
771 2713 915 2783 dixerim,
939 2712 991 2787 qui
1006 2711 1079 2772 nihil

103 2796 219 2872 negotii
241 2812 344 2857 secum
368 2798 482 2858 habuit.
516 2797 597 2858 hunc
621 2798 744 2871 quidem
764 2799 873 2857 melius
895 2797 935 2855 de
958 2813 993 2856 se
1016 2810 1078 2855 me·-

102 2880 221 2953 ruisse,
244 2881 296 2955 qui
310 2880 525 2955 malignitatem
542 2888 667 2941 naturae
683 2897 758 2941 suae
772 2881 844 2941 vicit
859 2888 889 2940 et
905 2881 943 2939 ad
957 2880 1079 2954 sapien-

101 2963 173 3023 tium
189 2979 226 3024 se
241 2981 301 3024 non
318 2965 475 3040 perduxit,
496 2966 552 3024 sed
567 2965 707 3025 extraxit.
735 2965 801 3024 Hoc
817 2965 926 3025 durum
944 2970 975 3022 et
993 2962 1078 3022 labo·
1093 2970 1110 3025 7

100 3047 220 3108 riosum
241 3047 396 3122 ingenium
417 3049 506 3109 nobis
525 3049 629 3108 dotum
649 3049 730 3108 scias
745 3048 824 3107 licet.
858 3047 937 3106 imus
952 3061 1007 3120 per
1023 3044 1078 3104 ob·

100 3131 224 3190 smnlia.
238 3130 340 3205 itaque
352 3147 533 3207 pugnemus,
548 3132 719 3207 aliquorum
731 3129 911 3190 invocemus
923 3128 1076 3187 auxilium.

101 3213 233 3288 „Quem
259 3213 377 3289 inquis,
402 3216 598 3275 invocabol“
638 3215 725 3274 Hunc
748 3221 799 3273 out
823 3213 916 3273 illum.
950 3218 981 3270 tu
1001 3225 1076 3269 vero

99 3296 191 3358 etiem
208 3297 248 3358 ed
265 3298 384 3373 priores
398 3306 565 3371 revertere,
584 3298 636 3372 qui
651 3304 776 3358 vacent:
803 3295 991 3354 adiuvere
1006 3307 1077 3352 nos

101 3389 520 3457 possuntnontantum
537 3382 717 3456 quisunt,
741 3379 810 3443 sed
827 3378 889 3452 qui
910 3377 1076 3437 luerunt.

99 3463 393 3538 tinnientem,
417 3465 598 3539 quisunt,
619 3458 1108 3537 eligamusnoneoquuiss
