2468 3930
263 236 431 300 EPISTUL.
446 237 540 299 nott.
563 240 635 300 LlB.
646 239 725 300 XVl.
749 240 805 300 EP.
817 250 843 302 2.
855 247 926 316 (97.)
1022 241 1085 306 315

104 390 216 466 aliquis
237 397 348 465 posset
367 397 450 451 tutus
470 407 558 452 esse:
580 391 721 466 adparuit
742 391 809 453 sine
825 393 974 454 adulterio
989 402 1086 455 tutum
1181 448 1183 450 ,

104 489 177 534 csse
194 490 256 535 non
270 490 376 551 posse.
414 475 481 534 Hoc
494 475 571 535 inter
583 474 761 551 Pompeium
778 484 808 537 et
823 477 994 554 Caesarem,
1009 479 1116 542 intorti

104 555 283 618 Ciceronem
296 559 503 634 catonemque
518 559 714 620 commissum
729 568 786 635 est,
802 561 945 622 Catonem
961 563 1086 637 inquam

101 640 197 715 illurn,
213 659 275 718 quo
290 643 418 702 sedente
432 643 567 717 populus
582 650 708 717 negatur
719 644 899 718 permisisse
910 645 967 705 sibi
979 640 1085 722 postu-

102 726 168 785 lare
178 724 315 786 Florales
331 725 419 788 iocos
435 727 647 787 nudandarum
659 728 860 787 meretricum.
893 727 999 790 Credis
1015 746 1085 806 spe-

103 815 207 869 ctasse
228 815 302 870 tunc
323 808 463 870 severius
483 809 623 871 homines
645 827 738 885 quam
761 811 937 871 iudicasset
964 823 995 875 et
1013 815 1088 875 fient

103 898 133 952 ct
160 893 242 953 lacta
266 894 325 954 ista
352 900 424 954 sunt
454 900 483 954 et
507 893 672 955 licentia
696 894 846 954 urbium
872 894 1085 971 aliquando

103 975 320 1052 disciplina
339 983 530 1051 metuque,
557 993 762 1052 numquam
788 985 928 1052 sponte
955 979 1086 1041 consi-

104 1142 298 1218 permisisse,
320 1144 438 1218 legibus
455 1144 621 1205 minimum.
648 1146 741 1219 longe
755 1145 835 1205 enirn
849 1144 996 1219 frugalior
1010 1145 1087 1205 haec

101 1234 246 1288 iuventus
263 1243 353 1303 quarn
370 1227 422 1287 illa
437 1235 492 1301 est,
509 1243 579 1288 curn
593 1244 665 1288 reus
680 1228 860 1289 adulterium
872 1230 956 1302 apud
967 1228 1086 1290 iudices

101 1317 244 1386 negaret,
266 1311 385 1371 iudices
407 1313 489 1386 apud
503 1327 592 1372 reum
608 1311 839 1386 confiterentur,
862 1327 930 1372 cum
947 1320 1086 1388 stuprum

101 1395 341 1456 committeretur
355 1396 400 1454 rei
415 1395 597 1456 iudicandae
620 1410 730 1470 causa,
753 1412 821 1455 cum
838 1397 962 1457 clodius
978 1397 1087 1456 iisdem

100 1479 183 1540 vitiis
205 1479 376 1554 gratiosus,
400 1479 512 1553 quibus
536 1494 669 1552 nocens,
693 1480 908 1541 conciliaturas
929 1488 1088 1541 exerceret

100 1563 131 1624 in
164 1563 235 1638 ipsa
262 1579 376 1624 causae
404 1563 547 1622 dictione.
598 1563 709 1624 Credat
733 1563 793 1624 hoc
816 1564 1002 1640 quisquam?
1034 1562 1087 1638 qui

101 1646 305 1709 damnabatur
324 1647 376 1708 uni
399 1645 564 1721 adulterio,
589 1646 747 1708 absolutus
772 1656 820 1708 est
833 1649 945 1708 multis.
991 1648 1129 1718 Omne10

99 1737 223 1806 tempus
240 1730 373 1804 Clodios,
389 1747 449 1792 non
467 1747 558 1791 omne
570 1731 700 1791 Catones
716 1733 801 1791 leret.
824 1732 870 1792 ad
886 1733 1087 1793 deteriora

101 1814 244 1875 faciles
261 1830 401 1888 sumus,
423 1815 495 1889 quia
511 1830 568 1875 nec
584 1815 647 1875 dux
662 1822 766 1890 potest
776 1831 834 1875 neo
846 1832 951 1876 comes
964 1817 1085 1890 deesse,

100 1905 132 1958 et
150 1913 202 1959 res
223 1898 313 1958 etiarn
334 1899 403 1974 ipsa
424 1899 491 1959 sine
511 1899 606 1973 duee,
631 1900 699 1959 sine
720 1901 830 1961 comite
844 1900 993 1975 procedit.
1025 1916 1086 1960 non

100 1997 230 2059 pronum
243 1982 379 2044 euntibus
395 1990 510 2043 tantum
525 1983 565 2042 ad
579 1981 667 2057 vitia,
686 1984 743 2044 sed
759 1999 924 2059 praeceps,
941 1990 987 2060 et,
1003 1983 1087 2059 quod

101 2068 271 2143 plerosque
297 2066 537 2126 inemendabiles
565 2067 650 2139 lacit,
676 2068 809 2128 omnium
832 2068 958 2127 aliarum
978 2069 1086 2128 artium

100 2157 231 2226 peccata
244 2147 413 2210 artificibus
429 2149 539 2224 pudori
556 2157 628 2210 sunt
643 2149 864 2223 offenduntque
879 2150 1085 2211 deerrantenr=

100 2233 184 2294 vitae
199 2240 326 2308 peccata
341 2235 503 2294 delectant.
546 2232 614 2292 Non
636 2234 749 2306 gaudet
763 2233 885 2307 navigio
900 2233 1087 2308 gubernator
1096 2252 1126 2304 11

100 2333 224 2391 everso,
240 2333 301 2377 non
317 2319 431 2391 gaudet
445 2333 538 2391 aegro
554 2316 692 2376 medicus
708 2317 797 2391 elato,
812 2332 874 2376 non
889 2318 1003 2391 gaudet
1017 2334 1086 2377 ora-

100 2409 164 2472 tor,
181 2401 208 2461 si
223 2401 344 2476 patroni
360 2402 452 2476 culpa
467 2416 539 2461 reus
556 2399 679 2460 cecidit:
702 2409 733 2462 at
750 2406 857 2460 contra
872 2401 1013 2461 omnibus
1029 2402 1087 2459 ori-

101 2500 171 2545 men
194 2501 284 2546 suum
304 2487 451 2559 voluptati
471 2491 526 2545 est.
556 2485 685 2545 laetatur
705 2485 756 2544 ille
771 2482 942 2557 adulterio,
956 2484 985 2543 in
1002 2484 1086 2558 quod

100 2568 241 2630 inritatus
257 2576 305 2630 est
315 2570 385 2644 ipsa
399 2568 586 2629 difficultate.
602 2567 730 2628 laetatur
740 2565 792 2627 ille
803 2566 1087 2642 circumscriptione

101 2653 247 2727 lurtoque
258 2669 316 2712 nec
327 2660 397 2712 ante
409 2653 451 2713 illi
463 2654 552 2728 culpa
566 2667 657 2726 quam
669 2653 779 2727 culpae
790 2653 912 2713 lortuna
921 2649 1085 2727 displicuit.

101 2736 136 2796 ld
156 2753 252 2812 prava
272 2737 495 2798 consuetudine
511 2736 622 2796 evenit.
647 2736 784 2811 alioquin
802 2744 835 2797 ut
855 2738 936 2796 scias
956 2736 1087 2796 subesse
1096 2749 1129 2802 ra

103 2818 212 2880 animis
234 2820 325 2879 etiam
342 2820 371 2879 in
388 2821 524 2895 pessima
538 2819 678 2879 abductis
698 2820 772 2879 boni
787 2836 912 2881 sensum
929 2836 986 2880 nec
1001 2822 1087 2894 igno-

103 2902 163 2964 rari
183 2910 288 2978 turpe,
314 2904 371 2964 sod
392 2904 526 2978 neglegi=
555 2918 661 2963 omnes
687 2911 815 2978 peccata
835 2904 1028 2965 dissimulant
1047 2911 1085 2976 et,

101 2986 244 3063 quamvis
266 2987 394 3050 icliciter
416 2989 579 3060 cesserint,
601 2988 701 3048 lruotu
716 2989 836 3047 illorum
852 2995 990 3061 utuntur,
1017 2987 1087 3061 ipsa

101 3070 286 3132 subducunt.
309 3079 340 3131 at
359 3072 440 3132 bona
463 3071 651 3132 conscientia
665 3070 790 3146 prodire
805 3073 869 3132 vult
883 3078 914 3131 et
930 3068 1084 3145 conspici:
1135 3117 1138 3122 .

99 3154 189 3231 ipsas
210 3154 348 3230 nequitia
367 3157 510 3216 tenebras
527 3155 619 3217 timet.
663 3155 826 3228 Eleganter
841 3153 944 3229 itaque
960 3152 998 3212 ab
1014 3151 1129 3226 Epi-13

100 3254 177 3299 curo
193 3238 307 3299 dictum
329 3245 420 3315 puto:
444 3239 569 3312 „Potest
584 3239 707 3298 nocenti
723 3237 914 3310 contingere,
936 3242 970 3297 ut
983 3237 1084 3307 lateat,

73 3387 76 3391 ,
102 3321 218 3384 latendi
238 3322 317 3382 fides
337 3340 398 3383 uon
423 3326 554 3399 potest.“
583 3328 635 3381 aut
656 3322 682 3381 si
699 3321 759 3380 hoc
775 3320 867 3380 modo
883 3319 990 3380 melius
1006 3318 1087 3379 hunc

102 3405 254 3480 explicari
274 3422 370 3481 posse
391 3407 510 3467 iudicas
532 3419 675 3466 sensum:
703 3405 797 3477 „ldeo
819 3418 881 3462 non
900 3402 1029 3478 prodest
1045 3403 1087 3461 la-

100 3494 168 3551 tere
188 3490 404 3566 peccantibus,
428 3489 498 3568 quia
520 3489 631 3548 latendi
646 3487 763 3548 etiamsi
778 3487 950 3548 felicitatem
966 3486 1087 3558 habent,
