2468 3930
147 219 189 283 28
444 218 477 278 L.
498 218 644 278 ANNAEI
668 217 842 277 SENECAE

145 379 174 430 et
193 385 276 430 mors
297 368 363 444 ipsa
379 369 470 428 vitam
485 367 671 428 honestabit:
694 367 791 426 cicuta
806 382 948 440 magnum
962 366 1119 430 Socratem

145 451 311 527 [con]lecit.
339 453 442 512 Catoni
454 451 585 526 gladium
597 452 785 511 adsertorem
797 451 941 511 libertatis
954 460 1105 527 extorque

104 546 136 598 15
145 552 284 611 magnam
301 543 417 610 partem
429 536 597 594 detraxeris
609 535 734 608 gloriae.
767 534 896 593 Nimium
908 534 959 594 diu
969 540 1000 594 te
1010 535 1121 597 cohor·

52 682 59 694 ‚
144 628 200 694 tor,
222 636 288 680 cum
304 619 357 679 tibi
372 617 579 679 admonitione
593 617 691 692 magis
707 634 797 692 quam
812 618 1024 679 exhortatione
1039 636 1121 695 opus

145 705 193 763 sit.
222 720 283 763 non
303 703 333 762 in
355 703 509 761 diversum
530 709 561 762 te
581 708 723 761 enatura
736 709 788 761 lua
802 701 957 762 ducimus=
980 709 1070 764 natus
1086 720 1121 764 es

145 789 184 846 ad
204 788 277 859 ista,
301 801 380 860 quae
400 785 540 846 dicimus.
577 801 614 845 eo
636 785 732 858 magis
753 786 867 845 bonum
884 792 968 846 tuum
990 801 1069 862 auge
1091 794 1122 848 et

145 887 270 931 exorna.

104 960 136 1015 16
208 953 271 1013 Sed
291 954 350 1012 iarn
370 951 462 1012 tinem
484 953 633 1026 epistulae
650 952 772 1023 faciam,
796 951 823 1010 si
840 950 882 1010 illi
897 953 1017 1027 signum
1032 969 1122 1014 suum

145 1038 339 1111 inpressero,
364 1035 396 1095 id
417 1043 464 1095 est
482 1037 615 1111 aliquam
635 1035 826 1109 magnificam
841 1050 948 1095 vocem
967 1037 1122 1111 perferen-

146 1121 213 1180 dam
230 1120 270 1179 ad
282 1128 311 1180 te
323 1120 518 1179 mandavero.
548 1120 671 1194 „inter
685 1126 815 1179 cetera
828 1120 926 1178 mala
939 1119 1012 1180 hoc
1028 1135 1122 1194 quo·

146 1221 217 1279 que
245 1204 362 1264 habet
390 1203 578 1265 stultitia=
610 1218 762 1277 semper
790 1202 930 1276 incipit
959 1204 1120 1263 vivere.‘⁴

146 1288 313 1349 Considera
329 1287 402 1362 quid
418 1303 479 1346 vox
493 1287 551 1347 ista
565 1286 729 1360 significet,
744 1286 839 1346 Lucili
850 1287 983 1345 virorum
996 1288 1121 1361 optime,

145 1380 176 1431 et
196 1373 370 1444 intelleges,
399 1385 490 1442 quam
516 1371 608 1429 loeda
634 1371 673 1429 sit
697 1370 851 1429 hominum
876 1368 984 1429 levitas
1011 1370 1122 1430 cotidie

145 1471 226 1513 nova
245 1455 326 1513 vitae
348 1453 543 1512 fundamenta
564 1453 754 1526 ponentium,
778 1465 875 1512 novas
897 1467 971 1527 spes
986 1453 1076 1512 etiarn
1091 1453 1121 1515 in

107 1545 137 1600 ll
146 1538 229 1596 exitu
246 1535 460 1595 inchoantium.
496 1535 702 1610 Circumspice
722 1543 822 1596 tecum
840 1537 992 1610 singulos=
1016 1552 1121 1596 occur·

146 1626 212 1679 rent
232 1617 285 1679 tibi
306 1635 413 1690 senes,
441 1619 492 1694 qui
514 1635 548 1679 se
567 1635 634 1680 cum
650 1618 780 1678 maxime
794 1619 834 1678 ad
850 1620 1058 1691 ambitionem,
1082 1620 1122 1680 ad

147 1703 425 1778 peregrinationes,
453 1703 490 1761 ad
516 1701 731 1776 negotiandum
756 1711 870 1777 parent.
899 1703 973 1776 quid
994 1711 1042 1764 cst
1059 1711 1121 1763 tur·

147 1787 216 1862 pius
233 1803 324 1860 quarn
339 1801 436 1846 senex
450 1787 554 1845 vivere
569 1786 738 1861 incipiens?
768 1787 834 1847 Non
850 1786 1002 1847 adicerem
1017 1795 1120 1848 aucto-

146 1887 209 1929 rem
232 1869 326 1948 [buic]
349 1870 430 1942 voci,
460 1870 517 1928 nisi
539 1877 623 1929 esset
644 1871 791 1929 secretior
815 1885 873 1930 nec
898 1870 976 1931 inter
1000 1871 1123 1944 volgata

145 1953 269 2027 Epicuri
290 1953 384 2026 dicta,
410 1969 489 2028 quae
509 1953 579 2012 mihi
596 1960 626 2013 et
640 1955 764 2014 laudare
779 1961 810 2014 et
823 1954 970 2027 adoptare
982 1953 1121 2029 permisi.

144 2037 232 2096 Vale.

447 2155 664 2213 EPISTULA
690 2157 722 2210 ll.
751 2155 821 2227 (14.)

400 2252 510 2302 Seneca
525 2251 634 2302 Locmro
652 2262 703 2300 suo
721 2261 859 2301 sanorem.

120 2382 136 2436 1
208 2371 317 2432 Fateor
335 2370 455 2432 insitam
476 2387 547 2432 esse
569 2371 658 2430 nobis
679 2369 819 2444 corporis
841 2371 936 2430 nostri
958 2370 1121 2430 caritatem.

146 2456 243 2517 lateor
263 2472 321 2515 nos
342 2454 431 2515 huius
453 2470 560 2529 gerere
575 2455 707 2513 tutelam.
733 2470 793 2512 non
810 2468 888 2527 nego
903 2453 1122 2528 indulgendum

146 2541 202 2599 illi:
231 2540 424 2599 serviendum
446 2554 535 2611 nego.
564 2537 664 2596 multis
687 2538 765 2595 enim
782 2536 909 2606 serviet,
933 2537 984 2611 qui
1000 2536 1122 2611 corpori

146 2623 254 2695 servit,
277 2624 329 2695 qui
348 2638 401 2696 pro
419 2622 469 2680 illo
485 2622 608 2679 nimium
622 2622 720 2692 timet,
743 2620 794 2694 qui
812 2620 851 2679 ad
868 2619 942 2679 illud
959 2621 1061 2680 omnia
1075 2634 1122 2679 re·

117 2706 212 2766 alent.
251 2703 302 2763 Sic
312 2720 418 2778 gerere
431 2720 488 2763 nos
501 2703 663 2776 debemus,
679 2720 738 2763 non
752 2712 906 2777 tamquam
918 2711 1044 2778 propter
1056 2719 1122 2762 cor-

146 2805 205 2864 pus
229 2788 330 2846 vivere
351 2787 533 2859 debeamus,
557 2787 613 2846 sed
632 2794 784 2861 tamquam
806 2804 867 2847 non
884 2786 1040 2862 possimus
1056 2787 1123 2846 sine

147 2885 286 2945 corpore.
310 2869 399 2930 buius
415 2887 471 2931 nos
487 2871 597 2930 nimius
613 2888 698 2931 amor
712 2871 870 2932 timoribus
883 2871 1044 2945 inquietat,
1061 2871 1122 2930 sol·

146 2953 351 3014 licitudinibus
366 2962 485 3026 onerat,
509 2955 698 3015 contumeliis
715 2954 815 3015 obicit.
843 2955 1005 3014 honestum
1019 2954 1048 3015 ei
1065 2952 1123 3012 vile

146 3045 206 3109 est,
231 3038 279 3098 cui
301 3054 414 3113 corpus
434 3038 522 3098 nimis
545 3054 648 3098 carum
667 3045 722 3098 est.
752 3045 858 3111 agatur
872 3037 939 3098 eius
956 3037 1122 3112 diligentis·

147 3123 223 3182 sime
239 3137 326 3195 cura,
345 3123 385 3183 ita
400 3130 513 3192 tamen,
536 3128 568 3182 ut
584 3139 651 3181 cum
668 3122 768 3195 exiget
781 3124 873 3192 ratio,
895 3138 963 3181 cum
979 3121 1122 3195 dignitas,

117 3210 213 3265 acum
235 3205 329 3278 fides,
353 3206 531 3266 mittendum
552 3205 582 3264 in
605 3204 691 3278 ignes
707 3206 754 3263 sit.
790 3205 1005 3278 Nihilominus,
1027 3220 1123 3280 quan-

145 3298 207 3349 tum
228 3306 410 3363 possumus,
439 3289 586 3348 evitemus
608 3289 802 3349 incommoda
820 3305 959 3364 quoque,
981 3305 1043 3350 non
1058 3295 1124 3348 tan-

147 3380 206 3433 tum
229 3374 378 3448 pericula,
405 3382 435 3434 et
460 3374 495 3432 in
524 3379 642 3433 tutum
670 3389 739 3433 nos
762 3372 989 3434 reducamus
1012 3387 1124 3433 exco-

144 3456 315 3530 gitantes
338 3457 517 3528 subinde,
540 3455 680 3531 quibus
700 3456 1042 3530 possinttimenda
1061 3455 1124 3517 de·
