2468 3930
462 253 695 312 FRAGMENTA.
1014 247 1077 317 429.

99 409 123 465 si
138 405 285 472 deformis,
301 406 325 463 si
337 407 475 479 superba,
489 406 514 461 si
527 405 647 477 foetida,
663 406 860 480 quodcumque
871 407 930 464 vitii
944 412 1001 476 est,
1011 413 1077 478 post
1117 428 1119 431 ¹

99 491 209 562 nuptias
225 490 367 546 discimus.
397 490 507 562 Equus,
518 490 629 561 asinus,
641 492 708 561 bos,
723 492 801 548 canis
814 496 841 547 et
851 491 986 548 vilissima
997 506 1075 546 man-

99 576 187 647 cipia,
201 580 297 631 vestes
314 589 426 646 quoque
441 580 469 630 et
483 575 604 644 lebetes,
626 575 715 631 sedile
736 576 879 648 ligneum,
898 575 971 631 calix
986 580 1013 629 et
1028 590 1075 628 ur·

100 661 196 714 ocolus
210 656 300 713 fictilis
317 660 470 731 probantur
483 658 561 731 prius
579 659 661 715 etsie
676 666 818 715 emuntur:
844 660 905 716 sola
926 674 997 714 uxor
1017 673 1074 713 non

99 742 268 812 ostenditur,
285 758 321 797 ne
333 748 396 798 ante
408 742 555 815 displiceat
564 757 648 813 quam
661 742 787 798 ducatur.
812 742 992 798 attendenda
1003 758 1075 798 sem·
1088 740 1106 795 6

98 842 151 898 per
170 826 230 882 eius
245 831 288 882 est
301 827 388 882 facies
403 831 431 882 et
443 825 620 898 pulchritudo
632 825 790 895 laudanda,
807 842 843 881 ne
857 827 882 882 si
896 827 1012 882 alteram
1027 824 1077 881 ad-

99 910 236 983 spexeris,
249 926 281 965 se
293 910 431 966 existimet
442 910 602 981 displicere.
618 909 749 966 vocanda
760 909 919 975 domina,
931 909 1077 969 celebran-

99 995 152 1050 dus
168 994 268 1049 natalis
284 994 360 1063 eius,
375 993 522 1049 iurandum
536 1009 590 1065 per
603 994 721 1050 salutem
735 992 824 1063 illius,
837 999 868 1048 ut
882 993 917 1048 sit
933 997 1077 1064 superstes

100 1077 263 1151 optandum.
282 1076 449 1134 honoranda
470 1077 562 1132 nutrix
578 1077 638 1133 eius
656 1083 683 1132 et
698 1078 810 1149 gerula,
828 1093 929 1133 servus
943 1081 1077 1148 paternus

100 1169 127 1218 et
141 1164 269 1218 alumnus
284 1167 312 1216 et
326 1163 465 1217 formosus
480 1161 591 1217 assecla
606 1167 633 1216 et
649 1167 815 1233 procurator
833 1160 1035 1217 calamistratus
1051 1163 1078 1214 et

100 1247 127 1302 in
147 1247 260 1317 longam
279 1261 465 1316 securamque
479 1245 622 1300 libidinem
637 1250 767 1301 exsectus
781 1244 887 1317 spado,
909 1244 961 1300 sub
977 1192 1112 1362 quibus)

100 1330 257 1386 nominibus
272 1328 391 1385 adulteri
405 1329 585 1397 delitescunt3
607 1344 790 1400 quoscunque
808 1329 855 1384 illa
870 1327 1013 1396 dilexerit,
1034 1327 1076 1381 in·

100 1415 186 1486 gratis
204 1413 326 1470 amandi.
368 1412 398 1470 Si
421 1419 505 1469 totam
525 1412 639 1469 domum
664 1414 820 1484 regendam
842 1412 869 1467 ei
895 1411 1078 1478 commiseris,
1089 1410 1124 1464 52

100 1497 283 1555 serviendum
294 1503 350 1553 ests
368 1498 392 1554 si
405 1497 509 1568 aliquid
520 1503 567 1553 tuo
579 1497 692 1553 arbitrio
703 1496 912 1567 reservaveris,
928 1495 1014 1551 fidem
1025 1493 1078 1551 sibi

100 1581 198 1638 haberi
212 1596 269 1638 non
282 1582 389 1653 putabit
403 1581 496 1637 sedin
510 1580 605 1636 odium
615 1586 740 1639 vertetur
754 1597 787 1637 ac
796 1579 903 1653 iurgia,
918 1586 945 1636 et
959 1579 1013 1636 nisi
1024 1579 1078 1634 cito

101 1665 290 1733 consulueris,
308 1666 417 1736 parabit
429 1681 550 1721 venena.
580 1665 659 1721 Anus
676 1671 703 1721 et
715 1665 861 1737 aruspices
877 1669 905 1721 et
917 1663 1041 1720 hariolos
1052 1667 1079 1718 et

101 1751 240 1805 institores
260 1765 435 1822 gemmarum
456 1749 665 1822 sericarumque
692 1750 813 1806 vestium
837 1748 862 1805 si
886 1748 1078 1817 intromiseris,

100 1834 255 1906 periculum
269 1833 420 1906 pudicitiae
436 1838 492 1890 est:
519 1833 543 1888 si
562 1833 755 1907 prohibueris,
779 1833 948 1906 suspicionis
969 1832 1077 1893 iniuria.

101 1918 207 1973 Verum
229 1918 296 1987 quid
318 1918 435 1990 prodest
453 1918 536 1974 etiam
555 1919 675 1992 diligens
691 1918 834 1989 custodia,
856 1934 919 1974 cum
933 1933 1005 1973 uxor
1019 1932 1079 1972 ser·
1090 1913 1126 1970 66

100 2002 162 2060 vari
183 2002 325 2073 impudica
345 2018 402 2057 non
422 2002 526 2074 possit,
551 2003 654 2073 pudica
675 2019 732 2058 nou
747 2003 869 2059 debeatt
897 2000 984 2058 infida
1005 2000 1079 2057 enirn

101 2091 196 2142 custos
211 2090 255 2139 est
269 2085 402 2140 castitatis
413 2085 585 2154 necessitas,
601 2092 628 2141 et
638 2087 685 2141 illa
695 2102 765 2144 vere
775 2086 880 2158 pudiea
895 2084 1016 2141 dicenda
1028 2088 1079 2151 est,

102 2169 147 2225 cui
161 2168 237 2222 licuit
250 2183 370 2238 peccare
386 2169 438 2224 scd
445 2169 541 2224 noluit
568 2167 687 2224 Pulchra
699 2170 752 2224 cito
763 2168 924 2238 adamatur,
940 2167 1024 2224 foeda
1038 2169 1079 2221 ta-

101 2254 155 2310 cile
171 2251 351 2322 concupiscit.
373 2249 485 2306 difficile
500 2250 667 2318 custoditur,
685 2251 762 2322 quod
775 2253 871 2323 plures
889 2256 997 2306 amant:
1018 2265 1080 2304 mo·

101 2340 202 2393 testum
218 2340 260 2391 est
273 2333 437 2406 possidere,
452 2333 528 2405 quod
542 2349 625 2390 nemo
639 2335 745 2390 habere
761 2334 902 2406 dignetur.
917 2333 1024 2389 minore
1037 2337 1079 2386 ta-

101 2437 167 2477 men
187 2419 301 2475 miseria
317 2418 449 2475 deformis
464 2417 582 2475 habetur
599 2433 683 2489 quam
700 2419 824 2474 tormosa
838 2421 977 2475 servatur.
1006 2413 1079 2471 Nihil

104 2511 189 2561 tutum
205 2509 262 2575 est,
276 2504 304 2559 in
317 2502 393 2574 quod
405 2504 489 2558 totius
502 2502 599 2574 populi
619 2508 686 2560 vota
706 2501 863 2574 suspirante
889 2500 960 2557 alius
981 2502 1080 2568 torma,

103 2590 174 2644 alius
191 2589 321 2661 ingenio,
342 2587 413 2644 alius
428 2587 550 2658 facetiis,
566 2587 636 2643 alius
650 2586 814 2643 liberalitate
828 2585 971 2642 sollicitate
987 2584 1080 2654 aliquo

104 2672 188 2728 modo
210 2674 255 2728 vel
282 2672 433 2743 aliquando
460 2676 651 2744 expugnatur,
676 2670 753 2743 quod
772 2670 897 2742 undique
923 2668 1080 2727 incessitur.

105 2755 187 2822 Quod
202 2755 225 2810 si
239 2762 354 2827 propter
368 2757 609 2828 dispensationem
622 2756 723 2812 domus
739 2760 766 2811 et
782 2753 926 2828 languoris
939 2754 1038 2811 solatia
1053 2757 1080 2808 et
1092 2755 1126 2811 64

104 2841 200 2910 sugam
214 2839 369 2895 solitudinis
388 2840 527 2896 ducuntur
542 2856 662 2910 uxores,
677 2841 763 2896 multo
778 2841 877 2896 melius
892 2855 993 2898 servus
1008 2835 1080 2894 iidc-

104 2923 138 2977 lis
154 2921 315 2992 dispensat,
329 2922 465 2980 obediens
479 2925 633 2982 auctoritati
648 2924 753 2980 domini
765 2929 792 2980 et
803 2923 1005 2996 dispensationi
1020 2920 1080 2978 eius

105 3009 317 3077 obtemperans,
339 3021 422 3076 quam
444 3024 528 3076 uxor,
550 3009 665 3080 quaein
680 3026 715 3064 eo
730 3023 762 3064 se
776 3008 915 3063 existimat
929 3006 1081 3071 dominam,

105 3091 129 3148 si
142 3089 295 3145 adversum
307 3089 362 3146 viri
382 3091 466 3146 iaciat
479 3093 667 3162 voluntatem,
681 3091 711 3147 id
727 3095 783 3160 est,
805 3090 882 3161 quod
895 3091 1003 3163 placet,
1025 3101 1082 3142 non

105 3174 182 3246 quod
197 3174 315 3229 iubetur.
342 3173 480 3230 Assidcre
495 3179 589 3231 autem
599 3174 755 3246 aegrotanti
768 3175 859 3245 magis
871 3179 989 3245 possunt
1000 3169 1082 3229 amici
1092 3173 1127 3228 66

105 3265 133 3315 et
149 3260 283 3315 vernulae
297 3258 442 3314 beneficiis
457 3258 583 3329 obligati,
600 3272 683 3330 quam
700 3258 761 3327 illa,
785 3272 858 3329 quae
872 3257 953 3314 nobis
966 3258 1082 3329 imputat

105 3344 235 3399 lacrimas
249 3359 315 3398 suas
328 3347 356 3398 et
367 3341 530 3400 hereditatis
545 3359 597 3414 spe
612 3341 710 3399 vendit
725 3341 863 3411 illuviem,
879 3347 906 3397 et
919 3338 1081 3398 sollicitudi-

106 3442 170 3481 nem
185 3428 290 3482 iactans
308 3428 466 3501 languentis
478 3427 601 3483 animum
613 3426 811 3499 desperatione
823 3428 987 3486 conturbat.¹
1001 3423 1084 3494 Quod
1093 3425 1128 3483 66

105 3511 131 3565 si
155 3511 218 3582 ipsa
238 3513 394 3584 langueritt
417 3512 656 3586 coaegrotandum
677 3517 720 3567 est
744 3516 772 3568 et
792 3517 944 3584 numquam
961 3510 1080 3569 ab‘eius
