2468 3930
219 273 387 335 EPISTUL.
402 273 496 334 MOR.
518 274 591 335 LlB.
604 274 669 334 XV.
690 273 747 333 ΕΡ.
757 281 785 336 3.
806 279 877 348 (95.)
983 274 1045 338 305

54 433 246 506 poterunt
267 428 414 486 valere:
443 441 511 500 per
535 443 576 487 se
603 427 847 489 inefficaces
868 437 968 492 sunt.
1013 430 1087 494 Situ

53 514 201 574 volumus
215 509 330 569 babere
346 510 496 584 obligatos
517 517 547 570 et
561 509 662 584 malis,
687 511 798 587 quibus
820 511 879 573 iam
894 520 1044 588 tenentur,

55 597 208 668 avellere,
235 593 369 668 discant,
393 594 466 669 quid
486 596 612 668 malum,
635 595 709 670 quid
730 596 843 656 bonum
865 597 913 656 sit.
946 598 1046 658 sciant

56 679 163 742 omnia
182 685 303 753 praeter
317 678 457 737 virtutem
480 688 596 738 mutare
615 694 740 751 nomen,
764 681 855 740 modo
873 682 953 741 mala
967 681 1043 755 lieri,

56 763 152 824 modo
173 761 264 822 bona.
309 760 570 834 Quemadmodum
594 762 723 836 primum
747 762 869 824 militiae
890 766 1045 825 vinculum

56 855 106 909 est
125 843 233 919 religio
257 851 287 906 et
307 845 463 920 signorum
489 861 575 904 amor
601 854 631 906 et
655 846 818 906 deserendi
842 850 946 923 nefas,
971 856 1044 909 tunc

56 929 170 992 deinde
185 929 274 989 lacile
291 936 392 989 cetera
403 929 565 1003 exiguntur
576 929 820 1004 mandanturque
834 931 1042 992 iusiurandum

56 1011 191 1076 adactis=
211 1012 254 1072 ita
267 1012 297 1071 in
313 1013 360 1086 iis,
378 1029 459 1087 quos
477 1013 552 1073 velis
568 1014 608 1073 ad
620 1014 740 1074 beatam
756 1015 848 1073 vitam
863 1016 1041 1090 perducere,

56 1099 156 1175 prima
184 1097 380 1156 fundamenta
406 1097 548 1157 iacienda
575 1104 647 1158 sunt
672 1105 702 1157 et
726 1097 912 1158 insinuanda
935 1099 1042 1159 virtus.

55 1182 149 1242 huius
165 1181 297 1256 quadan
313 1181 533 1256 superstitione
546 1188 715 1241 teneantur.
744 1180 823 1241 hanc
837 1188 948 1242 ament.
973 1199 1042 1242 cum

56 1265 116 1327 bae
131 1264 235 1325 vivere
251 1265 357 1334 velint,
375 1264 443 1325 sine
459 1265 517 1325 hac
533 1264 639 1326 nolint.
667 1265 765 1339 „Quid
781 1273 876 1340 ergot
897 1283 958 1327 non
975 1267 1039 1340 qui·
1050 1278 1085 1334 36

57 1351 129 1411 dam
151 1348 218 1409 siue
231 1349 419 1410 institutione
440 1349 543 1409 subtili
558 1357 723 1409 evaserunt
741 1349 829 1424 probi
849 1365 1043 1425 magnosque

57 1435 216 1510 protectus
238 1431 377 1493 adsecuti
402 1441 487 1505 sunt,
515 1433 585 1493 dum
608 1434 699 1494 nudis
725 1440 840 1493 tantum
866 1433 1041 1509 praeceptis

57 1519 316 1593 obsequunturt“
358 1517 483 1578 Fateor=
514 1519 569 1577 sed
591 1517 663 1576 felix
683 1517 743 1578 illis
762 1518 916 1592 ingenium
937 1518 992 1577 luit
1012 1525 1043 1578 et

56 1601 204 1664 salutaria
226 1600 256 1661 in
274 1599 403 1662 transitu
422 1601 532 1676 rapuit.
559 1617 629 1661 nam
643 1610 678 1663 ut
691 1602 722 1661 di
736 1601 911 1661 inmortales
928 1602 1039 1662 nullam

56 1686 193 1747 didicere
216 1685 353 1745 virtutem
375 1701 443 1744 cum
463 1685 544 1744 omni
564 1686 636 1745 editi
654 1694 684 1745 et
704 1703 777 1760 pars
793 1693 919 1745 naturae
935 1702 1040 1747 eorum

56 1777 105 1830 est
118 1771 220 1831 bonos
235 1785 321 1844 esse,
336 1770 378 1830 itu
393 1769 516 1843 quidam
531 1785 569 1828 ex
584 1769 759 1830 hominibus
774 1771 927 1845 egregiam
943 1769 1039 1831 sortiti

55 1855 191 1915 indolem
212 1852 242 1912 in
264 1869 316 1928 ea,
338 1869 418 1929 quae
439 1854 516 1912 tradi
532 1855 647 1929 solent,
669 1855 850 1929 perveniunt
865 1854 931 1914 sine
947 1855 1039 1928 longo

57 1935 232 2015 magisterio
248 1945 278 1998 et
288 1936 418 1998 honesta
430 1939 574 2012 conplexi
582 1945 662 2012 sunt
679 1955 746 1999 cum
759 1938 887 2013 primum
899 1938 1039 1998 audiere:

55 2022 153 2097 (unde
167 2021 226 2081 ista
248 2029 307 2082 tam
323 2019 447 2096 rapacia
462 2021 581 2081 virtutis
595 2022 717 2097 ingenia
732 2022 781 2081 vel
796 2037 835 2080 ex
848 2037 883 2081 se
897 2019 1040 2091 fertiliat)

55 2112 86 2168 at
111 2104 171 2165 illis
196 2113 247 2166 aut
267 2104 427 2166 hebetibus
449 2112 479 2164 et
499 2105 617 2166 obtusis
639 2112 692 2165 aut
710 2107 790 2164 mala
815 2104 1040 2165 consuetudine

56 2188 197 2250 obsessis
220 2188 272 2249 diu
292 2189 400 2264 robigo
423 2189 593 2249 animorum
605 2189 775 2262 effricanda
791 2195 846 2247 est.
892 2189 1080 2261 Ceternmst

56 2281 88 2334 ut
103 2273 173 2335 illos
188 2273 218 2333 in
234 2273 347 2333 bonum
365 2289 480 2348 pronos
496 2272 583 2333 citius
599 2272 702 2332 educit
716 2273 755 2331 ad
772 2287 904 2343 summa,
930 2278 960 2331 et
978 2271 1036 2331 lros

54 2355 262 2419 inbecilliores
278 2358 434 2418 adiuvabit
447 2355 597 2432 malisque
612 2354 808 2430 opinionibus
824 2354 970 2428 extrahet,
986 2355 1039 2429 qui

55 2441 115 2501 illis
141 2440 424 2518 philosophiae
449 2441 596 2517 placita
620 2439 792 2500 tradiderim
823 2453 904 2513 quae
930 2453 1039 2513 quam

55 2525 134 2586 sint
155 2526 399 2602 necessaria,
420 2526 465 2587 sic
485 2526 555 2585 licet
575 2525 691 2584 videas.
736 2523 891 2596 Quaedam
906 2521 1040 2582 insident

55 2609 156 2682 nobis,
172 2625 253 2685 quae
269 2626 326 2670 nos
341 2610 381 2669 ad
396 2611 456 2669 alia
469 2609 585 2685 pigros,
600 2609 640 2668 ad
655 2609 713 2668 alia
724 2606 902 2668 temerarios
916 2606 1038 2666 iaciunt.

55 2710 114 2754 nec
132 2693 211 2754 baec
230 2693 360 2753 audacia
373 2694 498 2769 reprimi
513 2702 616 2769 potest
630 2709 687 2753 nec
702 2693 753 2752 illa
766 2690 873 2752 inertia
888 2691 1037 2766 suscitari,

55 2777 115 2837 nisi
130 2792 244 2838 causae
258 2794 364 2838 eorum
380 2779 561 2852 eximuntur,
577 2779 655 2838 lalsa
668 2772 827 2838 admiratio
842 2784 872 2836 et
886 2776 964 2836 laisa
978 2777 1038 2836 lor-

55 2860 149 2923 mido.
170 2861 248 2922 haec
259 2879 317 2922 nos
331 2863 476 2937 quamdiu
488 2863 658 2938 possident,
671 2863 757 2922 dicas
768 2861 854 2921 licet:
869 2860 949 2935 „hoc
962 2859 1039 2935 patri

54 2952 215 3022 praestare
230 2946 335 3018 debes,
352 2944 411 3006 hoo
425 2946 538 3021 liberis,
554 2947 614 3008 boc
626 2946 741 3020 amicis,
757 2944 817 3004 hoc
828 2944 1037 3019 hospitibus“=

54 3035 251 3105 temptantem
266 3030 392 3090 avaritia
403 3031 552 3091 retinebit.
576 3031 652 3090 sciet
663 3046 719 3105 pro
732 3029 829 3104 patria
842 3028 1038 3103 pugnandum

54 3129 143 3175 esse:
174 3112 367 3175 dissuadebit
386 3115 485 3175 timor.
518 3115 595 3175 sciet
619 3131 676 3189 pro
697 3112 802 3172 amicis
823 3111 1037 3171 desudandum

54 3214 128 3260 esse
141 3198 182 3258 ad
198 3206 366 3259 extremum
382 3215 482 3274 usque
494 3198 653 3259 sudorem:
677 3197 734 3256 sed
746 3195 872 3254 deliciae
882 3193 1037 3254 vetabunt.

55 3281 132 3344 solet
145 3282 176 3342 in
192 3299 290 3343 uxore
305 3281 517 3357 gravissimum
533 3297 604 3342 esse
619 3295 717 3356 genus
733 3278 860 3338 iniuriae
873 3277 1036 3352 paelicem:

54 3366 111 3427 sed
125 3365 212 3428 illurn
225 3366 320 3428 libido
336 3365 366 3427 in
382 3367 532 3429 contraria
549 3363 685 3441 inpingit.
721 3361 800 3422 Nihil
815 3378 888 3437 ergo
903 3360 1080 3437 proderit38

53 3451 129 3510 dare
143 3458 324 3526 praecepta,
339 3451 399 3512 nisi
413 3451 498 3526 prius
513 3450 665 3512 amoveris
682 3448 837 3508 obstatura
852 3445 1034 3522 praeceptis

54 3551 116 3596 non
143 3532 242 3611 magis
264 3551 356 3610 quam
375 3535 514 3612 proderit
536 3551 620 3595 arma
640 3535 670 3594 in
697 3540 865 3607 conspectu
891 3527 1039 3608 posuisse

95 3639 196 3678 sunsca
211 3639 284 3679 ruit.
300 3624 343 3678 Ill.
842 3628 882 3680 ‘lb
