2468 3930
139 247 180 311 54
412 248 446 306 L.
468 246 613 307 ANNAEI
634 244 808 307 SENECAE

108 401 277 466 toarceris.
313 398 433 460 Mucius
452 399 573 473 ignibus
594 415 716 459 manum
734 397 878 475 inposuit.
905 399 1052 461 acerbum
1066 408 1112 463 est

137 487 200 548 uria
229 491 341 559 quanto
364 482 519 554 acerbius,
548 482 575 542 si
597 482 628 542 id
646 490 676 543 te
691 480 820 543 iaciente
836 481 978 558 patiaris!
1014 486 1112 546 Vides

136 568 289 629 hominem
310 582 371 626 non
392 565 541 627 eruditum
562 581 619 626 nec
633 565 703 627 ullis
719 567 892 643 praeceptis
908 574 1014 628 eontra
1031 585 1112 630 mor-

137 660 198 713 tem
218 659 268 712 aut
289 651 426 711 dolorem
444 650 657 721 subornatum,
678 648 797 711 militari
811 657 925 711 tantum
938 652 1054 713 robore
1066 652 1111 713 in·

137 740 299 808 strumum,
321 749 439 808 poenas
456 751 475 793 a
491 750 526 793 se
541 733 620 794 inriti
634 741 764 804 conatus
781 734 967 810 exigentem:
990 744 1110 814 specta-

136 827 185 880 tor
196 816 367 879 distillantis
382 818 412 876 in
426 818 528 878 hostili
542 818 643 878 ioculo
655 817 801 878 dexterae
816 819 897 879 stetit
909 835 967 880 nec
981 827 1052 881 ante
1063 836 1111 881 re·

136 903 230 964 movit
249 901 338 962 nudis
361 901 483 962 ossibus
499 900 642 962 liuentem
656 917 794 977 manum,
815 918 906 978 quam
920 901 1001 978 ignis
1016 904 1059 964 illi
1072 903 1111 964 ab

135 986 224 1047 hoste
239 985 407 1047 subductus
423 992 479 1046 est.
502 986 604 1045 iacere
618 985 733 1060 aliquid
747 984 777 1044 in
791 984 851 1046 illis
867 987 976 1047 castris
991 987 1110 1048 ielicius

135 1070 245 1145 potuit,
262 1069 334 1128 nihil
349 1069 465 1130 lortius.
497 1069 577 1128 Vide
589 1075 702 1145 quanto
716 1068 816 1130 acrior
827 1069 867 1131 sit
877 1069 916 1129 ad
928 1071 1112 1147 occupanda

136 1155 269 1228 pericula
289 1153 384 1213 virtus
407 1169 496 1226 quam
520 1153 685 1213 crudelitas
711 1151 751 1211 ad
778 1152 963 1228 inroganda=
991 1153 1111 1215 facilius

134 1237 292 1298 Porsenna
308 1236 409 1297 Mucio
431 1235 560 1312 ignovit,
584 1237 667 1312 quod
688 1236 827 1297 voluerat
840 1236 997 1313 occidere,
1021 1253 1111 1313 quam

106 1322 194 1382 6sibi
214 1321 349 1392 Mucius,
372 1320 455 1394 quod
477 1337 539 1380 non
560 1319 724 1380 occiderat.
758 1321 978 1396 „Decantatae,
998 1321 1110 1399 inquis,

135 1405 164 1464 in
180 1404 321 1465 omnibus
336 1403 450 1463 scholis
465 1403 587 1464 fabulae
603 1404 680 1463 istae
695 1410 779 1464 sunt:
801 1404 860 1464 iam
875 1403 962 1477 mihi,
986 1404 1109 1481 eumad

136 1487 388 1548 contemnendam
409 1494 535 1548 mortem
558 1493 682 1547 ventum
706 1484 808 1560 luerit,
838 1488 982 1549 catonem
1007 1504 1110 1550 narra·

134 1570 213 1630 bis.“
246 1570 355 1645 Quidni
371 1585 429 1646 ego
440 1586 558 1631 narrem
573 1571 677 1632 ultima
690 1570 742 1632 illa
756 1578 845 1637 uocte
856 1571 989 1633 Platonis
1002 1573 1110 1634 librum

133 1656 283 1729 legentem
303 1655 405 1729 posito
425 1656 464 1715 ad
482 1661 573 1730 eaput
586 1655 710 1730 gladiot
736 1655 797 1716 duo
812 1655 889 1715 haec
903 1655 934 1714 in
948 1655 1042 1717 rebus
1058 1671 1098 1716 ex

134 1739 236 1798 tremis
257 1737 456 1800 instrumenta
475 1745 693 1814 prospexerat,
716 1739 844 1799 alterum
864 1747 898 1799 ut
914 1740 1007 1800 vellet
1024 1739 1108 1813 mori,

135 1823 261 1884 alterum
275 1830 308 1883 ut
321 1830 437 1897 posset.
462 1822 631 1898 conpositis
646 1839 719 1898 ergo
734 1822 843 1895 rebuS,
859 1830 1027 1898 utcumque
1038 1837 1110 1884 oon·

135 1906 208 1980 poni
227 1907 341 1968 fractae
360 1914 452 1982 atque
471 1907 593 1967 ultimae
613 1914 768 1982 poterant,
789 1906 821 1967 id
840 1906 993 1981 agendum
1008 1905 1110 1968 existi·

135 1990 241 2060 mavit,
265 2006 303 2049 ne
323 1991 371 2050 cui
391 1989 535 2052 Catonem
555 1999 607 2053 aut
628 1991 769 2052 occidere
788 1990 894 2052 liceret
913 1996 965 2050 aut
985 2004 1109 2050 servare

107 2074 332 2147 reontingeret.
366 2080 397 2134 et
411 2075 513 2135 stricto
528 2073 646 2150 gladio,
668 2089 759 2150 quem
771 2074 916 2149 usquein
931 2072 1016 2135 illum
1030 2072 1109 2134 diem

134 2155 172 2216 ab
189 2157 270 2216 omni
285 2158 379 2218 caede
398 2175 507 2232 purum
528 2164 717 2218 servaverat:
744 2156 855 2232 „nihii‚
877 2156 989 2232 inquit,
1012 2157 1108 2233 egisti,

134 2241 269 2313 fortuna,
293 2240 432 2302 omnibus
447 2242 607 2302 conatibus
623 2241 700 2303 meis
711 2241 873 2302 obstando.
897 2257 959 2302 uon
974 2257 1032 2317 pro
1044 2255 1110 2301 mea

134 2323 248 2397 adhuc,
272 2326 328 2385 sed
348 2342 403 2402 pro
428 2327 543 2403 patriae
564 2327 702 2388 libertate
727 2325 876 2401 pugnavi,
903 2340 961 2385 nec
982 2324 1109 2400 agebam

131 2415 216 2469 tanta
236 2409 418 2485 pertinacia,
441 2418 473 2471 ut
491 2411 577 2484 liber,
600 2411 657 2470 sed
678 2415 710 2469 ut
729 2409 807 2470 inter
827 2409 940 2469 liberos
959 2409 1107 2469 viveremt

133 2509 213 2552 nunc
229 2496 371 2568 quoniam
387 2495 566 2569 deploratae
587 2499 658 2554 sunt
671 2509 722 2553 res
738 2492 861 2553 humani
876 2491 1014 2567 generis,
1036 2490 1108 2551 Cato

103 2576 301 2636 tideducatur
320 2578 349 2636 in
371 2582 496 2637 tutum.“
534 2578 682 2653 inpressit
702 2577 813 2637 deinde
834 2576 1022 2636 mortiterum
1042 2589 1107 2636 cor·

133 2658 201 2733 pori
215 2661 336 2720 volnus.
359 2676 421 2735 quo
437 2659 570 2732 obligato
585 2659 742 2721 amedicis
755 2676 824 2721 cum
835 2659 936 2720 minus
948 2657 1106 2734 sanguinis

132 2741 272 2814 haberet,
294 2743 393 2803 minus
408 2743 531 2816 virium,
549 2744 640 2804 animi
653 2744 747 2817 idem,
764 2743 824 2805 iam
835 2760 897 2804 non
907 2749 1022 2804 tantum
1036 2742 1107 2803 Cae-

133 2825 209 2898 sari,
233 2825 288 2885 sed
305 2825 363 2886 sibi
380 2828 473 2888 iratus
488 2828 586 2888 nudas
601 2829 632 2886 in
645 2829 758 2888 volnus
773 2843 881 2888 manus
896 2825 960 2902 egit
973 2833 1004 2887 et
1016 2840 1105 2901 gene·

133 2924 238 2969 rosum
259 2909 342 2971 illum
363 2917 665 2987 contemptoremque
685 2912 785 2972 omnis
801 2910 956 2987 potentiae
970 2910 1108 2986 spiritum

104 2998 194 3054 enon
215 2993 327 3069 emisit,
357 2996 414 3056 sed
433 2996 529 3056 eiecit.
563 2996 629 3056 Non
652 2996 681 3055 in
703 2994 763 3056 hoc
784 2995 925 3071 exempla
939 3009 1020 3054 nunc
1036 3008 1107 3062 cou-

132 3092 221 3151 gero,
243 3085 278 3137 ut
289 3077 441 3154 ingenium
457 3094 633 3151 exerceam,
650 3079 706 3138 sed
719 3086 753 3139 ut
764 3086 793 3139 te
805 3080 955 3139 adversus
966 3078 1007 3152 id,
1024 3074 1107 3153 quod

132 3161 262 3222 maxime
278 3163 411 3223 terribile
424 3163 553 3238 videtur,
576 3162 728 3223 exhorter.
752 3160 871 3223 facilius
886 3167 987 3221 autem
998 3160 1107 3220 exhor·

131 3245 233 3318 tabor,
257 3247 283 3308 si
298 3247 462 3309 ostendero
480 3263 541 3307 non
559 3248 653 3307 fortes
669 3253 784 3307 tantum
799 3246 884 3306 viros
899 3245 1107 3305 hoc'momen-

130 3334 193 3388 tum
208 3329 361 3392 efflandae
376 3329 494 3391 animae
510 3329 749 3407 contempsisse,
766 3329 822 3390 sed
835 3329 987 3404 quosdam
999 3326 1109 3389 adalia

131 3408 259 3482 ignavos
274 3415 305 3473 in
319 3415 376 3474 hac
391 3431 425 3475 re
441 3429 594 3490 aequasse
609 3415 742 3474 animum
757 3412 1010 3486 fortissimorum,
1031 3412 1109 3472 sicut

132 3490 214 3554 illum
234 3495 286 3556 cn.
304 3497 439 3574 Pompeii
464 3513 604 3560 socerum
625 3497 814 3574 Scipionem,
838 3496 890 3573 qui
907 3495 1059 3557 contrario
1078 3493 1109 3553 in
