2468 3930
206 235 247 300 18
481 232 514 292 L.
536 229 683 292 ΑΝΝΑΕΙ
706 231 880 292 SENECAE
908 268 910 272 ι

163 387 197 443 14
204 384 393 463 despiciente
409 385 571 445 fortunam.
593 385 673 445 Volo
688 384 741 444 tibi
757 383 920 462 Chrysippi
937 397 1061 458 quoque
1076 381 1181 445 distin·

205 469 337 531 ctionem
351 467 497 527 indicare.
528 468 570 528 ait
587 471 749 544 sapientem
768 471 852 528 nulla
872 485 906 528 re
921 484 1023 542 caere,
1041 473 1071 527 ei
1084 473 1183 529 tamea

204 556 302 615 maltz's
320 555 367 612 ilii
385 552 473 612 rebus
487 568 561 627 opas
576 568 647 612 esse.
680 557 785 612 contra
801 555 887 612 stallo
900 554 984 612 amia
998 568 1033 612 re
1045 567 1119 626 opus
1129 557 1181 626 εει,

204 640 289 699 calla
304 639 381 697 enim
395 652 430 696 re
440 638 485 695 ati
496 638 564 704 scit,
578 636 633 695 sed
647 637 778 696 amatim
789 642 862 710 ceci.
890 632 1025 709 Sapienti
1041 641 1071 695 et
1086 634 1183 696 maui-

204 722 264 781 bus
285 726 316 781 ct
336 714 441 779 oculis
453 725 483 778 et
503 719 605 779 multis
627 720 667 778 ad
687 719 870 779 cotidianum
890 733 980 778 usum
996 717 1182 779 necessariis

206 820 287 879 opus
303 810 365 877 εει,
381 809 450 877 egel
463 803 547 862 nulla
560 816 604 860 re.
626 817 741 876 egere
756 802 836 862 enim
850 801 1041 863 necessitatis
1056 808 1119 874 est,
1135 802 1181 862 ni-

164 895 197 947 15
205 888 246 948 hil
262 902 392 947 necesse
407 886 536 961 sapienti
551 891 608 945 est.
629 885 711 960 Ergo
727 885 867 961 quamvis
882 901 917 945 se
932 885 1002 960 ipso
1018 890 1181 946 contentus

207 972 260 1043 sit,
274 968 380 1030 amicis
397 969 438 1028 illi
453 985 531 1043 opus
546 974 603 1028 est.
625 969 684 1030 hos
700 970 783 1044 cupit
793 968 907 1030 habere
919 985 1009 1044 quam
1021 969 1180 1044 plurimos,

207 1071 269 1116 non
288 1061 322 1114 ut
340 1053 429 1113 beate
449 1053 541 1113 vivat.
572 1053 655 1112 vivet
674 1054 753 1113 enim
774 1054 863 1112 etiam
878 1053 945 1113 sine
960 1052 1065 1112 amicis
1082 1052 1178 1115 beate.

207 1153 357 1199 summum
381 1137 496 1197 bonum
521 1135 713 1197 extrinsecus
738 1137 936 1199 instrumenta
962 1150 1024 1195 non
1052 1131 1180 1211 quaerit.

207 1222 289 1281 donni
306 1220 430 1295 colitur,
452 1235 492 1279 ex
507 1237 541 1281 se
555 1227 651 1282 totum
665 1228 722 1281 εει.
750 1220 855 1294 incipit
867 1221 1007 1280 lortunae
1022 1234 1093 1279 esse
1108 1219 1181 1279 sub

164 1307 333 1376 ldiectum,
351 1305 482 1378 siquam
502 1311 619 1378 partem
635 1305 682 1363 sui
697 1305 772 1364 loris
787 1305 913 1378 quaerit
941 1302 1065 1377 „Qualis
1079 1310 1180 1364 maren

207 1390 308 1450 lutura
322 1394 370 1449 εει
382 1389 445 1446 vita
460 1387 622 1462 sapientis,
640 1386 668 1446 si
682 1390 749 1447 sine
762 1386 868 1448 amicis
883 1387 1071 1461 relinquatur
1083 1386 1115 1446 in
1129 1401 1180 1447 cu·

208 1472 339 1533 stodiam
355 1471 527 1544 coniectus,
550 1472 598 1530 vel
618 1471 648 1530 in
664 1471 766 1546 aliqua
784 1479 875 1545 gente
894 1470 994 1530 aliena
1008 1468 1181 1543 destitutus,

208 1556 256 1615 vel
271 1555 303 1613 in
319 1554 511 1628 navigatione
535 1555 626 1628 longa
646 1561 797 1629 retentus,
818 1560 870 1615 aut
890 1555 920 1614 in
943 1554 1097 1614 desertum
1110 1553 1181 1615 litus

208 1639 370 1698 eiectust“
394 1636 493 1712 qualis
509 1644 539 1697 et
551 1638 649 1712 Iovis,
673 1654 741 1698 cum
755 1639 891 1699 resoluto
907 1638 1020 1699 mundo
1037 1644 1068 1697 ει
1083 1635 1132 1700 dis
1149 1637 1181 1696 in

208 1738 302 1782 unum
323 1722 461 1782 confusis
482 1722 639 1797 paulisper
654 1728 796 1782 cessante
814 1728 921 1782 natura
936 1719 1109 1796 adquiescit
1125 1722 1182 1788 sibi

209 1803 443 1880 cogitationibus
465 1805 531 1867 suis
545 1805 685 1867 traditus.
711 1808 772 1867 tale
793 1805 939 1881 quiddam
953 1805 1078 1880 sapiens
1093 1804 1181 1866 facita

166 1887 239 1951 liin
260 1903 295 1947 εε
314 1889 504 1964 reconditur,
526 1905 631 1950 secum
652 1898 708 1950 est.
742 1889 891 1963 Quamdiu
912 1889 1035 1964 quidam
1053 1887 1097 1948 illi
1110 1888 1183 1948 licet

209 1988 266 2032 suo
283 1971 408 2032 arbitrio
422 1989 474 2032 res
491 1990 565 2033 suas
580 1972 738 2048 ordinare,
760 1989 796 2033 se
815 1979 977 2034 contentus
991 1978 1046 2032 est.
1080 1977 1110 2031 et
1125 1971 1179 2031 du-

209 2055 249 2115 cit
269 2071 399 2115 uxorem
419 2072 454 2116 sa
475 2064 651 2129 contentus,
673 2065 704 2118 et
723 2056 837 2117 liberos
859 2057 937 2117 tollit
954 2073 990 2118 εε
1007 2060 1181 2118 contentus.

209 2147 240 2200 et
258 2148 360 2200 tamen
375 2156 436 2200 non
450 2139 581 2215 viveret,
603 2142 723 2202 sileret
740 2142 806 2201 sina
818 2141 943 2202 bomine
955 2140 1101 2201 victurus.
1131 2139 1181 2199 Ad

210 2221 372 2284 amicitiam
392 2224 449 2285 lert
468 2223 551 2285 illum
568 2227 651 2285 nulla
666 2225 778 2286 utilitas
799 2241 870 2299 sua,
893 2224 950 2284 sed
971 2223 1118 2284 naturalis
1136 2222 1181 2284 iu·

207 2307 317 2367 ritatio.
349 2323 419 2367 narn
437 2315 470 2368 ut
490 2309 616 2370 aliarum
632 2309 722 2370 nobis
737 2325 838 2371 rerum
853 2309 956 2369 innata
978 2307 1109 2368 dulcedo
1125 2312 1181 2381 est,

210 2391 255 2451 sie
276 2391 424 2453 amicitiae
446 2395 483 2468 [†
502 2400 534 2453 et
550 2392 694 2469 adpetitio
713 2392 868 2453 societatis
882 2391 933 2471 †].
957 2390 1112 2467 quomodo
1131 2406 1180 2451 so·

209 2475 305 2535 titudo
326 2476 357 2535 in
379 2477 482 2537 odium
504 2482 564 2550 εει,
579 2480 630 2553 ††
645 2477 799 2552 quomodo
820 2477 973 2537 hominem
994 2474 1108 2536 homini
1128 2491 1180 2536 ua·

211 2566 278 2619 tura
290 2559 445 2634 conciliat,
461 2561 505 2619 sic
516 2559 597 2620 inest
607 2561 678 2620 huie
694 2577 817 2636 quoque
829 2560 875 2621 rei
887 2559 1041 2633 stimulus,
1060 2557 1180 2634 quinos

170 2640 410 2704 laamicitiarum
428 2644 607 2717 adpetentes
625 2643 725 2705 iaciat.
757 2644 957 2704 Nihilominus
973 2658 1041 2704 cum
1056 2643 1095 2702 sit
1109 2639 1181 2701 arni·

213 2741 317 2785 corum
343 2726 583 2801 amantissimae,
615 2744 684 2788 cum
711 2726 781 2790 illos
808 2727 866 2788 sibi
895 2733 1055 2803 conparat,
1087 2740 1182 2800 saepe

212 2810 378 2883 praesecata
397 2826 487 2870 omne
501 2811 579 2871 intra
589 2827 624 2872 se
639 2812 753 2873 bonurn
765 2812 935 2873 terminabit
946 2819 976 2872 et
986 2811 1082 2883 dicet,
1098 2807 1182 2885 quod

213 2891 331 2953 Stilbon
345 2893 496 2968 illedixit,
512 2893 644 2970 Stilbon,
662 2912 751 2971 quern
763 2896 887 2971 Epicuri
902 2896 1033 2971 epistula
1047 2892 1181 2968 insequi·

210 2981 275 3035 tur=
296 2976 345 3036 hic
360 2978 440 3037 eninr
458 2980 674 3055 captapanis,
692 2980 813 3042 amissis
825 2980 943 3054 liberis,
959 2978 1073 3039 amissa
1084 2991 1182 3037 uxore

212 3076 281 3121 curn
302 3076 340 3120 ex
360 3061 501 3124 incendio
527 3063 650 3139 publico
668 3065 754 3124 solus
777 3071 807 3124 et
825 3072 925 3124 tamen
946 3063 1054 3125 beatus
1075 3061 1181 3132 exiret,

183 3189 197 3214 ,
211 3144 596 3222 interrogantivllemetrio,
625 3149 673 3207 cui
694 3162 864 3223 cognomen
883 3148 922 3208 ab
945 3144 1038 3207 exitio
1062 3143 1183 3205 urbium

210 3227 397 3290 Poliorcetes
427 3230 497 3303 luit,
527 3230 675 3306 numquid
699 3230 901 3306 perdidisset,
931 3233 1044 3304 omnia,
1075 3228 1181 3303 inquit,

173 3313 368 3374 lebonamec
382 3331 495 3376 amcam
506 3322 583 3376 suat.
604 3314 684 3375 Ecce
698 3315 744 3374 vir
756 3315 844 3375 sortis
857 3332 893 3374 ac
908 3320 1065 3375 strenuus!
1082 3312 1183 3388 ipsam

211 3395 308 3456 hostis
324 3398 372 3456 sui
386 3399 545 3459 victoriam
559 3399 640 3459 vicit.
660 3399 755 3472 Nihil,
771 3398 880 3473 inquit,
893 3399 1030 3475 perdidi:
1043 3396 1183 3459 dubitare

185 3556 188 3562 ,
212 3479 294 3539 illum
310 3481 424 3556 coegit,
440 3500 479 3542 an
495 3482 628 3544 vicisset.
653 3483 954 3544 Omniemecmeeum
969 3487 1053 3544 sani.-
1075 3480 1119 3560 [id
1135 3483 1184 3539 est
