2468 3930
211 221 254 282 94
497 219 531 278 L.
552 217 698 278 ANNAEl
720 215 895 276 SENECAE

210 373 273 448 dis,
296 379 416 432 erectus
430 385 480 430 es:
502 369 561 430 hoc
576 376 606 430 te
619 369 690 429 volo
705 373 823 441 tenere,
844 368 890 429 sic
904 367 957 426 ire.
985 368 1056 429 tecit
1069 368 1185 445 aliquid

210 464 241 517 et
259 455 399 516 materia:
424 452 498 517 ,ideo
520 452 660 527 eligenda
680 458 729 512 est
747 451 868 526 fertilis,
891 466 970 525 quae
986 453 1086 527 capiat
1100 453 1185 530 inge-

179 539 305 612 3nium‚
318 554 409 614 uuae
422 537 535 597 incitet.
569 537 614 596 lle
627 536 704 596 libro
720 537 808 610 pluro
819 535 951 596 scribam
963 550 1031 595 cum
1042 537 1125 597 illum
1136 555 1186 599 re-

208 629 395 684 tractaveroa
424 636 506 681 nunc
523 636 631 696 parum
649 617 723 680 milri
744 619 832 679 ecdet
847 617 1006 694 iudicium,
1028 625 1186 696 tamquam

208 705 356 767 audierim
372 706 438 778 illa,
461 720 523 764 non
537 704 671 778 legerim.
694 702 761 763 sine
776 718 825 762 me
836 703 1042 778 etinqnirere.
1064 714 1186 767 nonest

209 792 293 867 quod
315 790 467 850 verearis:
495 803 601 848 rernm
621 784 739 848 audies
778 785 853 847 ote
877 785 1029 847 hominem
1055 788 1185 866 felicem,

210 874 292 951 quod
313 872 387 933 nihil
401 873 512 946 habes,
534 878 660 947 propter
674 871 758 947 quod
771 872 935 946 quisquam
952 869 1005 931 tibi
1018 878 1080 932 tam
1094 875 1186 950 longe

208 957 382 1018 mentiatur!
415 957 474 1017 nisi
495 956 579 1030 quod
603 955 663 1015 iam
687 954 776 1015 attan
800 955 853 1015 ubi
873 969 968 1015 causa
988 957 1108 1017 sublata
1128 965 1184 1032 est,

208 1043 369 1114 mentimur
383 1039 613 1102 consuetudinis
629 1054 734 1099 causa
767 1038 855 1098 Vale.

502 1175 716 1232 EPISTULA
741 1175 789 1231 Vl.
818 1177 889 1247 (47.)

459 1272 571 1323 Seneca
587 1273 699 1322 Lucumo
719 1281 771 1321 ono
791 1282 930 1321 securum.

180 1393 196 1446 1
270 1376 452 1436 Libenter
474 1389 518 1433 ex
539 1372 615 1448 hie,
638 1374 703 1449 qui
722 1390 741 1432 a
763 1382 798 1434 te
821 1372 994 1450 veniunt,
1018 1377 1184 1450 cognovi

208 1459 457 1521 familiariter
485 1465 521 1518 te
552 1473 633 1517 cum
666 1458 794 1516 servis
827 1459 905 1518 tuis
937 1458 1080 1519 vivere.
1112 1458 1184 1520 ltoc

208 1542 455 1621 prudentiam
494 1548 611 1616 tuam,
653 1540 728 1601 hoc·
763 1541 1020 1603 eruditionem
1063 1543 1185 1603 decet.

209 1627 317 1704 „Servi
339 1628 438 1686 sunt“
470 1624 561 1686 immo
577 1625 727 1684 homines.
759 1626 860 1700 „servi
876 1631 977 1687 sont.“
1004 1626 1096 1686 immo
1110 1642 1183 1688 con·

208 1711 393 1774 tubemates.
430 1709 533 1784 „servi
554 1713 654 1770 sunt.“
688 1709 779 1768 immo
799 1707 928 1770 humiles
950 1710 1048 1770 amici.
1081 1709 1184 1784 „servi

210 1798 314 1856 sunt.“'
330 1793 421 1853 immo
434 1794 591 1853 conservi=
614 1793 641 1852 si
653 1792 834 1867 cogitaveris
845 1794 1030 1855 tantumdem
1040 1794 1074 1854 in
1083 1801 1183 1855 utros-

180 1888 269 1955 rquc
285 1878 378 1938 licere
393 1878 542 1938 fortunae.
577 1877 683 1952 ltaque
698 1877 784 1938 rideo
799 1877 890 1953 istos,
912 1879 963 1952 qni
976 1885 1068 1954 turpe·
1080 1877 1184 1940 existi·

208 1970 291 2024 mant
315 1978 381 2024 cum
404 1976 494 2022 servo
517 1975 575 2022 suo
597 1975 745 2021 coenare:
771 1968 887 2035 qnarat
912 1962 972 2022 nisi
987 1963 1058 2038 quia
1075 1977 1183 2037 supcr-

208 2046 337 2107 bissima
356 2045 546 2105 consuetudo
569 2045 707 2105 coenanti
728 2044 851 2105 domino
869 2046 1009 2106 stantium
1025 2061 1183 2107 servorum

209 2130 327 2191 turbam
348 2129 556 2190 circumdedit.
586 2136 634 2189 est
652 2127 703 2188 ille
720 2129 788 2204 plus
805 2145 895 2204 quam
911 2131 1005 2204 capit,
1027 2136 1056 2190 et
1070 2130 1183 2206 ingenti

209 2214 352 2275 aviditate
367 2220 472 2274 onerat
486 2213 648 2273 distentum
663 2219 799 2272 ventrem
814 2228 850 2273 ac
862 2213 1021 2275 desuetum
1035 2213 1095 2273 iam
1110 2230 1182 2274 ven·

208 2301 262 2360 tris
279 2297 396 2370 officio,
419 2306 452 2358 ut
466 2297 579 2357 maiore
595 2312 690 2372 opera
705 2297 805 2357 omnia
818 2303 922 2372 egerat
935 2314 1026 2373 qnam
1040 2298 1182 2373 ingessit:

179 2392 238 2450 sat
257 2381 429 2443 infelicibus
450 2383 550 2442 servis
569 2396 694 2441 movere
713 2381 799 2441 labra
818 2397 857 2440 ne
872 2381 902 2440 in
916 2381 977 2442 hoc
992 2380 1130 2457 quidem,
1151 2388 1184 2443 nt

208 2470 379 2544 loquantur,
401 2465 482 2527 licet.
514 2467 600 2540 virga
619 2481 858 2526 murmuromne
873 2466 1077 2542 conpescitur,
1101 2473 1183 2526 etue

207 2552 330 2614 fortuita
345 2550 469 2626 quidem
484 2549 665 2608 verberibus
678 2556 808 2624 excepta
827 2556 912 2625 sunt,
935 2549 1046 2623 tussis,
1065 2555 1182 2610 sternar

206 2644 321 2709 menta,
352 2634 513 2708 singultus.
541 2647 651 2707 magno
671 2633 751 2691 malo
776 2633 839 2693 nlla
862 2649 944 2694 voce
960 2635 1183 2710 interpellatum

178 2718 359 2782 tsilentium
379 2716 480 2776 luitur.
509 2723 600 2777 nocte
612 2721 677 2776 tota
690 2714 783 2776 ieiuni
800 2715 936 2792 mutique
951 2724 1098 2793 perstant.
1132 2715 1184 2778 Sic

206 2804 254 2875 fit,
277 2808 311 2862 ut
330 2800 380 2860 isti
401 2800 441 2859 de
462 2799 585 2861 domino
608 2800 780 2875 loquantur,
803 2801 914 2875 quibus
936 2818 1038 2863 coram
1058 2797 1184 2863 domino

205 2886 291 2961 loqui
312 2900 373 2944 non
395 2883 479 2944 licet:
505 2891 536 2944 at
554 2882 611 2959 illi,
634 2883 746 2960 quibus
760 2901 822 2945 non
838 2892 954 2946 tantum
968 2902 1072 2946 coram
1087 2884 1183 2946 dorni·

206 2971 269 3043 nis,
297 2969 353 3030 sed
374 2984 441 3029 omn
463 2967 540 3042 ipsis
561 2974 627 3028 erat
641 2983 756 3045 sermo,
780 2985 909 3044 quorum
925 2987 961 3031 os
976 2987 1038 3030 non
1053 2983 1184 3030 consue

205 3055 303 3127 batur,
326 3050 424 3128 parati
438 3060 524 3114 eram
538 3069 596 3128 pro
609 3053 732 3113 domino
748 3055 905 3130 porrigere
919 3055 1087 3130 cervicem,
1103 3052 1183 3130 peri

207 3141 309 3200 culum
328 3136 482 3198 inminens
494 3136 525 3197 in
540 3144 633 3212 caput
645 3154 735 3197 suurn
750 3144 903 3198 averteret
929 3139 959 3198 in
975 3137 1124 3198 conviviis
1138 3138 1183 3197 lo·

177 3225 384 3301 oquebcntnr,
411 3222 516 3282 sedin
538 3220 698 3282 tormentis
717 3223 867 3282 tacebant.
901 3222 1020 3282 Deinde
1044 3221 1184 3282 eiusdem

205 3308 399 3384 arrogantiae
419 3305 612 3382 proverbium
632 3305 774 3366 iactatur:
802 3307 918 3367 cuidem
931 3307 1027 3368 hosne
1039 3323 1102 3368 esse
1116 3309 1187 3381 quor

204 3411 312 3456 oenoe.
347 3391 414 3451 lton
429 3391 577 3450 hebernus
591 3389 661 3450 illos
676 3389 797 3463 hostes,
822 3390 876 3450 sed
894 3389 1032 3450 lecimus.
1053 3389 1124 3450 Alia
1137 3389 1183 3448 in-

206 3476 291 3537 terim
314 3473 462 3548 crudelia,
485 3473 648 3534 inhnmana
670 3480 844 3548 praetereo,
869 3475 949 3547 qnod
972 3490 1010 3533 ne
1027 3481 1183 3549 tamquam
