2468 3930
362 397 394 477 l.
420 394 559 477 llllnl
587 395 759 480 SENECAE

313 533 343 601 .’
410 548 462 598 nn
493 547 708 600 Locrorum

110 664 599 767 EPISTULARUM
647 667 1003 772 hohnltlttl

336 915 337 918 Ν
437 838 672 900 urhunxiv.

373 1091 589 1149 EPISTULA
609 1094 629 1150 l.
659 1093 731 1164 (89.)

320 1182 430 1235 Sennea
447 1186 559 1236 Lucraro
579 1198 631 1238 suo
652 1199 790 1242 snnurau.

121 1303 210 1363 Rem
225 1303 1076 1382 utilemdesiderasetadsapientiampr0·1

69 1384 224 1462 peranti
249 1387 531 1462 necessariam,
560 1390 683 1449 dividi
705 1389 1000 1465 philosophiam
1020 1399 1050 1451 et

67 1471 175 1544 ingens
191 1482 304 1546 corpus
320 1472 385 1531 eins
406 1471 435 1530 in
452 1473 587 1532 membra
603 1475 734 1548 disponi.
764 1474 883 1535 facilius
898 1473 979 1534 enim
994 1491 1050 1550 per

68 1562 171 1629 partes
191 1553 442 1630 incognitionem
464 1557 554 1616 totius
571 1557 764 1618 adducimur:
786 1559 899 1619 utinam
916 1560 1049 1634 quidem,

68 1638 326 1714 quemadmodum
341 1639 484 1701 universa
499 1641 603 1701 mundi
619 1634 719 1701 ¹iacies
734 1641 763 1701 in
781 1652 980 1717 conspectum
996 1659 1048 1702 ve-

67 1722 123 1796 nit,
145 1722 187 1781 ita
208 1722 405 1797 philosophia
425 1731 488 1784 tota
510 1725 598 1785 nobis
613 1732 721 1800 posset
736 1741 913 1801 occurrere,
934 1725 1048 1788 similli-

68 1821 148 1866 mum
165 1806 279 1866 mundo
295 1809 514 1881 spectaculum.
540 1810 679 1885 prolecto
691 1810 771 1869 enim
786 1826 892 1870 omnes
905 1811 1049 1871 mortales

67 1887 97 1948 in
112 1889 342 1949 admirationem
358 1892 406 1951 sui
421 1898 543 1966 raperet
557 1893 669 1952 relictis
684 1893 730 1968 ils,
749 1910 828 1969 quae
843 1911 923 1953 nunc
938 1911 1049 1970 magna

69 1989 245 2048 magnorum
260 1973 432 2049 ignorantia
448 1977 614 2036 oredimus:
637 1979 691 2036 sed
710 1978 782 2052 quia
797 1977 973 2053 contingere
989 1978 1048 2038 hoc

67 2074 127 2117 non
144 2065 254 2133 potest,
271 2058 316 2118 sic
332 2059 400 2132 [erit
414 2060 443 2137 a]
459 2061 548 2120 nobis
564 2060 773 2136 adspicienda,
792 2063 1048 2137 quemadmodum

67 2141 170 2202 mundi
184 2147 305 2202 secreta
320 2151 492 2204 cernuntur.
526 2144 678 2218 Sapientis
690 2144 812 2218 quidem
824 2146 942 2204 animus
954 2152 1076 2206 totarna

66 2226 177 2285 molem
204 2227 270 2287 eius
289 2227 481 2302 amplectitur
499 2243 556 2286 neo
582 2228 681 2287 minus
708 2227 789 2286 illam
816 2227 959 2287 velociter
985 2230 1048 2288 ohit

68 2305 157 2383 qu'am
172 2311 293 2370 eoelum
309 2311 391 2371 acies
406 2319 526 2372 nostra:
548 2310 638 2371 nohis
655 2316 765 2385 autem,
784 2310 894 2386 quihus
910 2326 1046 2385 perrum-

68 2393 170 2467 penda
184 2395 282 2468 caligo
299 2401 346 2454 est
361 2400 391 2454 et
407 2412 537 2470 quorum
552 2395 637 2455 visus
655 2394 684 2453 in
702 2395 841 2469 proximo
857 2393 968 2466 deficit,
985 2394 1046 2455 sin·

66 2478 137 2550 gula
153 2493 295 2553 quaeque
316 2479 437 2539 ostendi
459 2479 577 2538 facilius
593 2486 738 2553 possunt,
760 2477 895 2551 universi
912 2479 1047 2539 nondum

67 2561 242 2635 capacibus.
272 2563 380 2622 faciam
397 2579 485 2638 ergo,
503 2564 588 2638 quod
603 2562 715 2637 exigis,
732 2570 762 2622 et
775 2561 1003 2637 philosophiam
1017 2563 1046 2622 in

66 2652 187 2718 partes,
213 2661 275 2706 non
296 2646 325 2704 in
354 2647 448 2708 frusta
470 2647 612 2707 dividam.
649 2646 744 2706 dividi
765 2647 844 2706 enim
863 2647 958 2720 illam,
985 2663 1047 2707 non

67 2727 188 2788 concidi
201 2729 274 2789 utile
288 2738 343 2790 est.
370 2747 438 2790 nam
452 2731 703 2805 conprehendere
716 2732 973 2806 quemadmodum
984 2747 1047 2791 ma-

66 2812 149 2870 xima
163 2811 204 2872 ita
218 2815 341 2874 minima
357 2815 480 2875 difficile
495 2823 550 2875 est.
580 2814 768 2876 Describitur
790 2816 819 2874 in
835 2814 930 2876 trihus
948 2826 1075 2890 popu-3

66 2897 129 2967 lus,
147 2895 176 2954 in
194 2898 346 2960 centurias
362 2897 526 2960 exercitus.
558 2900 702 2975 quicquid
719 2900 749 2958 in
763 2901 860 2961 maius
877 2901 986 2973 crevit,
1003 2900 1045 2959 la-

66 2980 154 3040 cilius
169 2982 361 3056 agnoscitur,
378 2983 404 3042 si
419 2982 564 3044 discessit
578 2983 607 3041 in
623 2992 742 3059 partes,
759 3000 852 3058 quas,
866 2989 900 3042 ut
914 2982 986 3056 dixi,
1002 2983 1046 3042 in-

64 3065 270 3125 numerabiles
286 3081 357 3126 esse
372 3072 402 3125 et
417 3068 559 3141 parvulas
574 3084 635 3126 non
652 3074 781 3143 oportet.
813 3067 893 3126 idem
908 3065 988 3125 enim
1002 3064 1046 3124 vi-

66 3147 96 3208 tii
115 3147 208 3209 habet
227 3150 319 3209 nimia
340 3151 424 3226 quod
452 3152 534 3210 nulla
555 3151 674 3211 divisio.
710 3149 808 3210 simile
833 3150 962 3209 contuso
990 3154 1045 3221 est,

66 3230 213 3308 quicquid
234 3250 333 3309 usque
353 3235 383 3294 in
400 3235 553 3309 pulverem
570 3240 687 3294 sectum
702 3241 759 3294 est.
788 3231 916 3293 Primum
933 3232 1073 3307 itaquae

65 3316 143 3376 sicut
158 3316 292 3393 videtur,
314 3318 365 3378 tibi
387 3319 509 3379 dicam
532 3317 635 3377 inter
657 3314 889 3392 sapientiam
907 3323 941 3375 et
961 3315 1045 3390 phi·

64 3399 285 3475 losophiam
315 3403 404 3477 quid
431 3402 600 3464 intersit.
650 3399 853 3476 Sapientia
876 3399 1044 3476 perlectum

65 3481 178 3545 bonum
194 3492 242 3546 est
256 3486 365 3547 mentis
381 3485 543 3547 humanae.
569 3484 768 3563 philosophia
778 3484 947 3562 sapientiae
959 3499 1045 3544 amor
