2468 3930
214 245 382 309 EPlSTUL.
397 246 491 309 MOR.
508 248 580 309 LIB.
599 249 677 309 XVI.
700 250 755 310 ΕΡ.
771 259 796 311 2.
807 259 834 313 3.
846 257 903 325 (97.
915 257 973 325 98.)
1021 249 1082 317 317

100 402 193 463 nobis
206 402 355 478 pendent,
376 418 437 461 non
453 417 491 462 ex
506 402 565 462 illis
580 419 648 464 nos.
694 403 815 478 Omnia,
838 421 918 481 quae
932 407 1111 469 fortunama

100 489 265 560 intuentur,
279 485 321 546 ita
335 487 488 546 lructiiera
503 502 540 545 ac
554 487 686 547 iucunda
701 487 783 563 fiunt,
799 490 834 564 si,
852 490 904 564 qui
918 489 1010 551 habet
1021 491 1081 565 illa,

101 586 287 646 aequoque
312 569 404 629 habet
429 585 486 629 nec
516 570 546 628 in
573 586 674 631 rerum
699 588 824 633 suarum
850 580 1001 649 potestate
1026 583 1081 636 est.

100 662 204 716 errant
223 655 317 725 enim,
339 653 447 725 Lucili,
471 654 522 728 qui
542 662 594 714 aut
614 654 686 715 boni
706 655 821 730 aliquid
843 658 932 717 nobis
948 664 999 719 aut
1012 659 1082 718 mali

100 739 239 800 iudicant
262 738 396 799 tribuere
419 738 585 798 fortunam:
615 738 772 799 materiam
799 740 852 800 dat·
874 741 1024 802 bonorum
1046 758 1083 803 ac

101 825 250 884 malorum
278 830 308 883 et
331 821 413 882 initia
437 837 538 882 rerum
563 823 647 897 apud
668 838 724 882 nos
746 824 776 881 in
798 825 909 884 malum
929 825 1083 886 bonumve

101 909 296 969 exiturarum.
321 903 472 966 valentior
490 906 570 965 enim
593 905 674 966 omni
696 908 817 966 lortuna
831 909 949 969 animus
965 916 1028 970 est:
1052 911 1080 970 in

101 999 262 1066 utramque
284 996 400 1065 partem
421 990 491 1064 ipse
511 1005 562 1050 res
584 1006 657 1050 suas
678 991 761 1050 ducit
781 991 950 1067 beataeque
970 1009 1007 1052 ac
1028 994 1081 1053 mi-

102 1091 191 1136 serae
204 1075 284 1134 vitae
298 1073 358 1134 sibi
374 1089 468 1133 causa
482 1080 538 1134 est.
581 1074 680 1134 Malus
697 1072 797 1134 omnia
811 1075 840 1134 in
858 1076 969 1136 malum
985 1077 1081 1152 vertit,
1094 1089 1111 1142 3

101 1160 191 1220 attam
206 1173 285 1233 quae
300 1174 368 1217 eum
383 1157 488 1232 specle
504 1158 608 1232 optimi
625 1166 784 1218 venerant:
807 1166 910 1220 rectus
931 1167 1023 1234 atque
1038 1160 1081 1219 in-

101 1251 187 1318 teger
200 1241 325 1316 corrigit
339 1257 434 1316 prova
451 1242 591 1301 fortunae
606 1250 636 1302 et
650 1243 726 1302 dura
739 1249 830 1318 atque
842 1258 954 1318 aspera
964 1243 1082 1304 ferendi

101 1327 229 1388 scientia
243 1327 338 1386 mollit
352 1325 497 1400 idemque
509 1334 538 1386 et
552 1327 689 1386 secunda
704 1335 789 1401 grate
804 1326 918 1401 excipit
929 1327 1079 1387 modeste·

102 1427 162 1487 que
183 1418 214 1470 et
233 1411 365 1470 adversa
383 1415 558 1470 constanter
579 1426 615 1470 ae
638 1410 764 1471 sortiter.
794 1411 845 1485 qui
860 1411 930 1470 lieet
945 1411 1082 1486 prudens

101 1495 148 1570 sit,
163 1495 236 1555 licet
249 1502 356 1555 exacto
372 1493 462 1553 iaciat
473 1501 582 1553 cuncta
593 1493 715 1567 iudicio,
727 1495 798 1555 licet
809 1494 881 1553 nilril
894 1511 988 1570 supra
1001 1495 1081 1556 vires

100 1595 174 1640 suas
189 1585 329 1653 temptem
352 1594 413 1637 non
436 1578 590 1652 continget
609 1577 651 1638 illi
670 1578 783 1638 bonum
799 1578 872 1638 illud
887 1580 1037 1653 integrum
1053 1588 1083 1640 et

100 1671 188 1724 extro
200 1662 300 1721 minas
316 1662 484 1736 [fortunae]
499 1662 647 1737 positum,
670 1661 730 1723 nisi
752 1671 853 1723 certus
871 1663 1022 1724 adversus
1036 1664 1081 1723 in-

101 1755 184 1808 certa
207 1754 263 1807 est.
308 1745 380 1807 Sive
402 1746 668 1807 alios-observare
687 1748 837 1823 volueris,
859 1747 984 1808 liberius
1002 1748 1111 1808 enimi

100 1831 178 1892 inter
198 1832 299 1890 aliena
317 1829 463 1890 iudicium
478 1838 539 1904 est,
562 1831 628 1890 sive
643 1831 789 1907 teipsum
805 1834 910 1892 lavore
926 1833 1081 1907 seposito=

101 1923 131 1976 et
150 1916 268 1976 senties
288 1915 348 1973 hoc
369 1923 399 1974 et
414 1914 623 1989 confiteberis,
645 1915 719 1975 nilril
734 1933 773 1975 ax
788 1915 836 1975 his
853 1915 1037 1991 optabilibus
1053 1925 1083 1976 et

101 2001 182 2060 caris
196 1998 271 2059 utile
288 2014 374 2069 esse,
396 1999 454 2058 nisi
475 2005 505 2058 te
520 2006 626 2059 eontra
639 2000 791 2060 levitatem
810 2015 902 2060 casus
917 2016 1082 2075 rerumque

101 2098 207 2144 casum
234 2083 426 2157 sequentium
452 2082 641 2142 instruxeris.
675 2085 733 2143 nisi
759 2085 832 2143 illud
858 2085 1033 2157 frequenter
1054 2092 1084 2143 et

100 2168 168 2228 sine
182 2168 308 2242 querela
324 2167 401 2227 inter
415 2167 536 2242 singula
550 2167 661 2226 damna
675 2165 808 2226 dixeris:

427 2251 474 2312 dis
488 2254 575 2311 aliter
589 2253 682 2310 vicum
695 2258 746 2310 cst.

103 2350 195 2395 emmo
210 2334 399 2394 mehercules
416 2343 448 2394 ut
463 2351 583 2394 carmen
600 2335 706 2394 lortius
722 2349 758 2393 oo
770 2333 879 2392 iustius
891 2339 1001 2408 petam,
1019 2347 1080 2404 quo
1094 2342 1110 2391 5

100 2419 235 2478 animum
250 2426 333 2479 tuum
350 2419 448 2494 magis
466 2419 588 2490 fulcias,
608 2417 667 2477 hoc
682 2417 788 2489 dicito,
810 2417 951 2491 quotiens
967 2413 1081 2489 aliquid

101 2502 189 2562 aliter
205 2518 296 2576 quam
320 2503 476 2576 cogitabas
497 2502 647 2562 evenerit:
668 2501 703 2560 di
725 2501 874 2562 melius.
905 2501 950 2560 sle
966 2513 1081 2572 conpo-

102 2585 161 2646 sito
174 2585 248 2645 nihil
263 2586 389 2647 accidet.
418 2588 463 2646 sie
478 2596 577 2647 autem
594 2592 800 2660 conponetur,
822 2584 865 2657 si,
888 2584 961 2660 qnid
978 2582 1082 2642 liuma-

102 2686 211 2730 narum
227 2686 328 2729 rerum
344 2671 474 2731 venetos
490 2670 604 2747 possit,
621 2669 814 2745 cogitaverit,
835 2676 996 2744 antequam
1012 2681 1081 2726 sen-

103 2753 186 2814 serit
205 2754 231 2813 si
243 2762 274 2814 el
284 2754 398 2814 liberos
410 2762 440 2814 et
452 2756 611 2830 coniugem
621 2763 652 2815 et
662 2753 875 2829 patrimonium
889 2753 933 2814 sic
944 2751 1084 2812 habuerit

102 2847 259 2914 tamquam
281 2855 341 2898 non
363 2838 467 2913 utique
487 2854 610 2915 semper
628 2839 787 2899 habiturus
808 2845 837 2897 et
851 2845 1006 2911 tamquam
1022 2851 1083 2895 non

104 2922 223 2983 iuturus
244 2921 283 2982 ob
306 2922 364 2983 hoe
385 2924 539 2997 miserior,
560 2922 588 2983 si
609 2922 722 2982 habere
743 2922 876 2982 desierit
921 2919 1112 2980 Calanri-li

104 3013 218 3067 tosus
244 3014 303 3066 cst
328 3007 474 3067 animus
502 3007 623 3068 luturi
644 3006 783 3067 anxius
804 3013 834 3065 et
854 3013 924 3065 ante
943 3002 1083 3063 miserias

103 3089 212 3165 miser,
235 3091 286 3165 qui
302 3090 450 3151 sollicitus
466 3099 527 3165 est,
542 3100 575 3151 ut
589 3107 640 3163 ea,
657 3089 768 3165 quibus
784 3090 960 3162 delectatur,
976 3087 1015 3145 ad
1031 3101 1083 3145 ex-

102 3181 231 3238 tremum
246 3189 348 3250 usque
362 3181 568 3249 permaneant.
591 3174 674 3234 nullo
692 3173 772 3232 enim
788 3180 924 3245 tempore
940 3168 1084 3242 conquie-

105 3263 173 3320 scet
184 3265 216 3319 et
230 3259 461 3334 exspectatione
478 3257 595 3318 venturi
614 3257 802 3332 praesentia,
829 3255 940 3329 quibus
955 3252 1013 3312 lrui
1030 3268 1083 3326 po·

104 3346 197 3415 terat,
218 3342 341 3404 amittet.
371 3344 401 3402 in
423 3360 523 3418 aequo
545 3349 592 3402 cst
613 3349 713 3400 autem
728 3341 834 3412 [dolor]
849 3337 982 3397 amissae
996 3335 1041 3394 rei
1056 3341 1086 3395 el

104 3423 195 3487 timor
208 3426 400 3487 amittendae.
444 3428 507 3487 Nee
521 3426 590 3486 ideo
606 3423 763 3500 praecipio
779 3422 831 3482 tibi
847 3419 1112 3496 neglegerrtiam÷l

105 3515 139 3569 tu
164 3524 237 3573 vero
263 3512 426 3572 metuende
451 3509 578 3571 declina.
613 3507 760 3588 quicquid
789 3505 917 3567 consilio
947 3501 1084 3582 prospici
