2468 3930
194 237 364 300 ariston.
379 236 473 299 mon.
493 239 626 301 merx.
648 241 781 305 anne.
803 251 930 321 (mm.)
987 245 1049 311 175

69 392 129 451 bus
155 405 213 465 par
236 390 363 450 scientia
387 390 514 465 regendi
538 392 775 466 gubernaculum
802 400 868 470 est,
893 399 1048 460 meliorem

71 472 205 548 dixeris,
226 474 276 533 cui
295 474 394 534 maius
415 475 651 551 speciosiusque
672 478 826 554 navigium
846 488 903 542 est.
936 483 1090 559 lupicenus

71 574 134 636 quo
156 558 310 617 antecedit
328 559 425 618 virum
441 559 576 619 bonurn?
596 561 709 622 diutius
723 564 824 624 bonus
839 572 901 625 est=
924 567 1048 642 sapiens

70 642 165 704 nihilo
180 657 216 702 se
226 643 353 703 minoris
368 640 521 716 aestimat,
544 646 629 719 quod
643 646 769 707 uirtutes
785 649 852 710 eius
868 651 967 724 spatio
981 651 1048 711 bre-
1073 669 1078 716 2

71 729 157 789 viore
171 726 342 787 cluduntur.
375 725 637 799 Quemadmodum
659 745 699 789 ex
722 731 842 793 duobus
859 734 1048 808 sapientibus

71 812 124 888 qui
139 811 244 874 senior
259 811 408 885 decessit,
433 827 494 872 non
509 821 558 873 est
568 812 686 874 beatior
700 830 753 888 eo,
776 817 863 876 cuius
886 818 1049 893 intra'pau·

70 897 173 958 ciores
196 909 296 956 annos
317 895 477 957 terminata
496 896 593 957 virtus
618 905 680 958 este
706 899 752 959 sic
773 899 852 960 deus
871 917 934 962 non
955 901 1049 962 vincit

71 978 242 1056 sapientem
256 979 414 1054 felicitate,
431 979 550 1040 etiamsi
564 979 659 1042 vincit
671 987 779 1041 aetate.
806 982 874 1043 Non
890 990 938 1045 est
952 984 1049 1045 virtus

69 1063 181 1138 maior,
203 1079 284 1139 quae
305 1062 434 1138 longior.
470 1064 586 1139 Iupiter
606 1063 708 1125 omnia
728 1064 834 1139 habet,
862 1068 918 1128 sed
940 1083 1050 1143 nempe
1058 1078 1093 1132 14

70 1147 139 1209 aliis
156 1148 283 1209 tradidit
299 1146 455 1207 habenda=
479 1148 520 1208 ad
539 1146 642 1223 ipsum
657 1148 706 1209 hic
721 1166 801 1212 unus
817 1166 894 1211 usus
910 1151 1049 1225 pertinet,
1077 1192 1080 1197 -

70 1233 156 1308 quod
166 1231 272 1293 utendi
284 1231 425 1292 omnibus
438 1247 533 1293 causa
548 1240 608 1293 est=
625 1233 750 1306 sapiens
761 1240 823 1294 tam
835 1234 1049 1309 aequoanimo

70 1316 172 1379 omnia
196 1315 280 1391 apud
310 1316 388 1376 alios
412 1315 497 1377 videt
523 1317 750 1392 contemnitque
772 1333 863 1393 quam
883 1318 999 1394 iupiter
1019 1325 1051 1379 et

68 1401 129 1462 hoc
144 1417 181 1461 se
193 1399 292 1475 magis
308 1399 450 1475 suspicit,
475 1399 559 1475 quod
579 1401 694 1476 Iupiter
711 1401 755 1462 uti
775 1401 835 1461 illis
859 1419 920 1462 non
937 1408 1048 1478 potest,

69 1486 197 1561 sapiens
219 1501 281 1545 non
308 1485 383 1544 vult.
421 1483 588 1545 Credamus
610 1485 714 1560 itaque
736 1484 842 1547 Sextio
870 1486 1049 1547 monstranti
1058 1489 1090 1544 15

69 1569 307 1645 pulcherrimmn
322 1569 378 1629 iter
394 1574 424 1628 et
438 1569 594 1628 clementie

401 1653 478 1727 „boc
493 1654 554 1713 itur
567 1654 611 1713 od
622 1659 722 1713 osma:

70 1738 129 1799 bac
154 1736 323 1798 secundum
353 1737 571 1812 frugalitatem,
602 1736 661 1797 hac
686 1737 857 1797 secundum
878 1745 1049 1812 temperan-

69 1822 159 1896 tiam,
184 1821 244 1882 hac
264 1821 433 1882 secundum
456 1821 692 1881 fortitudinem.“
731 1821 799 1882 Non
820 1829 892 1883 sunt
911 1821 942 1882 di
965 1819 1049 1883 iasti-

70 1906 168 1980 diosi,
194 1922 256 1967 non
277 1905 387 1965 invidi:
415 1904 576 1966 admittunt
595 1910 625 1965 et
647 1906 908 1966 adscendentibus
928 1921 1049 1966 manum

70 1989 241 2067 porrigunt.
274 1988 395 2050 llliraris
416 1988 571 2049 hominem
590 1989 631 2051 ad
651 1991 728 2050 deos
750 1990 816 2049 iret
843 1990 922 2050 deus
938 1990 978 2049 ad
995 1991 1050 2050 ho·
1059 1999 1092 2054 16

70 2076 171 2136 mines
185 2075 282 2150 venit,
297 2073 403 2146 immo,
427 2075 511 2148 quod
526 2080 574 2134 est
588 2075 732 2149 propius,
752 2074 782 2133 in
797 2072 938 2134 homines
953 2073 1049 2133 venit=

69 2159 179 2220 nulla
198 2159 283 2219 sine
304 2159 375 2218 deo
397 2172 502 2217 mens
523 2158 704 2219 bonaest.
734 2156 897 2218 sentinain
914 2157 1049 2232 corpori·

70 2245 132 2304 bus
147 2242 289 2303 humanis
305 2242 408 2302 divina
428 2241 572 2318 dispersa
588 2249 674 2315 sunt,
697 2242 816 2316 quaesi
832 2240 934 2301 bonus
953 2243 1051 2302 cultor

71 2326 202 2403 excipit,
225 2326 335 2388 similia
350 2325 460 2401 origini
480 2327 633 2402 prodeunt
646 2325 775 2400 etparia
788 2323 855 2398 bis,
877 2340 916 2384 ex
938 2324 1050 2399 quibus

71 2420 140 2473 orta
154 2418 240 2487 sunt,
255 2418 397 2487 surgunt=
414 2409 441 2470 si
452 2413 567 2485 malus,
583 2426 645 2470 non
661 2410 747 2470 aliter
760 2423 852 2483 quam
862 2407 974 2468 humus
989 2415 1050 2467 ste·

69 2495 137 2558 rilis
160 2513 196 2557 ac
217 2496 361 2572 palustris
383 2503 474 2557 necat
495 2511 532 2556 ac
552 2494 664 2555 deinde
680 2500 764 2554 creat
778 2497 978 2568 purgamenta
994 2506 1050 2566 pro

70 2579 221 2656 frugibus.
250 2582 336 2641 Vale.

372 2717 590 2775 nrrsroun
611 2718 657 2773 111.
687 2716 759 2788 (74.)

328 2812 438 2864 SENECA
457 2814 569 2865 Lucltlo
590 2825 642 2864 SUO
661 2824 801 2864 SALUTEM.

134 2915 277 2991 Epistula
300 2924 353 2978 tua
381 2917 544 2976 delectavit
568 2925 669 2979 meet
694 2921 879 2978 marcentem
899 2911 1080 2985 excitavit,1

70 3001 250 3062 memoriam
266 3017 392 3076 quoque
407 3016 520 3075 meam,
538 3018 618 3077 quae
632 3003 693 3063 iarn
711 3000 783 3061 mihi
799 2999 903 3075 segnis
920 3014 957 3058 ac
971 3000 1055 3057 lenta

70 3093 130 3161 est,
144 3086 294 3147 evocavit.
310 3084 420 3160 Quidni
431 3091 472 3160 tu,
482 3086 522 3145 mi
531 3086 637 3161 Lucili,
652 3087 856 3145 maximum
870 3089 982 3159 putes
994 3079 1053 3139 in·

71 3176 328 3234 strumentum
350 3171 488 3230 beatae
505 3170 718 3231 vitaelrane
736 3166 1053 3245 persuasionem,

70 3272 184 3316 unum
210 3255 350 3317 bonum
378 3270 482 3328 esse,
515 3256 619 3330 quod
646 3254 853 3315 honestum
875 3256 956 3311 estl
984 3265 1055 3309 nam

73 3340 126 3416 qui
141 3341 201 3400 alia
214 3339 297 3400 bona
311 3338 439 3413 iudicat,
456 3339 486 3399 in
502 3339 643 3400 fortunae
658 3336 741 3398 venit
752 3341 949 3412 potestatem,
965 3331 1055 3393 alieni

72 3423 188 3486 arbitrii
201 3426 249 3485 lit=
271 3423 324 3500 qui
347 3439 438 3485 omne
453 3425 569 3485 bonum
583 3423 715 3484 honesto
732 3418 985 3495 circumscripsit,
1010 3417 1054 3477 in-

74 3516 119 3572 tra
134 3525 170 3570 se
185 3509 260 3570 ielix
275 3516 332 3571 est.
367 3507 426 3570 Hic
450 3508 575 3570 amissis
595 3506 701 3569 liberis
722 3511 876 3580 moestus,
898 3503 948 3564 hic
970 3501 1082 3564 solli-2
