2468 3930
262 217 433 281 EPISTUL.
447 218 541 281 Mon.
562 221 634 281 LlB.
648 222 686 282 V.
706 221 764 281 ΕΡ.
779 229 820 284 11.
835 228 907 298 (51.)
1011 223 1072 290 105

99 373 181 436 tibus
202 379 374 447 strepentes
395 372 482 433 lacus
501 373 622 446 etalio,
647 389 726 449 quae
741 375 824 436 velut
841 377 941 436 soluta
953 378 1072 453 legibus

100 457 221 519 luxurio
241 471 304 515 non
323 461 438 516 tantum
459 465 581 531 peceat,
604 458 660 517 sed
683 457 829 532 publicat,
852 460 925 534 quid
943 476 1073 522 necesse

100 547 169 604 estt
195 540 231 600 ld
253 554 344 614 agere
369 537 532 612 debemus,
557 545 590 600 ut
610 541 799 602 inritamenta
817 542 957 604 vitiorum
983 549 1100 619 quami

99 623 278 698 longissime
288 624 508 698 profugiamus.
527 623 717 685 indurandus
730 632 778 686 est
789 626 907 687 animus
920 634 950 687 et
960 644 978 687 a
988 629 1072 689 blan-

101 707 242 768 dimentis
256 707 445 782 voluptatum
462 708 568 783 procul
582 706 815 770 abstrahendus.
837 709 906 770 Una
920 712 1073 772 Hanniba·

100 792 160 852 lem
180 790 307 850 hiberna
328 791 486 851 solverunt
505 798 534 851 et
554 791 731 852 indomitum
750 794 832 852 illum
846 793 967 855 nivibus
982 804 1074 871 atque

100 874 231 950 Alpibus
252 873 349 932 vinum
369 881 593 934 enervaverunt
615 876 748 935 lomento
763 877 954 951 Campaniae.
981 880 1073 939 armis

100 958 186 1032 vicit,
201 958 282 1016 vitiis
298 956 395 1018 vietus
411 965 468 1018 est.
498 957 593 1017 Nobis
615 974 738 1033 quoque
758 960 945 1021 militandum
960 970 1020 1035 est,
1044 968 1101 1024 etti

102 1041 224 1116 quidem
239 1056 352 1114 genere
367 1039 504 1115 militiae,
527 1058 587 1116 quo
603 1057 768 1116 numquam
783 1044 886 1117 quies,
907 1060 1072 1120 numquam

101 1125 194 1186 otium
207 1124 309 1183 datur:
326 1124 526 1184 debellandae
537 1133 609 1184 sunt
623 1126 652 1183 in
665 1125 770 1198 primis
784 1125 966 1199 voluptates,
984 1144 1073 1202 quae,

99 1207 253 1280 atrides,
270 1223 363 1267 saeva
378 1223 502 1283 quoque
516 1208 556 1267 ad
571 1224 606 1267 se
619 1208 740 1282 ingenia
753 1217 928 1284 rapuerunt.
957 1210 984 1270 si
1004 1210 1073 1285 quis

99 1289 159 1352 sibi
170 1289 381 1366 proposuerit,
394 1298 539 1364 quantum
551 1292 653 1366 operis
666 1293 833 1366 adgressus
845 1291 898 1364 sit,
915 1293 991 1353 solet
1000 1292 1074 1352 nibil

100 1375 245 1449 delicate,
267 1374 338 1433 nihil
358 1376 488 1435 molliter
508 1391 579 1435 esse
600 1376 781 1435 laciendum.
814 1375 892 1450 Quid
914 1376 985 1436 mihi
1005 1392 1074 1436 oum

100 1458 166 1519 istis
190 1456 356 1519 ualentibus
377 1459 514 1532 stagnis?
538 1459 611 1533 quid
636 1474 704 1519 eum
731 1459 911 1534 sudatoriis‚
936 1461 967 1519 in
995 1476 1075 1535 quae

100 1543 205 1602 siccus
214 1557 313 1617 vapor
326 1556 456 1617 corpora
468 1542 660 1602 exhausurus
672 1543 851 1604 includitur?
866 1543 965 1605 omnis
978 1545 1074 1605 sudor

100 1641 157 1700 per
177 1625 313 1684 laborem
333 1632 431 1686 exeat.
464 1625 496 1685 Si
517 1628 702 1700 laceremus,
725 1628 809 1701 quod
830 1629 900 1687 leoit
914 1627 1102 1701 Hanniball

100 1715 133 1769 ut
149 1707 316 1782 interrupto
333 1723 425 1770 eursu
439 1724 539 1768 rerum
555 1708 733 1786 omissoque
753 1710 832 1771 bello
849 1712 990 1772 lovendis
1006 1727 1074 1771 eor-

100 1791 229 1867 poribus
250 1807 375 1866 operam
392 1793 551 1852 daremus=
570 1808 659 1853 nemo
681 1809 742 1853 non
763 1794 1006 1870 intempestivam
1022 1796 1073 1854 de·

100 1874 211 1936 sidiam
225 1876 332 1935 viatori
348 1892 487 1951 quoque,
502 1877 614 1937 nedum
627 1877 774 1951 vincenti,
792 1878 997 1952 periculosam
1012 1893 1074 1938 me-

98 1957 158 2019 rito
174 1958 427 2035 reprehenderet:
450 1960 551 2020 minus
572 1962 661 2021 nobis
679 1977 769 2035 quam
783 1962 842 2022 illis
856 1961 970 2023 Punica
986 1961 1075 2036 signa

102 2043 304 2116 sequentibus
326 2044 409 2114 lieet,
435 2045 506 2117 plus
527 2045 652 2118 periculi
672 2052 768 2104 restat
787 2046 980 2119 sedentibus,
1006 2047 1074 2119 plus

99 2127 205 2200 operis
230 2127 319 2186 etiam
347 2128 624 2201 perseverantibus.
659 2128 793 2189 Fortuna
817 2144 936 2189 meeum
961 2128 1104 2191 bellumss

99 2210 193 2284 gerite
218 2225 279 2270 non
302 2226 369 2269 sum
389 2209 536 2285 imperata
556 2212 701 2271 lactarus.
735 2212 837 2285 iugum
861 2229 921 2273 non
947 2211 1073 2286 recipio,

99 2292 208 2365 immo,
226 2293 310 2368 quod
326 2293 439 2353 maiore
453 2294 562 2355 virtute
577 2295 749 2353 laciendum
763 2301 826 2366 est,
848 2295 979 2355 excutio.
1006 2295 1074 2354 Non

100 2383 149 2436 est
163 2383 280 2437 emotus
291 2380 340 2437 sui
352 2381 426 2438 ioris
441 2377 576 2438 animus:
602 2378 629 2437 si
643 2378 790 2451 voluptati
806 2392 947 2451 cessero,
963 2378 1074 2436 coden-

101 2460 174 2521 dum
190 2469 236 2521 est
250 2461 364 2535 dolori,
380 2461 549 2522 cedendum
564 2468 610 2521 est
625 2460 735 2534 labori,
752 2461 922 2520 cedendum
937 2467 985 2520 est
999 2476 1074 2534 pau·

101 2544 221 2619 perlati.
243 2544 323 2604 idern
339 2543 397 2604 sibi
411 2545 440 2603 in
456 2561 504 2604 me
519 2545 592 2605 iuris
607 2560 679 2604 esse
692 2547 772 2605 volet
786 2551 817 2605 et
832 2544 955 2604 ambitio
970 2549 1000 2603 et
1014 2543 1073 2604 iro:

99 2627 179 2688 inter
201 2634 245 2687 tot
265 2629 404 2689 adlectus
426 2628 589 2701 distrahar,
615 2628 706 2689 immo
733 2628 901 2702 discerpan.
936 2627 1104 2688 Libertas9

100 2709 261 2787 proposita
283 2717 339 2771 est.
368 2712 408 2771 ad
429 2713 488 2773 hoo
512 2712 676 2786 praemium
699 2713 868 2772 laboratur:
891 2727 971 2787 quae
986 2711 1026 2772 sit
1039 2711 1074 2770 li-

99 2795 204 2856 bertas
221 2797 367 2870 quoeris?
386 2795 459 2854 nulli
474 2794 519 2855 rei
533 2795 664 2868 servire,
685 2797 757 2856 nulli
773 2794 963 2869 necessitati,
983 2796 1074 2856 nullis

100 2878 241 2951 casibus,
259 2880 409 2939 fortunam
423 2879 453 2938 in
469 2883 600 2955 aequum
615 2879 778 2940 deducere.
801 2879 925 2955 quodie
940 2880 990 2938 illa
1005 2884 1073 2952 [me]

99 2960 280 3022 intellexero
295 2963 364 3036 plus
383 2978 493 3036 posse,
508 2964 549 3022 nil
565 2962 684 3038 poterit.
712 2978 769 3037 ego
785 2963 865 3022 illam
881 2964 990 3035 leram,
1006 2978 1074 3022 oum
1091 3009 1095 3015 .

99 3046 131 3106 in
146 3060 239 3106 manu
254 3061 338 3107 mors
354 3046 413 3106 sit?
432 3045 488 3106 His
502 3046 736 3122 cogitationibus
750 3046 896 3106 intentum
911 3047 980 3106 looa
995 3044 1115 3106 serialt

100 3136 271 3204 sanctaque
292 3130 405 3204 eligere
427 3137 555 3204 oportet.
589 3128 744 3190 effeminat
766 3128 884 3189 animos
906 3125 1074 3188 amoenitas

99 3213 193 3272 nimia
207 3228 266 3273 neo
287 3213 378 3274 dubie
399 3212 514 3288 aliquid
535 3213 575 3273 ad
589 3212 847 3287 corrumpendum
860 3211 999 3286 vigorem
1021 3226 1074 3283 po·

101 3303 164 3357 test
179 3297 277 3372 regio.
311 3295 480 3370 Quamlibet
499 3296 579 3356 viam
599 3296 732 3356 iumenta
752 3296 922 3370 patiuntur,
945 3309 1076 3369 quorum
1096 3348 1099 3353 .

100 3379 209 3440 durata
221 3380 252 3439 in
267 3395 379 3455 aspero
395 3381 509 3454 ungula
523 3386 586 3440 est=
608 3377 637 3437 in
652 3379 736 3438 molli
751 3376 941 3453 palustrique
958 3392 1075 3450 pascuo

100 3464 240 3539 snginma
260 3461 321 3524 aito
336 3464 540 3524 subteruntur.
567 3469 596 3523 et
611 3461 717 3523 tortior
730 3461 816 3522 miles
832 3476 873 3522 ex
889 3460 1074 3535 connogoso
