<?xml version="1.0" encoding="UTF-8"?>
<!DOCTYPE html PUBLIC "-//W3C//DTD XHTML 1.0 Transitional//EN"
    "http://www.w3.org/TR/xhtml1/DTD/xhtml1-transitional.dtd">
<html xmlns="http://www.w3.org/1999/xhtml" xml:lang="en" lang="en">
 <head>
  <title>
</title>
<meta http-equiv="Content-Type" content="text/html;charset=utf-8" />
  <meta name='ocr-system' content='tesseract 3.04.00' />
  <meta name='ocr-capabilities' content='ocr_page ocr_carea ocr_par ocr_line ocrx_word'/>
</head>
<body>
  <div class='ocr_page' id='page_1' title='image "./lannaeisenecaeo00haasgoog_0133.png"; bbox 0 0 2468 3930; ppageno 0'>
   <div class='ocr_carea' id='block_1_1' title="bbox 125 237 808 306">
    <p class='ocr_par' dir='ltr' id='par_1_1' title="bbox 125 237 808 306">
     <span class='ocr_line' id='line_1_1' title="bbox 125 237 808 306; baseline -0.013 -1"><span class='ocrx_word' id='word_1_1' title='bbox 125 242 188 306; x_wconf 88' lang='lat'><strong>100</strong></span> <span class='ocrx_word' id='word_1_2' title='bbox 414 243 446 300; x_wconf 93' lang='lat' dir='ltr'><strong>L.</strong></span> <span class='ocrx_word' id='word_1_3' title='bbox 466 239 613 299; x_wconf 82' lang='lat' dir='ltr'><strong>ANNAEI</strong></span> <span class='ocrx_word' id='word_1_4' title='bbox 633 237 808 298; x_wconf 79' lang='lat' dir='ltr'><strong>SENECAE</strong></span> 
     </span>
    </p>
   </div>
   <div class='ocr_carea' id='block_1_2' title="bbox 123 388 1107 552">
    <p class='ocr_par' dir='ltr' id='par_1_2' title="bbox 123 388 1107 552">
     <span class='ocr_line' id='line_1_2' title="bbox 123 388 1105 468; baseline 0.001 -16"><span class='ocrx_word' id='word_1_5' title='bbox 123 399 229 468; x_wconf 90' lang='lat' dir='ltr'><strong>aperta</strong></span> <span class='ocrx_word' id='word_1_6' title='bbox 244 392 398 451; x_wconf 88' lang='lat' dir='ltr'><strong>decentet</strong></span> <span class='ocrx_word' id='word_1_7' title='bbox 412 388 562 464; x_wconf 89' lang='lat' dir='ltr'><strong>simplicia</strong></span> <span class='ocrx_word' id='word_1_8' title='bbox 574 388 750 449; x_wconf 86' lang='lat' dir='ltr'><strong>bonitatem.</strong></span> <span class='ocrx_word' id='word_1_9' title='bbox 778 388 896 450; x_wconf 88' lang='lat' dir='ltr'><strong>etiamsi</strong></span> <span class='ocrx_word' id='word_1_10' title='bbox 910 391 1036 452; x_wconf 90' lang='lat' dir='ltr'><strong>multum</strong></span> <span class='ocrx_word' id='word_1_11' title='bbox 1051 404 1105 454; x_wconf 83' lang='lat' dir='ltr'><strong>su·</strong></span> 
     </span>
     <span class='ocr_line' id='line_1_3' title="bbox 125 471 1107 552; baseline 0.001 -17"><span class='ocrx_word' id='word_1_12' title='bbox 125 484 266 552; x_wconf 88' lang='lat' dir='ltr'><strong>peresset</strong></span> <span class='ocrx_word' id='word_1_13' title='bbox 286 473 407 544; x_wconf 87' lang='lat' dir='ltr'><strong>aetatis,</strong></span> <span class='ocrx_word' id='word_1_14' title='bbox 432 487 524 547; x_wconf 86' lang='lat' dir='ltr'><strong>parce</strong></span> <span class='ocrx_word' id='word_1_15' title='bbox 541 471 785 545; x_wconf 89' lang='lat' dir='ltr'><strong>dispensandum</strong></span> <span class='ocrx_word' id='word_1_16' title='bbox 799 481 878 546; x_wconf 89' lang='lat' dir='ltr'><strong>erat,</strong></span> <span class='ocrx_word' id='word_1_17' title='bbox 900 480 933 533; x_wconf 92' lang='lat' dir='ltr'><strong>ut</strong></span> <span class='ocrx_word' id='word_1_18' title='bbox 947 473 1107 536; x_wconf 81' lang='lat' dir='ltr'><strong>sufficeret</strong></span> 
     </span>
    </p>
   </div>
   <div class='ocr_carea' id='block_1_3' title="bbox 126 555 1106 716">
    <p class='ocr_par' dir='ltr' id='par_1_3' title="bbox 126 555 1106 716">
     <span class='ocr_line' id='line_1_4' title="bbox 126 555 1106 632; baseline -0.003 -12"><span class='ocrx_word' id='word_1_19' title='bbox 126 559 326 620; x_wconf 74' lang='lat' dir='ltr'><strong>necessariist</strong></span> <span class='ocrx_word' id='word_1_20' title='bbox 354 572 435 618; x_wconf 90' lang='lat' dir='ltr'><strong>nunc</strong></span> <span class='ocrx_word' id='word_1_21' title='bbox 450 571 530 630; x_wconf 88' lang='lat' dir='ltr'><strong>quae</strong></span> <span class='ocrx_word' id='word_1_22' title='bbox 547 555 699 615; x_wconf 88' lang='lat' dir='ltr'><strong>dementia</strong></span> <span class='ocrx_word' id='word_1_23' title='bbox 713 561 761 615; x_wconf 89' lang='lat' dir='ltr'><strong>est</strong></span> <span class='ocrx_word' id='word_1_24' title='bbox 775 571 969 632; x_wconf 86' lang='lat' dir='ltr'><strong>supervacua</strong></span> <span class='ocrx_word' id='word_1_25' title='bbox 981 557 1106 618; x_wconf 80' lang='lat' dir='ltr'><strong>discere</strong></span> 
     </span>
     <span class='ocr_line' id='line_1_5' title="bbox 126 639 703 716; baseline -0.01 -14"><span class='ocrx_word' id='word_1_26' title='bbox 126 642 156 702; x_wconf 95' lang='lat' dir='ltr'><strong>in</strong></span> <span class='ocrx_word' id='word_1_27' title='bbox 172 650 255 703; x_wconf 89' lang='lat' dir='ltr'><strong>tanta</strong></span> <span class='ocrx_word' id='word_1_28' title='bbox 268 639 415 716; x_wconf 91' lang='lat' dir='ltr'><strong>temporis</strong></span> <span class='ocrx_word' id='word_1_29' title='bbox 431 646 588 715; x_wconf 65' lang='lat' dir='ltr'><strong>egestate?</strong></span> <span class='ocrx_word' id='word_1_30' title='bbox 615 639 703 697; x_wconf 87' lang='lat' dir='ltr'><strong>Vale.</strong></span> 
     </span>
    </p>
   </div>
   <div class='ocr_carea' id='block_1_4' title="bbox 392 774 861 920">
    <p class='ocr_par' dir='ltr' id='par_1_4' title="bbox 392 774 861 920">
     <span class='ocr_line' id='line_1_6' title="bbox 424 774 803 847; baseline 0.005 -15"><span class='ocrx_word' id='word_1_31' title='bbox 424 774 639 832; x_wconf 85' lang='lat' dir='ltr'><strong>EPISTULA</strong></span> <span class='ocrx_word' id='word_1_32' title='bbox 660 774 708 834; x_wconf 86' lang='lat' dir='ltr'><strong>IX.</strong></span> <span class='ocrx_word' id='word_1_33' title='bbox 732 775 803 847; x_wconf 84' lang='lat'><strong>(49.)</strong></span> 
     </span>
     <span class='ocr_line' id='line_1_7' title="bbox 392 868 861 920; baseline -0.004 0"><span class='ocrx_word' id='word_1_34' title='bbox 392 868 502 920; x_wconf 74' lang='lat' dir='ltr'><strong>Sanoua</strong></span> <span class='ocrx_word' id='word_1_35' title='bbox 519 869 630 920; x_wconf 82' lang='lat' dir='ltr'><strong>Laenio</strong></span> <span class='ocrx_word' id='word_1_36' title='bbox 649 879 701 919; x_wconf 87' lang='lat' dir='ltr'><strong>suo</strong></span> <span class='ocrx_word' id='word_1_37' title='bbox 721 880 861 920; x_wconf 69' lang='lat' dir='ltr'><strong>smenon.</strong></span> 
     </span>
    </p>
   </div>
   <div class='ocr_carea' id='block_1_5' title="bbox 99 964 1113 3546">
    <p class='ocr_par' dir='ltr' id='par_1_5' title="bbox 99 964 1108 1874">
     <span class='ocr_line' id='line_1_8' title="bbox 99 964 1106 1042; baseline 0 -16"><span class='ocrx_word' id='word_1_38' title='bbox 99 983 113 1033; x_wconf 93' lang='lat'>1</span> <span class='ocrx_word' id='word_1_39' title='bbox 188 968 244 1028; x_wconf 85' lang='lat' dir='ltr'><strong>Est</strong></span> <span class='ocrx_word' id='word_1_40' title='bbox 260 966 397 1042; x_wconf 89' lang='lat' dir='ltr'><strong>quidem,</strong></span> <span class='ocrx_word' id='word_1_41' title='bbox 418 964 460 1025; x_wconf 93' lang='lat' dir='ltr'><strong>mi</strong></span> <span class='ocrx_word' id='word_1_42' title='bbox 473 965 583 1040; x_wconf 80' lang='lat' dir='ltr'>Lucili,</span> <span class='ocrx_word' id='word_1_43' title='bbox 607 966 735 1039; x_wconf 91' lang='lat' dir='ltr'><strong>supinus</strong></span> <span class='ocrx_word' id='word_1_44' title='bbox 750 972 781 1024; x_wconf 88' lang='lat' dir='ltr'><strong>et</strong></span> <span class='ocrx_word' id='word_1_45' title='bbox 799 967 982 1040; x_wconf 79' lang='lat' dir='ltr'>neglegens,</span> <span class='ocrx_word' id='word_1_46' title='bbox 1006 967 1106 1041; x_wconf 86' lang='lat' dir='ltr'><strong>quiin</strong></span> 
     </span>
     <span class='ocr_line' id='line_1_9' title="bbox 128 1047 1106 1123; baseline -0.006 -11"><span class='ocrx_word' id='word_1_47' title='bbox 128 1052 216 1112; x_wconf 86' lang='lat' dir='ltr'><strong>amici</strong></span> <span class='ocrx_word' id='word_1_48' title='bbox 236 1050 412 1111; x_wconf 83' lang='lat' dir='ltr'><strong>memoriam</strong></span> <span class='ocrx_word' id='word_1_49' title='bbox 432 1050 470 1109; x_wconf 88' lang='lat' dir='ltr'><strong>ab</strong></span> <span class='ocrx_word' id='word_1_50' title='bbox 487 1048 590 1123; x_wconf 88' lang='lat' dir='ltr'><strong>aliqua</strong></span> <span class='ocrx_word' id='word_1_51' title='bbox 605 1050 731 1122; x_wconf 82' lang='lat' dir='ltr'>regione</span> <span class='ocrx_word' id='word_1_52' title='bbox 746 1047 920 1113; x_wconf 86' lang='lat' dir='ltr'><strong>admonitus</strong></span> <span class='ocrx_word' id='word_1_53' title='bbox 933 1048 1106 1110; x_wconf 70' lang='lat' dir='ltr'><strong>reduciturz</strong></span> 
     </span>
     <span class='ocr_line' id='line_1_10' title="bbox 127 1131 1107 1209; baseline -0.004 -13"><span class='ocrx_word' id='word_1_54' title='bbox 127 1143 227 1197; x_wconf 89' lang='lat' dir='ltr'><strong>tamen</strong></span> <span class='ocrx_word' id='word_1_55' title='bbox 247 1135 415 1209; x_wconf 85' lang='lat' dir='ltr'><strong>repositum</strong></span> <span class='ocrx_word' id='word_1_56' title='bbox 435 1133 465 1191; x_wconf 92' lang='lat' dir='ltr'><strong>in</strong></span> <span class='ocrx_word' id='word_1_57' title='bbox 489 1132 589 1192; x_wconf 88' lang='lat' dir='ltr'><strong>animo</strong></span> <span class='ocrx_word' id='word_1_58' title='bbox 605 1140 710 1192; x_wconf 91' lang='lat' dir='ltr'><strong>nostro</strong></span> <span class='ocrx_word' id='word_1_59' title='bbox 727 1132 913 1192; x_wconf 89' lang='lat' dir='ltr'><strong>desiderium</strong></span> <span class='ocrx_word' id='word_1_60' title='bbox 929 1132 1000 1192; x_wconf 88' lang='lat' dir='ltr'><strong>loca</strong></span> <span class='ocrx_word' id='word_1_61' title='bbox 1015 1131 1107 1193; x_wconf 89' lang='lat' dir='ltr'><strong>inter-</strong></span> 
     </span>
     <span class='ocr_line' id='line_1_11' title="bbox 128 1214 1106 1280; baseline -0.005 0"><span class='ocrx_word' id='word_1_62' title='bbox 128 1220 201 1280; x_wconf 89' lang='lat' dir='ltr'><strong>dum</strong></span> <span class='ocrx_word' id='word_1_63' title='bbox 222 1217 378 1278; x_wconf 84' lang='lat' dir='ltr'><strong>familiaria</strong></span> <span class='ocrx_word' id='word_1_64' title='bbox 400 1224 530 1276; x_wconf 89' lang='lat' dir='ltr'><strong>evocant</strong></span> <span class='ocrx_word' id='word_1_65' title='bbox 556 1231 613 1276; x_wconf 90' lang='lat' dir='ltr'><strong>nec</strong></span> <span class='ocrx_word' id='word_1_66' title='bbox 634 1215 814 1275; x_wconf 88' lang='lat' dir='ltr'><strong>exstinctam</strong></span> <span class='ocrx_word' id='word_1_67' title='bbox 836 1214 1014 1275; x_wconf 80' lang='lat' dir='ltr'><strong>memoriam</strong></span> <span class='ocrx_word' id='word_1_68' title='bbox 1036 1217 1106 1275; x_wconf 87' lang='lat' dir='ltr'><strong>red·</strong></span> 
     </span>
     <span class='ocr_line' id='line_1_12' title="bbox 129 1298 1106 1378; baseline -0.003 -14"><span class='ocrx_word' id='word_1_69' title='bbox 129 1304 216 1378; x_wconf 93' lang='lat' dir='ltr'><strong>dunt,</strong></span> <span class='ocrx_word' id='word_1_70' title='bbox 234 1301 290 1362; x_wconf 91' lang='lat' dir='ltr'><strong>sed</strong></span> <span class='ocrx_word' id='word_1_71' title='bbox 307 1301 513 1375; x_wconf 84' lang='lat' dir='ltr'><strong>quiescentem</strong></span> <span class='ocrx_word' id='word_1_72' title='bbox 526 1300 661 1373; x_wconf 85' lang='lat' dir='ltr'><strong>inritant,</strong></span> <span class='ocrx_word' id='word_1_73' title='bbox 683 1298 763 1359; x_wconf 89' lang='lat' dir='ltr'><strong>sicut</strong></span> <span class='ocrx_word' id='word_1_74' title='bbox 777 1298 914 1359; x_wconf 91' lang='lat' dir='ltr'><strong>dolorem</strong></span> <span class='ocrx_word' id='word_1_75' title='bbox 928 1298 1106 1374; x_wconf 83' lang='lat' dir='ltr'><strong>lugentium,</strong></span> 
     </span>
     <span class='ocr_line' id='line_1_13' title="bbox 130 1381 1105 1456; baseline -0.004 -10"><span class='ocrx_word' id='word_1_76' title='bbox 130 1386 248 1447; x_wconf 88' lang='lat' dir='ltr'><strong>etiamsi</strong></span> <span class='ocrx_word' id='word_1_77' title='bbox 268 1384 418 1456; x_wconf 81' lang='lat' dir='ltr'><strong>mitigatus</strong></span> <span class='ocrx_word' id='word_1_78' title='bbox 440 1390 488 1442; x_wconf 85' lang='lat' dir='ltr'><strong>est</strong></span> <span class='ocrx_word' id='word_1_79' title='bbox 507 1391 661 1456; x_wconf 87' lang='lat' dir='ltr'><strong>tempore,</strong></span> <span class='ocrx_word' id='word_1_80' title='bbox 685 1390 736 1442; x_wconf 90' lang='lat' dir='ltr'><strong>aut</strong></span> <span class='ocrx_word' id='word_1_81' title='bbox 752 1381 866 1442; x_wconf 90' lang='lat' dir='ltr'><strong>servuli</strong></span> <span class='ocrx_word' id='word_1_82' title='bbox 881 1382 1037 1442; x_wconf 79' lang='lat' dir='ltr'><strong>familiaris</strong></span> <span class='ocrx_word' id='word_1_83' title='bbox 1052 1383 1105 1442; x_wconf 86' lang='lat' dir='ltr'><strong>ad·</strong></span> 
     </span>
     <span class='ocr_line' id='line_1_14' title="bbox 129 1466 1108 1541; baseline -0.004 -11"><span class='ocrx_word' id='word_1_84' title='bbox 129 1469 236 1530; x_wconf 78' lang='lat' dir='ltr'><strong>missIo</strong></span> <span class='ocrx_word' id='word_1_85' title='bbox 257 1474 308 1526; x_wconf 91' lang='lat' dir='ltr'><strong>aut</strong></span> <span class='ocrx_word' id='word_1_86' title='bbox 329 1467 422 1526; x_wconf 88' lang='lat' dir='ltr'><strong>vestis</strong></span> <span class='ocrx_word' id='word_1_87' title='bbox 443 1474 495 1526; x_wconf 89' lang='lat' dir='ltr'><strong>aut</strong></span> <span class='ocrx_word' id='word_1_88' title='bbox 516 1467 625 1526; x_wconf 90' lang='lat' dir='ltr'><strong>domus</strong></span> <span class='ocrx_word' id='word_1_89' title='bbox 642 1473 785 1526; x_wconf 69' lang='lat' dir='ltr'><strong>renovate</strong></span> <span class='ocrx_word' id='word_1_90' title='bbox 809 1481 882 1525; x_wconf 90' lang='lat' dir='ltr'><strong>ecce</strong></span> <span class='ocrx_word' id='word_1_91' title='bbox 897 1466 1063 1541; x_wconf 84' lang='lat' dir='ltr'><strong>Campania</strong></span> <span class='ocrx_word' id='word_1_92' title='bbox 1076 1472 1108 1526; x_wconf 88' lang='lat' dir='ltr'><strong>et</strong></span> 
     </span>
     <span class='ocr_line' id='line_1_15' title="bbox 130 1548 1092 1624; baseline -0.004 -12"><span class='ocrx_word' id='word_1_93' title='bbox 130 1552 261 1612; x_wconf 80' lang='lat' dir='ltr'><strong>maxime</strong></span> <span class='ocrx_word' id='word_1_94' title='bbox 274 1548 419 1623; x_wconf 84' lang='lat' dir='ltr'><strong>Neapolis</strong></span> <span class='ocrx_word' id='word_1_95' title='bbox 434 1550 474 1608; x_wconf 84' lang='lat' dir='ltr'><strong>ed</strong></span> <span class='ocrx_word' id='word_1_96' title='bbox 487 1548 699 1624; x_wconf 86' lang='lat' dir='ltr'><strong>Pompeiorum</strong></span> <span class='ocrx_word' id='word_1_97' title='bbox 713 1557 834 1608; x_wconf 87' lang='lat' dir='ltr'><strong>tuorum</strong></span> <span class='ocrx_word' id='word_1_98' title='bbox 850 1556 1050 1624; x_wconf 88' lang='lat' dir='ltr'><strong>conspectum</strong></span> <span class='ocrx_word' id='word_1_99' title='bbox 1061 1549 1092 1609; x_wconf 94' lang='lat' dir='ltr'><strong>in</strong></span> 
     </span>
     <span class='ocr_line' id='line_1_16' title="bbox 131 1631 1106 1708; baseline -0.002 -13"><span class='ocrx_word' id='word_1_100' title='bbox 131 1633 275 1695; x_wconf 82' lang='lat' dir='ltr'><strong>credibile</strong></span> <span class='ocrx_word' id='word_1_101' title='bbox 297 1640 345 1692; x_wconf 88' lang='lat' dir='ltr'><strong>est</strong></span> <span class='ocrx_word' id='word_1_102' title='bbox 366 1649 457 1708; x_wconf 89' lang='lat' dir='ltr'><strong>quarn</strong></span> <span class='ocrx_word' id='word_1_103' title='bbox 472 1649 581 1692; x_wconf 88' lang='lat' dir='ltr'><strong>recens</strong></span> <span class='ocrx_word' id='word_1_104' title='bbox 597 1631 783 1692; x_wconf 87' lang='lat' dir='ltr'><strong>desiderium</strong></span> <span class='ocrx_word' id='word_1_105' title='bbox 797 1631 840 1692; x_wconf 89' lang='lat' dir='ltr'><strong>tui</strong></span> <span class='ocrx_word' id='word_1_106' title='bbox 854 1633 995 1692; x_wconf 83' lang='lat' dir='ltr'><strong>iecerint=</strong></span> <span class='ocrx_word' id='word_1_107' title='bbox 1023 1639 1106 1693; x_wconf 91' lang='lat' dir='ltr'><strong>totus</strong></span> 
     </span>
     <span class='ocr_line' id='line_1_17' title="bbox 131 1715 1106 1778; baseline -0.004 0"><span class='ocrx_word' id='word_1_108' title='bbox 131 1719 203 1778; x_wconf 91' lang='lat' dir='ltr'><strong>mihi</strong></span> <span class='ocrx_word' id='word_1_109' title='bbox 217 1718 248 1777; x_wconf 93' lang='lat' dir='ltr'><strong>in</strong></span> <span class='ocrx_word' id='word_1_110' title='bbox 263 1716 361 1775; x_wconf 90' lang='lat' dir='ltr'><strong>oculis</strong></span> <span class='ocrx_word' id='word_1_111' title='bbox 376 1732 420 1776; x_wconf 86' lang='lat' dir='ltr'><strong>es.</strong></span> <span class='ocrx_word' id='word_1_112' title='bbox 444 1731 511 1774; x_wconf 89' lang='lat' dir='ltr'><strong>curn</strong></span> <span class='ocrx_word' id='word_1_113' title='bbox 527 1716 658 1775; x_wconf 87' lang='lat' dir='ltr'><strong>maxime</strong></span> <span class='ocrx_word' id='word_1_114' title='bbox 672 1732 691 1775; x_wconf 92' lang='lat' dir='ltr'><strong>a</strong></span> <span class='ocrx_word' id='word_1_115' title='bbox 705 1723 735 1775; x_wconf 89' lang='lat' dir='ltr'><strong>te</strong></span> <span class='ocrx_word' id='word_1_116' title='bbox 750 1715 888 1776; x_wconf 92' lang='lat' dir='ltr'><strong>discedo.</strong></span> <span class='ocrx_word' id='word_1_117' title='bbox 910 1715 1001 1776; x_wconf 92' lang='lat' dir='ltr'><strong>video</strong></span> <span class='ocrx_word' id='word_1_118' title='bbox 1019 1716 1106 1776; x_wconf 86' lang='lat' dir='ltr'><strong>lacri-</strong></span> 
     </span>
     <span class='ocr_line' id='line_1_18' title="bbox 131 1798 1106 1874; baseline -0.002 -13"><span class='ocrx_word' id='word_1_119' title='bbox 131 1817 197 1861; x_wconf 91' lang='lat' dir='ltr'><strong>mas</strong></span> <span class='ocrx_word' id='word_1_120' title='bbox 214 1798 424 1861; x_wconf 80' lang='lat' dir='ltr'><strong>conbibentem</strong></span> <span class='ocrx_word' id='word_1_121' title='bbox 439 1806 469 1859; x_wconf 84' lang='lat' dir='ltr'><strong>et</strong></span> <span class='ocrx_word' id='word_1_122' title='bbox 483 1799 654 1860; x_wconf 78' lang='lat' dir='ltr'><strong>adfectibus</strong></span> <span class='ocrx_word' id='word_1_123' title='bbox 667 1798 727 1859; x_wconf 88' lang='lat' dir='ltr'><strong>tuis</strong></span> <span class='ocrx_word' id='word_1_124' title='bbox 742 1798 819 1859; x_wconf 89' lang='lat' dir='ltr'><strong>inter</strong></span> <span class='ocrx_word' id='word_1_125' title='bbox 832 1798 933 1874; x_wconf 83' lang='lat' dir='ltr'><strong>ipsam</strong></span> <span class='ocrx_word' id='word_1_126' title='bbox 947 1799 1106 1859; x_wconf 81' lang='lat' dir='ltr'><strong>coercitio</strong></span> 
     </span>
    </p>

    <p class='ocr_par' dir='ltr' id='par_1_6' title="bbox 104 1882 1107 2377">
     <span class='ocr_line' id='line_1_19' title="bbox 104 1882 1107 1945; baseline -0.001 -3"><span class='ocrx_word' id='word_1_127' title='bbox 104 1891 200 1945; x_wconf 66' lang='lat' dir='ltr'><strong>anem</strong></span> <span class='ocrx_word' id='word_1_128' title='bbox 217 1883 398 1944; x_wconf 87' lang='lat' dir='ltr'><strong>exeuntibus</strong></span> <span class='ocrx_word' id='word_1_129' title='bbox 415 1898 476 1943; x_wconf 91' lang='lat' dir='ltr'><strong>non</strong></span> <span class='ocrx_word' id='word_1_130' title='bbox 491 1883 564 1943; x_wconf 89' lang='lat' dir='ltr'><strong>satis</strong></span> <span class='ocrx_word' id='word_1_131' title='bbox 579 1882 781 1944; x_wconf 87' lang='lat' dir='ltr'><strong>resistentem.</strong></span> <span class='ocrx_word' id='word_1_132' title='bbox 812 1882 906 1943; x_wconf 82' lang='lat' dir='ltr'><strong>Modo</strong></span> <span class='ocrx_word' id='word_1_133' title='bbox 922 1883 1064 1943; x_wconf 86' lang='lat' dir='ltr'><strong>amisisse</strong></span> <span class='ocrx_word' id='word_1_134' title='bbox 1077 1890 1107 1943; x_wconf 90' lang='lat' dir='ltr'><strong>te</strong></span> 
     </span>
     <span class='ocr_line' id='line_1_20' title="bbox 132 1966 1107 2041; baseline -0.003 -12"><span class='ocrx_word' id='word_1_135' title='bbox 132 1968 248 2029; x_wconf 88' lang='lat' dir='ltr'><strong>videor.</strong></span> <span class='ocrx_word' id='word_1_136' title='bbox 283 1966 356 2041; x_wconf 89' lang='lat' dir='ltr'><strong>quid</strong></span> <span class='ocrx_word' id='word_1_137' title='bbox 371 1968 452 2026; x_wconf 88' lang='lat' dir='ltr'><strong>enirn</strong></span> <span class='ocrx_word' id='word_1_138' title='bbox 465 1982 525 2026; x_wconf 93' lang='lat' dir='ltr'><strong>non</strong></span> <span class='ocrx_word' id='word_1_139' title='bbox 540 1967 651 2027; x_wconf 83' lang='lat' dir='ltr'><strong>niodo</strong></span> <span class='ocrx_word' id='word_1_140' title='bbox 667 1974 728 2039; x_wconf 88' lang='lat' dir='ltr'><strong>est,</strong></span> <span class='ocrx_word' id='word_1_141' title='bbox 752 1966 779 2025; x_wconf 88' lang='lat' dir='ltr'><strong>si</strong></span> <span class='ocrx_word' id='word_1_142' title='bbox 793 1967 988 2027; x_wconf 80' lang='lat' dir='ltr'><strong>recorderisr</strong></span> <span class='ocrx_word' id='word_1_143' title='bbox 1014 1966 1107 2026; x_wconf 92' lang='lat' dir='ltr'><strong>modo</strong></span> 
     </span>
     <span class='ocr_line' id='line_1_21' title="bbox 133 2049 1107 2127; baseline -0.005 -14"><span class='ocrx_word' id='word_1_144' title='bbox 133 2052 216 2127; x_wconf 87' lang='lat' dir='ltr'><strong>apud</strong></span> <span class='ocrx_word' id='word_1_145' title='bbox 240 2050 396 2112; x_wconf 89' lang='lat' dir='ltr'><strong>Sotionem</strong></span> <span class='ocrx_word' id='word_1_146' title='bbox 420 2049 636 2125; x_wconf 89' lang='lat' dir='ltr'><strong>philosophum</strong></span> <span class='ocrx_word' id='word_1_147' title='bbox 662 2065 739 2124; x_wconf 90' lang='lat' dir='ltr'><strong>puer</strong></span> <span class='ocrx_word' id='word_1_148' title='bbox 764 2049 840 2109; x_wconf 92' lang='lat' dir='ltr'><strong>sedi.</strong></span> <span class='ocrx_word' id='word_1_149' title='bbox 877 2050 970 2110; x_wconf 85' lang='lat' dir='ltr'><strong>modo</strong></span> <span class='ocrx_word' id='word_1_150' title='bbox 996 2064 1107 2110; x_wconf 86' lang='lat' dir='ltr'><strong>causas</strong></span> 
     </span>
     <span class='ocr_line' id='line_1_22' title="bbox 133 2133 1106 2210; baseline -0.007 -15"><span class='ocrx_word' id='word_1_151' title='bbox 133 2151 224 2210; x_wconf 86' lang='lat' dir='ltr'><strong>agere</strong></span> <span class='ocrx_word' id='word_1_152' title='bbox 244 2135 342 2208; x_wconf 91' lang='lat' dir='ltr'><strong>coepi.</strong></span> <span class='ocrx_word' id='word_1_153' title='bbox 376 2134 468 2195; x_wconf 91' lang='lat' dir='ltr'><strong>modo</strong></span> <span class='ocrx_word' id='word_1_154' title='bbox 484 2133 561 2193; x_wconf 93' lang='lat' dir='ltr'><strong>desii</strong></span> <span class='ocrx_word' id='word_1_155' title='bbox 575 2135 654 2193; x_wconf 88' lang='lat' dir='ltr'><strong>velle</strong></span> <span class='ocrx_word' id='word_1_156' title='bbox 670 2148 771 2208; x_wconf 80' lang='lat' dir='ltr'><strong>egere.</strong></span> <span class='ocrx_word' id='word_1_157' title='bbox 799 2133 892 2194; x_wconf 91' lang='lat' dir='ltr'><strong>modo</strong></span> <span class='ocrx_word' id='word_1_158' title='bbox 908 2133 985 2192; x_wconf 89' lang='lat' dir='ltr'><strong>desii</strong></span> <span class='ocrx_word' id='word_1_159' title='bbox 1000 2148 1106 2208; x_wconf 88' lang='lat' dir='ltr'><strong>posse.</strong></span> 
     </span>
     <span class='ocr_line' id='line_1_23' title="bbox 132 2215 1106 2291; baseline -0.004 -13"><span class='ocrx_word' id='word_1_160' title='bbox 132 2218 292 2278; x_wconf 81' lang='lat' dir='ltr'><strong>Infinita</strong></span> <span class='ocrx_word' id='word_1_161' title='bbox 318 2225 377 2278; x_wconf 90' lang='lat' dir='ltr'><strong>est</strong></span> <span class='ocrx_word' id='word_1_162' title='bbox 403 2217 596 2279; x_wconf 85' lang='lat' dir='ltr'><strong>velocitas</strong></span> <span class='ocrx_word' id='word_1_163' title='bbox 622 2217 825 2291; x_wconf 91' lang='lat' dir='ltr'><strong>temporis,</strong></span> <span class='ocrx_word' id='word_1_164' title='bbox 860 2231 957 2291; x_wconf 90' lang='lat' dir='ltr'><strong>quae</strong></span> <span class='ocrx_word' id='word_1_165' title='bbox 984 2215 1106 2291; x_wconf 80' lang='lat' dir='ltr'><strong>magis</strong></span> 
     </span>
     <span class='ocr_line' id='line_1_24' title="bbox 134 2299 1106 2377; baseline -0.006 -14"><span class='ocrx_word' id='word_1_166' title='bbox 134 2303 297 2377; x_wconf 89' lang='lat' dir='ltr'><strong>adparet</strong></span> <span class='ocrx_word' id='word_1_167' title='bbox 318 2300 639 2376; x_wconf 86' lang='lat' dir='ltr'><strong>respicientibus.</strong></span> <span class='ocrx_word' id='word_1_168' title='bbox 676 2317 744 2360; x_wconf 90' lang='lat' dir='ltr'><strong>nam</strong></span> <span class='ocrx_word' id='word_1_169' title='bbox 766 2299 806 2359; x_wconf 89' lang='lat' dir='ltr'><strong>ad</strong></span> <span class='ocrx_word' id='word_1_170' title='bbox 823 2299 1106 2374; x_wconf 87' lang='lat' dir='ltr'><strong>praesentiainten·</strong></span> 
     </span>
    </p>

    <p class='ocr_par' dir='ltr' id='par_1_7' title="bbox 104 2382 1113 3546">
     <span class='ocr_line' id='line_1_25' title="bbox 104 2382 1106 2461; baseline -0.007 -12"><span class='ocrx_word' id='word_1_171' title='bbox 104 2395 181 2449; x_wconf 72' lang='lat' dir='ltr'><strong>etos</strong></span> <span class='ocrx_word' id='word_1_172' title='bbox 196 2387 285 2446; x_wconf 77' lang='lat' dir='ltr'><strong>fallit:</strong></span> <span class='ocrx_word' id='word_1_173' title='bbox 307 2386 385 2445; x_wconf 87' lang='lat' dir='ltr'><strong>adeo</strong></span> <span class='ocrx_word' id='word_1_174' title='bbox 401 2385 578 2461; x_wconf 88' lang='lat' dir='ltr'><strong>praecipitis</strong></span> <span class='ocrx_word' id='word_1_175' title='bbox 593 2384 684 2459; x_wconf 82' lang='lat' dir='ltr'><strong>fugae</strong></span> <span class='ocrx_word' id='word_1_176' title='bbox 695 2383 842 2445; x_wconf 85' lang='lat' dir='ltr'><strong>transitus</strong></span> <span class='ocrx_word' id='word_1_177' title='bbox 853 2382 932 2444; x_wconf 88' lang='lat' dir='ltr'><strong>lenis</strong></span> <span class='ocrx_word' id='word_1_178' title='bbox 943 2389 999 2444; x_wconf 89' lang='lat' dir='ltr'><strong>est.</strong></span> <span class='ocrx_word' id='word_1_179' title='bbox 1031 2382 1106 2445; x_wconf 79' lang='lat' dir='ltr'><strong>Gau-</strong></span> 
     </span>
     <span class='ocr_line' id='line_1_26' title="bbox 134 2467 1108 2544; baseline -0.006 -13"><span class='ocrx_word' id='word_1_180' title='bbox 134 2469 300 2531; x_wconf 88' lang='lat' dir='ltr'><strong>samhuius</strong></span> <span class='ocrx_word' id='word_1_181' title='bbox 311 2468 356 2530; x_wconf 90' lang='lat' dir='ltr'><strong>rei</strong></span> <span class='ocrx_word' id='word_1_182' title='bbox 367 2469 512 2544; x_wconf 80' lang='lat' dir='ltr'><strong>quaerist</strong></span> <span class='ocrx_word' id='word_1_183' title='bbox 533 2468 679 2543; x_wconf 85' lang='lat' dir='ltr'><strong>quicquid</strong></span> <span class='ocrx_word' id='word_1_184' title='bbox 690 2468 838 2542; x_wconf 87' lang='lat' dir='ltr'><strong>temporis</strong></span> <span class='ocrx_word' id='word_1_185' title='bbox 849 2467 984 2540; x_wconf 88' lang='lat' dir='ltr'><strong>transiit,</strong></span> <span class='ocrx_word' id='word_1_186' title='bbox 1000 2467 1108 2527; x_wconf 90' lang='lat' dir='ltr'><strong>eodem</strong></span> 
     </span>
     <span class='ocr_line' id='line_1_27' title="bbox 134 2547 1107 2626; baseline -0.004 -14"><span class='ocrx_word' id='word_1_187' title='bbox 134 2555 203 2615; x_wconf 91' lang='lat' dir='ltr'><strong>loco</strong></span> <span class='ocrx_word' id='word_1_188' title='bbox 225 2560 287 2613; x_wconf 80' lang='lat' dir='ltr'><strong>est:</strong></span> <span class='ocrx_word' id='word_1_189' title='bbox 315 2552 429 2626; x_wconf 90' lang='lat' dir='ltr'><strong>pariter</strong></span> <span class='ocrx_word' id='word_1_190' title='bbox 448 2551 625 2626; x_wconf 83' lang='lat' dir='ltr'><strong>adspicitur,</strong></span> <span class='ocrx_word' id='word_1_191' title='bbox 645 2567 708 2610; x_wconf 86' lang='lat' dir='ltr'><strong>una</strong></span> <span class='ocrx_word' id='word_1_192' title='bbox 727 2551 815 2612; x_wconf 84' lang='lat' dir='ltr'><strong>iacet</strong></span> <span class='ocrx_word' id='word_1_193' title='bbox 847 2552 949 2611; x_wconf 89' lang='lat' dir='ltr'><strong>omnia</strong></span> <span class='ocrx_word' id='word_1_194' title='bbox 966 2549 1060 2623; x_wconf 87' lang='lat' dir='ltr'><strong>[inde]</strong></span> <span class='ocrx_word' id='word_1_195' title='bbox 1077 2547 1107 2608; x_wconf 92' lang='lat' dir='ltr'><strong>in</strong></span> 
     </span>
     <span class='ocr_line' id='line_1_28' title="bbox 136 2633 1107 2712; baseline -0.005 -17"><span class='ocrx_word' id='word_1_196' title='bbox 136 2636 320 2712; x_wconf 83' lang='lat' dir='ltr'><strong>profundum</strong></span> <span class='ocrx_word' id='word_1_197' title='bbox 341 2635 462 2694; x_wconf 87' lang='lat' dir='ltr'><strong>cadunt.</strong></span> <span class='ocrx_word' id='word_1_198' title='bbox 492 2642 522 2693; x_wconf 91' lang='lat' dir='ltr'><strong>et</strong></span> <span class='ocrx_word' id='word_1_199' title='bbox 540 2634 674 2708; x_wconf 86' lang='lat' dir='ltr'><strong>alioquin</strong></span> <span class='ocrx_word' id='word_1_200' title='bbox 690 2651 752 2694; x_wconf 94' lang='lat' dir='ltr'><strong>non</strong></span> <span class='ocrx_word' id='word_1_201' title='bbox 767 2642 899 2708; x_wconf 91' lang='lat' dir='ltr'><strong>possunt</strong></span> <span class='ocrx_word' id='word_1_202' title='bbox 912 2636 1005 2708; x_wconf 78' lang='lat' dir='ltr'><strong>longe</strong></span> <span class='ocrx_word' id='word_1_203' title='bbox 1018 2633 1107 2692; x_wconf 84' lang='lat' dir='ltr'><strong>inter-</strong></span> 
     </span>
     <span class='ocr_line' id='line_1_29' title="bbox 134 2716 1109 2792; baseline -0.004 -14"><span class='ocrx_word' id='word_1_204' title='bbox 134 2720 216 2778; x_wconf 88' lang='lat' dir='ltr'><strong>valla</strong></span> <span class='ocrx_word' id='word_1_205' title='bbox 236 2732 307 2776; x_wconf 88' lang='lat' dir='ltr'><strong>esse</strong></span> <span class='ocrx_word' id='word_1_206' title='bbox 326 2717 355 2775; x_wconf 95' lang='lat' dir='ltr'><strong>in</strong></span> <span class='ocrx_word' id='word_1_207' title='bbox 378 2733 415 2776; x_wconf 87' lang='lat' dir='ltr'><strong>ea</strong></span> <span class='ocrx_word' id='word_1_208' title='bbox 434 2733 482 2790; x_wconf 88' lang='lat' dir='ltr'><strong>re,</strong></span> <span class='ocrx_word' id='word_1_209' title='bbox 506 2732 585 2792; x_wconf 89' lang='lat' dir='ltr'><strong>quae</strong></span> <span class='ocrx_word' id='word_1_210' title='bbox 605 2724 668 2777; x_wconf 89' lang='lat' dir='ltr'><strong>tota</strong></span> <span class='ocrx_word' id='word_1_211' title='bbox 688 2716 790 2778; x_wconf 90' lang='lat' dir='ltr'><strong>brevis</strong></span> <span class='ocrx_word' id='word_1_212' title='bbox 809 2725 864 2779; x_wconf 87' lang='lat' dir='ltr'><strong>est.</strong></span> <span class='ocrx_word' id='word_1_213' title='bbox 900 2717 1048 2778; x_wconf 83' lang='lat' dir='ltr'><strong>Punctum</strong></span> <span class='ocrx_word' id='word_1_214' title='bbox 1062 2720 1109 2775; x_wconf 88' lang='lat' dir='ltr'><strong>est</strong></span> 
     </span>
     <span class='ocr_line' id='line_1_30' title="bbox 136 2793 1110 2876; baseline -0.002 -16"><span class='ocrx_word' id='word_1_215' title='bbox 136 2801 221 2876; x_wconf 89' lang='lat' dir='ltr'><strong>qnod</strong></span> <span class='ocrx_word' id='word_1_216' title='bbox 241 2799 371 2859; x_wconf 87' lang='lat' dir='ltr'><strong>vivimus</strong></span> <span class='ocrx_word' id='word_1_217' title='bbox 386 2806 417 2859; x_wconf 91' lang='lat' dir='ltr'><strong>et</strong></span> <span class='ocrx_word' id='word_1_218' title='bbox 430 2800 530 2860; x_wconf 90' lang='lat' dir='ltr'><strong>adhuc</strong></span> <span class='ocrx_word' id='word_1_219' title='bbox 545 2809 658 2876; x_wconf 88' lang='lat' dir='ltr'><strong>puncto</strong></span> <span class='ocrx_word' id='word_1_220' title='bbox 672 2801 782 2861; x_wconf 89' lang='lat' dir='ltr'><strong>minus.</strong></span> <span class='ocrx_word' id='word_1_221' title='bbox 810 2802 867 2862; x_wconf 92' lang='lat' dir='ltr'><strong>sed</strong></span> <span class='ocrx_word' id='word_1_222' title='bbox 882 2801 942 2862; x_wconf 90' lang='lat' dir='ltr'><strong>hoc</strong></span> <span class='ocrx_word' id='word_1_223' title='bbox 955 2793 1110 2860; x_wconf 83' lang='lat' dir='ltr'><strong>minimum</strong></span> 
     </span>
     <span class='ocr_line' id='line_1_31' title="bbox 136 2882 1109 2960; baseline -0.003 -16"><span class='ocrx_word' id='word_1_224' title='bbox 136 2883 241 2960; x_wconf 89' lang='lat' dir='ltr'><strong>specie</strong></span> <span class='ocrx_word' id='word_1_225' title='bbox 264 2883 396 2956; x_wconf 90' lang='lat' dir='ltr'><strong>quadam</strong></span> <span class='ocrx_word' id='word_1_226' title='bbox 415 2884 563 2958; x_wconf 83' lang='lat' dir='ltr'><strong>longioris</strong></span> <span class='ocrx_word' id='word_1_227' title='bbox 583 2884 673 2959; x_wconf 89' lang='lat' dir='ltr'><strong>spatii</strong></span> <span class='ocrx_word' id='word_1_228' title='bbox 694 2892 802 2944; x_wconf 87' lang='lat' dir='ltr'><strong>natura</strong></span> <span class='ocrx_word' id='word_1_229' title='bbox 822 2883 943 2945; x_wconf 83' lang='lat' dir='ltr'><strong>derisit=</strong></span> <span class='ocrx_word' id='word_1_230' title='bbox 971 2882 1054 2944; x_wconf 86' lang='lat' dir='ltr'><strong>aliud</strong></span> <span class='ocrx_word' id='word_1_231' title='bbox 1070 2896 1109 2942; x_wconf 82' lang='lat' dir='ltr'><strong>ex</strong></span> 
     </span>
     <span class='ocr_line' id='line_1_32' title="bbox 136 2967 1110 3042; baseline -0.002 -15"><span class='ocrx_word' id='word_1_232' title='bbox 136 2969 196 3028; x_wconf 89' lang='lat' dir='ltr'><strong>hoc</strong></span> <span class='ocrx_word' id='word_1_233' title='bbox 221 2967 376 3026; x_wconf 85' lang='lat' dir='ltr'><strong>infantiam</strong></span> <span class='ocrx_word' id='word_1_234' title='bbox 401 2967 485 3041; x_wconf 85' lang='lat' dir='ltr'><strong>iecit,</strong></span> <span class='ocrx_word' id='word_1_235' title='bbox 515 2967 597 3027; x_wconf 88' lang='lat' dir='ltr'><strong>aliud</strong></span> <span class='ocrx_word' id='word_1_236' title='bbox 622 2968 796 3042; x_wconf 87' lang='lat' dir='ltr'><strong>pueritiam,</strong></span> <span class='ocrx_word' id='word_1_237' title='bbox 825 2968 907 3027; x_wconf 88' lang='lat' dir='ltr'><strong>aliud</strong></span> <span class='ocrx_word' id='word_1_238' title='bbox 929 2967 1110 3027; x_wconf 87' lang='lat' dir='ltr'><strong>adulescen-</strong></span> 
     </span>
     <span class='ocr_line' id='line_1_33' title="bbox 136 3047 1111 3126; baseline -0.004 -13"><span class='ocrx_word' id='word_1_239' title='bbox 136 3050 227 3124; x_wconf 88' lang='lat' dir='ltr'><strong>tiam,</strong></span> <span class='ocrx_word' id='word_1_240' title='bbox 269 3050 352 3111; x_wconf 92' lang='lat' dir='ltr'><strong>aliud</strong></span> <span class='ocrx_word' id='word_1_241' title='bbox 382 3049 607 3112; x_wconf 87' lang='lat' dir='ltr'><strong>inclinationem</strong></span> <span class='ocrx_word' id='word_1_242' title='bbox 641 3051 803 3126; x_wconf 89' lang='lat' dir='ltr'><strong>quamdam</strong></span> <span class='ocrx_word' id='word_1_243' title='bbox 834 3051 873 3110; x_wconf 89' lang='lat' dir='ltr'><strong>ab</strong></span> <span class='ocrx_word' id='word_1_244' title='bbox 902 3047 1111 3111; x_wconf 86' lang='lat' dir='ltr'><strong>adulescentia</strong></span> 
     </span>
     <span class='ocr_line' id='line_1_34' title="bbox 137 3135 1111 3211; baseline -0.003 -15"><span class='ocrx_word' id='word_1_245' title='bbox 137 3137 177 3197; x_wconf 89' lang='lat' dir='ltr'><strong>ad</strong></span> <span class='ocrx_word' id='word_1_246' title='bbox 197 3141 397 3206; x_wconf 89' lang='lat' dir='ltr'><strong>senectutem,</strong></span> <span class='ocrx_word' id='word_1_247' title='bbox 419 3135 499 3194; x_wconf 88' lang='lat' dir='ltr'><strong>alind</strong></span> <span class='ocrx_word' id='word_1_248' title='bbox 522 3136 621 3211; x_wconf 86' lang='lat' dir='ltr'><strong>ipsam</strong></span> <span class='ocrx_word' id='word_1_249' title='bbox 636 3141 831 3195; x_wconf 85' lang='lat' dir='ltr'><strong>senectutem.</strong></span> <span class='ocrx_word' id='word_1_250' title='bbox 860 3135 891 3194; x_wconf 91' lang='lat' dir='ltr'><strong>in</strong></span> <span class='ocrx_word' id='word_1_251' title='bbox 907 3149 999 3209; x_wconf 86' lang='lat' dir='ltr'><strong>quam</strong></span> <span class='ocrx_word' id='word_1_252' title='bbox 1015 3148 1111 3210; x_wconf 83' lang='lat' dir='ltr'><strong>angu-</strong></span> 
     </span>
     <span class='ocr_line' id='line_1_35' title="bbox 107 3218 1113 3295; baseline -0.005 -13"><span class='ocrx_word' id='word_1_253' title='bbox 107 3227 184 3282; x_wconf 83' lang='lat' dir='ltr'><strong>4sto</strong></span> <span class='ocrx_word' id='word_1_254' title='bbox 206 3227 280 3295; x_wconf 88' lang='lat' dir='ltr'><strong>quot</strong></span> <span class='ocrx_word' id='word_1_255' title='bbox 300 3219 415 3295; x_wconf 81' lang='lat' dir='ltr'><strong>gradus</strong></span> <span class='ocrx_word' id='word_1_256' title='bbox 439 3219 555 3295; x_wconf 89' lang='lat' dir='ltr'><strong>posuitt</strong></span> <span class='ocrx_word' id='word_1_257' title='bbox 591 3218 683 3280; x_wconf 84' lang='lat' dir='ltr'><strong>Modo</strong></span> <span class='ocrx_word' id='word_1_258' title='bbox 706 3225 736 3278; x_wconf 90' lang='lat' dir='ltr'><strong>te</strong></span> <span class='ocrx_word' id='word_1_259' title='bbox 761 3225 944 3293; x_wconf 89' lang='lat' dir='ltr'><strong>prosecutus</strong></span> <span class='ocrx_word' id='word_1_260' title='bbox 968 3232 1054 3279; x_wconf 73' lang='lat' dir='ltr'><strong>sums</strong></span> <span class='ocrx_word' id='word_1_261' title='bbox 1080 3223 1113 3277; x_wconf 87' lang='lat' dir='ltr'><strong>et</strong></span> 
     </span>
     <span class='ocr_line' id='line_1_36' title="bbox 136 3300 1113 3377; baseline 0 -13"><span class='ocrx_word' id='word_1_262' title='bbox 136 3311 235 3364; x_wconf 70' lang='lat' dir='ltr'><strong>umen</strong></span> <span class='ocrx_word' id='word_1_263' title='bbox 255 3303 316 3365; x_wconf 85' lang='lat' dir='ltr'><strong>hoc</strong></span> <span class='ocrx_word' id='word_1_264' title='bbox 335 3303 444 3364; x_wconf 91' lang='lat' dir='ltr'><strong>modo</strong></span> <span class='ocrx_word' id='word_1_265' title='bbox 464 3302 572 3364; x_wconf 84' lang='lat' dir='ltr'><strong>aetatis</strong></span> <span class='ocrx_word' id='word_1_266' title='bbox 587 3312 711 3364; x_wconf 90' lang='lat' dir='ltr'><strong>nostrae</strong></span> <span class='ocrx_word' id='word_1_267' title='bbox 726 3302 807 3363; x_wconf 91' lang='lat' dir='ltr'><strong>bona</strong></span> <span class='ocrx_word' id='word_1_268' title='bbox 820 3304 921 3377; x_wconf 89' lang='lat' dir='ltr'><strong>portio</strong></span> <span class='ocrx_word' id='word_1_269' title='bbox 936 3308 998 3377; x_wconf 85' lang='lat' dir='ltr'><strong>est,</strong></span> <span class='ocrx_word' id='word_1_270' title='bbox 1022 3300 1113 3364; x_wconf 77' lang='lat' dir='ltr'><strong>emus</strong></span> 
     </span>
     <span class='ocr_line' id='line_1_37' title="bbox 136 3384 1113 3462; baseline 0 -15"><span class='ocrx_word' id='word_1_271' title='bbox 136 3385 315 3447; x_wconf 87' lang='lat' dir='ltr'><strong>brevitatem</strong></span> <span class='ocrx_word' id='word_1_272' title='bbox 339 3387 501 3462; x_wconf 89' lang='lat' dir='ltr'><strong>aliquando</strong></span> <span class='ocrx_word' id='word_1_273' title='bbox 527 3388 656 3448; x_wconf 86' lang='lat' dir='ltr'><strong>laturam</strong></span> <span class='ocrx_word' id='word_1_274' title='bbox 679 3386 857 3461; x_wconf 81' lang='lat' dir='ltr'><strong>cogitemus.</strong></span> <span class='ocrx_word' id='word_1_275' title='bbox 900 3386 967 3447; x_wconf 88' lang='lat' dir='ltr'><strong>Non</strong></span> <span class='ocrx_word' id='word_1_276' title='bbox 989 3384 1113 3447; x_wconf 83' lang='lat' dir='ltr'><strong>solebat</strong></span> 
     </span>
     <span class='ocr_line' id='line_1_38' title="bbox 136 3470 1113 3546; baseline 0.001 -17"><span class='ocrx_word' id='word_1_277' title='bbox 136 3470 209 3530; x_wconf 87' lang='lat' dir='ltr'><strong>mihi</strong></span> <span class='ocrx_word' id='word_1_278' title='bbox 229 3477 290 3529; x_wconf 88' lang='lat' dir='ltr'><strong>tarn</strong></span> <span class='ocrx_word' id='word_1_279' title='bbox 310 3470 402 3529; x_wconf 88' lang='lat' dir='ltr'><strong>velox</strong></span> <span class='ocrx_word' id='word_1_280' title='bbox 422 3478 542 3546; x_wconf 89' lang='lat' dir='ltr'><strong>tempus</strong></span> <span class='ocrx_word' id='word_1_281' title='bbox 562 3470 673 3530; x_wconf 84' lang='lat' dir='ltr'><strong>videri=</strong></span> <span class='ocrx_word' id='word_1_282' title='bbox 702 3486 783 3531; x_wconf 89' lang='lat' dir='ltr'><strong>nunc</strong></span> <span class='ocrx_word' id='word_1_283' title='bbox 797 3470 985 3530; x_wconf 89' lang='lat' dir='ltr'><strong>incredibilis</strong></span> <span class='ocrx_word' id='word_1_284' title='bbox 1000 3484 1113 3530; x_wconf 78' lang='lat' dir='ltr'><strong>cursus</strong></span> 
     </span>
    </p>
   </div>
   <div class='ocr_carea' id='block_1_6' title="bbox 0 0 1250 3930">
    <p class='ocr_par' dir='ltr' id='par_1_8' title="bbox 0 0 1250 3930">
     <span class='ocr_line' id='line_1_39' title="bbox 0 0 1250 3930; baseline 0 0"><span class='ocrx_word' id='word_1_285' title='bbox 0 0 1250 3930; x_wconf 95' lang='lat' dir='ltr'><strong> </strong></span> 
     </span>
    </p>
   </div>
  </div>
 </body>
</html>
