2468 3930
169 230 230 295 388
460 229 496 290 L.
517 227 664 290 ANNAEI
686 224 861 287 SENECAE

168 387 255 446 malis
270 381 397 459 passim.
421 382 577 456 quomado
589 381 665 442 istas
675 379 861 442 calamitates
873 394 1059 456 removeam,
1073 398 1153 458 quae

168 471 208 531 ad
229 484 277 528 me
297 468 489 541 inruperunt,
517 465 671 539 quomodo
694 464 777 537 illas,
803 465 843 524 ad
866 480 943 539 quas
965 479 1024 539 ego
1040 464 1153 542 inrupi.

168 555 262 624 Doce,
280 550 436 626 quomoda
453 550 548 608 leram
564 564 739 609 aerumnam
754 547 822 608 sine
837 546 952 623 gemitu
960 564 1043 624 meo,
1058 548 1152 611 felici·

170 644 260 697 tatem
282 636 348 694 sine
370 633 480 693 alieno.
516 633 671 708 quomodo
699 632 835 692 ultimum
856 632 915 710 [ac]
940 634 1153 695 necessarium

168 721 259 798 [vitae
273 718 444 796 terminum]
460 731 521 776 non
538 724 725 791 exspectem,
742 717 799 776 sed
813 716 953 790 ipsemet,
968 731 1039 777 cum
1050 717 1152 779 visum

126 804 237 877 ruerit,
260 802 442 877 profugium.
485 800 565 860 Nihil
579 799 652 860 milri
665 799 787 860 videtur
800 801 919 875 turpius
935 815 1028 875 quam
1043 810 1153 877 optare

167 894 305 947 mortem.
334 902 404 945 nam
426 887 510 959 sime]
530 885 577 944 vis
601 885 718 959 vivere,
745 882 819 959 quid
846 890 937 958 ‚aptas
958 884 1058 944 morit
1086 887 1152 946 sive

168 988 230 1031 nan
246 970 309 1045 vis,
333 971 407 1045 quid
423 969 500 1030 deos
514 984 623 1043 rages,
646 968 730 1043 quod
752 968 804 1029 tibi
824 966 962 1028 nascenti
978 969 1152 1031 dederuntt

168 1071 238 1115 nam
252 1060 285 1114 ut
301 1055 487 1130 quandoque
502 1052 658 1126 moriaris,
683 1052 773 1112 etiam
786 1052 881 1112 invito
897 1051 1032 1126 positum
1047 1060 1104 1128 est,
1119 1060 1151 1115 ut

168 1156 238 1200 cum
251 1140 354 1212 voles,
369 1137 400 1198 in
415 1144 467 1198 tua
479 1153 572 1197 manu
586 1143 643 1196 est.
666 1137 794 1197 alterum
808 1136 861 1196 tibi
877 1151 1008 1196 necesse
1023 1145 1087 1210 est,
1108 1139 1149 1197 al·

125 1231 263 1286 atterum
283 1223 364 1283 licet.
407 1220 629 1296 Turpissimum
648 1219 697 1279 his
719 1218 828 1280 diebus
844 1218 1028 1296 principium
1044 1221 1150 1281 diserti

168 1306 358 1367 mehercules
374 1305 431 1365 viri
446 1306 520 1379 legi:
546 1304 629 1378 „Ita,
645 1303 757 1378 inquit,
773 1306 992 1380 quamprimum
1004 1307 1149 1398 moriurf‘

167 1392 260 1452 homo
275 1391 418 1464 demens,
441 1395 530 1463 optas
548 1403 613 1450 rem
627 1396 718 1449 tuam.
763 1389 831 1462 ,Jm
847 1390 1067 1464 quamprimum
1083 1405 1149 1450 ma-

166 1479 263 1537 rtur.“
284 1476 417 1536 fortasse
434 1473 512 1533 inter
526 1472 583 1531 has
602 1487 696 1533 voces
712 1486 808 1532 senex
822 1473 921 1533 iactus
937 1488 982 1532 εε.
1011 1471 1149 1548 alioquin

168 1559 243 1632 quid
258 1559 289 1618 in
303 1575 390 1619 mora
404 1562 472 1617 εειι
492 1572 581 1615 nemo
598 1563 627 1615 te
642 1562 739 1617 taneta
761 1557 875 1629 evade,
888 1563 960 1632 ¹qua
974 1555 1077 1616 visum
1092 1564 1147 1617 est.

167 1643 246 1715 elige
262 1641 428 1717 quamlibet
438 1656 539 1700 rerum
551 1647 676 1701 naturae
686 1648 812 1715 partem,
830 1656 921 1715 quam
933 1638 987 1700 tibi
998 1639 1149 1714 praebere

170 1724 285 1784 exitum
297 1725 421 1785 lubeas:
441 1722 519 1783 haec
531 1739 641 1798 nempe
653 1731 726 1784 sunt
737 1731 779 1798 [ει
790 1726 960 1797 elementa],
975 1723 1148 1799 quibushic

169 1808 302 1870 mundus
318 1807 558 1882 administratur,
582 1824 678 1883 aqua,
698 1815 794 1883 terra,
810 1808 950 1883 spiritus:
974 1808 1076 1868 omnia
1090 1809 1148 1869 ista

125 1897 227 1952 ultam
244 1907 357 1952 causae
376 1889 500 1951 vivendi
521 1899 592 1952 sunt
607 1908 697 1966 quam
713 1891 781 1951 viae
796 1892 912 1953 mortis.
955 1891 1024 1965 ,lla
1037 1909 1148 1968 quum-

160 1978 294 2051 primum
312 1979 462 2037 marr'ur“.·
489 1973 765 2050 quamprimum
787 1975 870 2036 istud
892 1975 966 2051 quid
986 1990 1057 2036 esse
1076 1975 1149 2035 vist

168 2075 259 2134 quem
279 2060 321 2120 illi
343 2060 421 2120 diem
443 2058 555 2136 ponis?
586 2059 674 2120 citius
695 2059 761 2120 lieri
787 2076 879 2136 quam
904 2065 1009 2134 optas,
1035 2064 1146 2135 polest.

165 2141 329 2205 Inbecillae
348 2142 458 2205 mentis
478 2146 537 2205 ista
556 2150 628 2204 sunt
648 2142 742 2203 verba
756 2151 786 2204 et
799 2145 857 2204 hac
877 2143 1079 2206 detestatione
1093 2142 1145 2203 mi·

167 2227 365 2288 sericordiam
382 2228 547 2304 captantis:
569 2244 631 2288 non
646 2229 710 2288 vult
725 2228 811 2302 mori,
828 2227 880 2303 qui
895 2233 988 2303 optat.
1010 2227 1088 2288 deos
1104 2227 1146 2286 vi·

166 2320 226 2372 tam
239 2321 268 2374 et
280 2315 406 2373 salutem
417 2329 508 2387 roga:
524 2312 639 2373 simoni
650 2311 772 2386 placuit,
785 2311 834 2372 hic
843 2311 950 2372 mortis
961 2317 1010 2371 cst
1020 2312 1145 2384 fructus,

124 2404 274 2471 asoptarc
289 2397 440 2457 desinere.
463 2397 556 2472 Haec,
568 2395 722 2470 miLucili,
734 2403 907 2470 tractemus,
918 2395 967 2455 his
979 2396 1145 2455 formemus

166 2481 308 2540 animum.
336 2480 395 2542 hoc
409 2488 457 2540 est
472 2478 636 2554 sapientia,
654 2479 775 2540 horest
791 2495 915 2555 sapere,
932 2495 994 2540 non
1009 2478 1146 2554 disputa·

165 2564 308 2626 tiunculis
328 2562 470 2624 inanibus
494 2563 688 2625 subtilitatem
708 2564 907 2625 vanissimam
923 2563 1047 2638 agitare.
1090 2562 1147 2622 Tol

166 2647 363 2723 quaestiones
389 2648 511 2708 lortuna
536 2647 590 2708 tibi
616 2648 733 2723 posuit=
763 2648 899 2708 nondum
920 2647 988 2708 illas
1009 2644 1145 2707 solvistis

165 2733 225 2790 lam
251 2729 424 2790 cavillaris?
453 2748 544 2806 quam
566 2733 689 2793 stultum
711 2738 772 2807 est,
799 2748 867 2793 cum
888 2731 1008 2806 signum
1022 2745 1146 2806 pugnae

164 2812 338 2887 acceperis,
355 2815 511 2875 ventilare.
533 2832 659 2876 remove
673 2815 732 2875 ista
747 2815 863 2876 lusoria
885 2831 983 2876 mma:
1006 2814 1144 2874 decreta·

164 2897 217 2957 riis
232 2913 312 2972 opus
328 2906 383 2959 est.
408 2898 466 2973 dic,
482 2917 544 2975 qua
557 2901 674 2960 ratione
684 2901 766 2959 nulla
778 2899 908 2960 animum
919 2899 1048 2972 tristitia,
1063 2898 1145 2958 nulla

164 2981 294 3043 formido
316 2984 487 3059 perturbet,
509 3000 569 3060 qua
588 2982 707 3044 ratione
721 2984 780 3044 hcc
795 2991 981 3045 secretarum
996 2980 1144 3057 cupidita·
1180 3045 1184 3051 Δ

122 3067 237 3133 uatium
252 3068 376 3141 pondus
392 3067 556 3129 effundam.
577 3074 684 3144 agatur
695 3066 820 3143 aliquid.
842 3066 1019 3143 „Sapientia
1030 3065 1145 3127 bonurn

165 3159 219 3224 est,
236 3167 347 3227 sapere
361 3169 422 3213 non
440 3159 488 3214 est
501 3152 651 3212 bonum“=
675 3153 720 3212 sic
734 3153 776 3228 lit,
791 3151 845 3231 [ut]
861 3167 1007 3227 negemur
1021 3165 1143 3226 sapere,

164 3241 196 3295 ut
215 3234 275 3296 hoc
295 3243 391 3298 totum
413 3237 546 3297 studium
561 3236 735 3297 derideatur
748 3244 903 3311 tamquam
917 3242 1077 3312 operatum
1092 3250 1143 3294 su-

164 3320 337 3392 pervacuis.
363 3320 450 3395 Quid,
466 3318 493 3380 si
508 3320 604 3382 scires
620 3321 711 3381 etiam
725 3320 798 3381 illud
814 3319 928 3396 quaeri,
944 3335 989 3379 an
1003 3319 1144 3380 bonum

164 3401 215 3462 sit
233 3404 365 3464 lutura
384 3404 601 3479 sapientia?
623 3403 790 3481 quidecim
805 3404 889 3464 dubii
905 3410 960 3478 est,
978 3418 1032 3464 oro
1048 3410 1088 3478 te,
1104 3417 1145 3461 an

163 3501 220 3545 nec
242 3502 376 3548 messam
402 3489 533 3550 futuram
558 3489 618 3548 iam
638 3488 769 3549 sentiant
792 3488 905 3549 horrea
928 3503 986 3549 nec
1012 3487 1145 3548 futuram
