2468 3930
179 246 243 311 474
348 250 379 306 L.
397 247 571 306 Annuus
584 246 729 305 suumn
743 245 992 304 GORDUBENSIS

181 404 256 460 enim
270 409 301 459 nt
315 403 371 470 sis,
384 417 443 456 non
457 402 548 456 solum
563 416 619 455 non
636 401 762 471 nocebis,
777 398 830 456 sed
841 401 925 455 etiam
939 405 1076 456 nocentes
1085 416 1153 471 pro·

179 487 300 543 hibebis.
332 501 396 540 nam
416 483 486 540 nihil
506 500 609 539 nocere
628 501 685 540 non
699 491 743 540 est
762 484 883 554 iustitia,
908 482 961 539 scd
980 484 1152 540 abstinentia

181 572 265 626 alieni
281 574 334 624 est
362 569 407 624 Ab
422 567 468 623 his
484 584 553 640 ergo
567 568 674 640 incipe,
688 575 790 624 utnon
800 570 924 628 auferas.
947 572 977 622 ct
989 566 1028 622 ad
1041 568 1152 623 maiora

178 653 353 724 provehere,
376 658 407 707 nt
430 653 515 706 etiam
534 655 570 708 ab
591 653 654 708 aliis
683 654 775 708 ablata
792 653 942 719 restituam
965 657 1152 724 raptoresque

150 738 258 809 iipsos
272 752 307 791 ne
325 736 389 791 aliis
402 735 518 791 timendi
536 736 601 806 sint,
617 738 726 808 castiga
738 742 768 791 et
781 734 893 790 cohibe.
922 735 966 790 lix
980 737 1057 790 nulla
1071 737 1152 792 vocis

181 821 362 893 ambiguitate
376 821 597 876 controversiam
613 826 724 888 nectes,
741 818 794 874 sed
808 819 968 890 qualitatem
983 821 1070 875 animi
1087 837 1152 891 spe

180 906 285 960 celare.
311 901 388 960 Nihil
401 904 450 959 tibi
466 903 583 971 intersit,
596 903 748 971 adfirmes,
763 919 800 958 an
816 904 908 959 iurcs=
923 903 960 958 de
973 904 1114 975 religione
1125 910 1152 957 ct

179 987 235 1043 tide
265 989 340 1044 scias
366 988 413 1060 egi
435 989 602 1058 ubicumque
624 987 661 1042 de
685 987 804 1042 veritate
826 991 967 1042 tractatur.
1009 1003 1075 1041 nam
1097 989 1150 1042 etsi

179 1072 208 1126 in
229 1070 411 1126 iureiurando
429 1070 502 1126 deus
522 1086 580 1127 non
599 1074 800 1128 invocetnr-
814 1072 899 1126 etiam
915 1087 974 1126 nou
992 1071 1152 1126 invocantis

179 1155 259 1210 testis
281 1161 340 1224 est,
365 1183 403 1194 ·-
431 1159 524 1210 tamen
545 1170 603 1209 non
627 1155 749 1210 transies
774 1155 935 1224 veritatem,
964 1169 1003 1208 ne
1028 1155 1152 1210 iustitiae

151 1239 307 1294 btranseas
322 1238 425 1311 legem.
453 1237 536 1307 Quod
551 1239 577 1294 si
596 1237 748 1310 aliqnando
770 1239 921 1294 coarcteris
937 1239 978 1294 nti
991 1238 1151 1303 mendacio,

179 1329 258 1379 utere
273 1338 330 1378 non
345 1320 382 1377 ad
397 1323 461 1378 lelsi
477 1324 601 1378 fructum
615 1322 668 1378 sed
681 1321 721 1378 ad
735 1322 797 1376 veri
812 1321 980 1378 custodiam.
1000 1323 1068 1377 etsi
1082 1338 1154 1378 con·

179 1407 274 1479 tigerit
289 1405 452 1461 fidelitatem
467 1405 616 1462 mendacio
629 1405 741 1476 redimi,
754 1420 811 1459 non
823 1407 977 1474 mentieris,
990 1404 1045 1460 sed
1057 1408 1152 1477 potins

180 1491 347 1560 excusabis,
371 1490 437 1560 quia
456 1490 502 1545 ubi
520 1488 642 1545 honesta
662 1496 829 1558 causaest,
854 1490 944 1545 iustus
962 1497 1074 1546 secreta
1095 1506 1151 1544 nou

151 1573 281 1646 6prodit.
315 1572 434 1628 tacende
450 1575 524 1629 enim
541 1579 628 1641 tacet,
644 1572 786 1645 loquenda
800 1574 937 1644 loquitur;
961 1579 1046 1644 atque
1060 1575 1100 1628 ita
1113 1570 1151 1628 illi

178 1672 235 1727 pax
252 1660 295 1711 est
313 1662 411 1728 aperta
431 1663 459 1712 et
474 1673 575 1712 secura
588 1657 783 1729 tranquillitas.
813 1657 890 1712 llaec
906 1673 976 1730 ergo
991 1658 1016 1712 si
1037 1656 1152 1713 studere

179 1741 337 1808 curaveris,
361 1741 452 1794 laetus
473 1746 501 1795 et
521 1739 677 1811 intrepidus
693 1756 794 1796 cursus
817 1741 856 1796 tui
876 1741 962 1796 tinem
984 1746 1153 1813 exspectans

178 1823 335 1894 prospicies
362 1815 464 1898 [haec]
494 1824 585 1879 tristia
608 1822 692 1879 huius
716 1822 814 1879 mundi
839 1824 954 1895 hilaris,
983 1826 1149 1881 tumultuosa

179 1908 305 1976 quietus,
323 1910 450 1961 extrema
469 1923 595 1962 secums.

263 1987 310 2043 Vl.
333 1986 384 2062 [De
399 1988 575 2047 moderanda
587 1990 761 2062 prudentie]

152 2085 166 2136 1
240 2073 290 2129 His
305 2089 374 2145 ergo
389 2073 607 2130 institutionibus
621 2074 677 2130 hae
691 2080 811 2146 quatuor
821 2075 954 2130 vimulum
964 2074 1076 2146 species
1087 2089 1153 2146 per-

179 2158 282 2214 lectum
293 2163 319 2213 te
331 2158 433 2212 iactent
447 2160 548 2227 virum,
563 2159 587 2214 si
598 2175 757 2214 mensnram
769 2158 944 2214 recitudinis
955 2174 1053 2214 earum
1061 2173 1151 2230 aequo

151 2252 168 2303 2
181 2241 297 2298 vivendi
311 2241 367 2296 tine
382 2244 554 2302 servaveris.
580 2242 652 2298 Nam
665 2241 816 2314 prudentia
831 2243 856 2298 si
872 2243 1008 2298 terminos
1023 2259 1091 2298 suos
1106 2257 1152 2296 ex·

180 2326 280 2395 cedat,
303 2324 420 2382 callidus
436 2342 471 2381 ec
485 2326 610 2399 pavendi
624 2326 849 2398 conminuere,
868 2325 1054 2402 investigator
1067 2327 1152 2386 laten·

178 2410 247 2469 tium
263 2416 290 2469 et
305 2415 442 2468 scrutator
463 2411 699 2486 qualiumcunque
716 2430 854 2469 noxarum
874 2413 1044 2470 ostenderis.
1076 2421 1153 2469 nott·

178 2499 254 2553 beris
268 2498 400 2569 minutus,
417 2496 592 2569 suspiciosus
608 2493 651 2575 [et
666 2491 871 2575 contemptus],
890 2504 1022 2570 attentus,
1041 2512 1153 2569 semper

179 2579 284 2652 aliquid
307 2582 422 2649 timens,
448 2576 576 2658 [semper
599 2581 706 2654 aliquid
728 2582 859 2638 dubitans
867 2575 891 2660 ,]
915 2598 1029 2654 semper
1047 2580 1153 2653 aliquid

179 2679 334 2734 quaerens,
361 2680 474 2735 semper
494 2665 601 2737 aliquid
624 2667 810 2734 convincens,
838 2667 933 2737 etqui
953 2665 1153 2722 subtilissimas

177 2747 355 2816 suspiciones
380 2753 443 2803 tuas
466 2748 503 2802 ad
528 2748 780 2820 reprehensionem
803 2750 922 2806 alienius
944 2750 1086 2822 impingas
1104 2750 1153 2806 ad·

151 2829 268 2896 amissi.
300 2824 362 2904 [al’.
384 2828 421 2884 ad
443 2830 527 2886 animi
548 2833 585 2887 tui
607 2832 861 2905 apprehensionem
882 2829 1050 2910 impingas]
1076 2849 1154 2889 mon·

179 2910 311 2969 straberis
333 2911 420 2985 digito
437 2918 498 2969 astu
512 2915 623 2986 plenus,
643 2918 805 2990 versipellis
820 2923 848 2974 et
862 2917 1049 2990 simplicitatis
1063 2917 1153 2974 inimi·

178 3013 244 3065 cus,
269 2997 536 3069 commendatorque
556 3001 719 3073 culparum,
744 3007 772 3056 et
793 3007 935 3074 postremo
957 3018 1014 3058 uno
1041 3002 1153 3057 nomine

177 3082 326 3138 vocaberis
349 3083 490 3139 acunctis
509 3085 600 3141 malus
621 3085 717 3140 homo.
746 3085 778 3139 ln
793 3084 849 3140 has
868 3102 938 3158 ergo
958 3087 1089 3142 maculas
1104 3086 1153 3140 im·

176 3169 338 3221 mensurata
353 3165 502 3237 prudentie
518 3163 574 3244 [te]
588 3168 733 3241 perducet.
759 3169 924 3240 Quicunque
939 3171 968 3224 in
985 3170 1034 3224 illa
1047 3168 1155 3224 medio·

177 3249 217 3303 cri
231 3249 311 3304 lance
325 3251 464 3320 persistit,
486 3267 538 3307 nec
553 3256 682 3309 obtusum
701 3253 730 3308 in
748 3268 779 3308 se
795 3252 902 3325 aliquid
917 3252 1002 3309 habet
1021 3269 1076 3309 nec
1090 3268 1155 3309 ver·

178 3338 278 3389 sutum.

259 3413 319 3470 vu.
341 3412 396 3491 [De
410 3416 583 3475 moderanda
597 3417 846 3498 magnanimitate]

176 3503 191 3556 l
235 3499 453 3570 Magnanimitas
473 3509 565 3559 autem
588 3505 613 3560 si
636 3521 667 3560 se
689 3510 769 3560 extre
785 3505 900 3562 modum
924 3519 1008 3561 suum
1025 3503 1154 3563 extolletv
