2468 3930
972 163 990 180 Ο

166 220 447 285 aelswardus.
467 225 539 286 LlB.
550 226 658 286 xvtll.
676 226 734 290 ΕΡ.
745 234 772 288 4.
786 237 812 288 5.
834 236 996 302 (tot-108.)
1017 226 1079 294 ³51

63 413 66 417 ·
98 372 209 449 recipit
224 374 351 449 animus,
366 375 426 435 hoc
442 390 478 436 se
488 373 586 451 magis
597 377 689 436 laxat.
703 376 787 438 Haec
801 377 891 438 nobis
903 380 1111 455 praeciperes

98 462 236 523 Attalum
248 460 384 532 memini,
401 475 469 520 cum
486 460 622 520 scholam
638 460 704 521 eius
723 459 937 522 obsideremus
953 470 982 522 et
992 463 1081 538 primi

100 544 276 606 veniremus
298 552 329 605 et
348 543 507 603 novissimi
528 541 696 618 exiremus,
727 543 929 606 ambulantem
956 563 1081 622 quoque

100 631 185 691 illum
206 629 247 689 ad
265 627 385 702 aliquas
407 626 631 702 disputationes
646 643 860 704 evocaremus,
885 647 945 691 non
967 639 1080 693 tantum

102 720 241 789 paratum
255 711 459 784 discentibus,
474 710 530 771 sed
545 710 677 771 obvium.
712 711 838 784 ,‚ldem,
853 713 965 788 inquit,
981 723 1011 776 et
1025 716 1080 776 do-

103 797 184 858 cenli
202 802 233 856 et
253 793 383 855 discenti
398 795 491 855 debet
503 810 574 855 esse
590 795 796 870 propositum:
818 802 851 855 ut
864 797 915 856 ille
929 799 1080 873 prodesse

101 880 190 954 velit,
210 879 261 939 hic
276 879 455 954 proficerem
485 878 540 952 Qui
560 879 599 938 ad
620 877 838 953 philosophum
852 880 948 951 venit,
971 881 1109 942 cotidiel

102 964 219 1040 aliquid
240 978 345 1024 secum
364 961 439 1023 boni
459 963 551 1023 ierat:
578 970 632 1022 aut
652 961 756 1022 sanior
773 962 897 1022 domum
910 965 1015 1024 redeat
1030 974 1082 1026 aut

102 1047 282 1109 sanabilior:
304 1046 413 1107 redibit
424 1053 540 1106 autema
562 1061 599 1105 ea
612 1044 715 1122 [enim]
732 1045 946 1122 philosophiae
962 1048 1007 1107 vis
1025 1055 1082 1121 est,

101 1141 134 1193 ut
156 1147 218 1191 non
238 1131 409 1202 studentes,
433 1130 490 1190 sed
511 1131 602 1190 etiam
622 1138 841 1190 conversantes
861 1130 953 1190 iuvet
980 1130 1037 1204 Qui
1051 1132 1081 1190 in

103 1216 203 1276 solem
218 1214 316 1286 veuit,
331 1212 402 1274 licet
417 1228 479 1272 non
494 1212 524 1273 in
539 1214 599 1273 hoc
616 1211 746 1285 venerit,
764 1214 957 1274 colorabitur.
982 1213 1034 1289 qui
1050 1215 1081 1274 in

102 1297 303 1374 unguentaria
319 1298 445 1358 taberna
464 1299 646 1359 resederunt
664 1304 696 1357 et
709 1299 802 1372 paulo
818 1296 931 1358 diutius
948 1314 1081 1359 commo-

102 1384 159 1444 rati
179 1388 266 1454 sunt,
290 1382 416 1441 odorem
438 1397 542 1441 secum
564 1379 624 1443 loci
638 1382 747 1441 lerunt.
777 1388 807 1441 et
823 1381 875 1456 qui
889 1381 929 1441 ad
944 1382 1081 1457 philoso-

103 1467 196 1544 phum
213 1466 348 1538 luerunt,
371 1466 517 1526 traxerint
532 1465 647 1540 aliquid
663 1480 794 1525 necesse
808 1473 870 1539 est,
889 1467 973 1541 quod
989 1468 1081 1541 prod·

103 1557 188 1612 esset
201 1545 292 1610 eliam
303 1549 543 1624 neglegentibus.
565 1549 712 1622 adtende,
730 1549 804 1624 quid
816 1549 930 1609 dieam=
948 1551 1081 1625 negle-

103 1634 305 1712 gentibus,
331 1650 391 1694 non
416 1632 739 1708 repugnantibus.
769 1633 867 1707 „Quid
892 1641 988 1710 ergot
1019 1641 1108 1694 nond

103 1718 245 1780 novimus
268 1718 434 1793 quosdam,
456 1719 508 1792 qui
528 1718 629 1778 multis
650 1717 731 1792 apud
755 1717 972 1793 philosophum
993 1719 1082 1779 aunis

104 1802 297 1879 persederint
311 1809 341 1861 et
354 1818 393 1862 ne
408 1803 543 1862 colorem
558 1802 680 1877 quidem
697 1800 884 1862 duxerintt“
903 1803 1013 1877 Quidni
1028 1819 1082 1863 no-

106 1885 222 1947 verim?
255 1886 518 1961 pertinacissimos
540 1886 663 1961 quidem
684 1893 714 1946 et
733 1886 896 1959 adsiduos,
922 1903 1002 1962 quos
1024 1903 1082 1963 ego

104 1987 166 2031 non
182 1969 353 2045 discipulos
367 1969 634 2045 philosophorum,
650 1970 707 2031 sed
721 1970 888 2045 inquilinos
903 1987 990 2032 voco.
1013 1969 1112 2045 Qui-c

106 2055 176 2114 darn
195 2055 321 2114 veniunt
341 2061 374 2115 ut
395 2053 532 2128 audiant,
556 2069 617 2114 non
637 2060 672 2113 ut
691 2054 825 2128 discant,
847 2054 927 2114 sicut
945 2055 975 2114 in
998 2055 1081 2115 thea-

104 2145 184 2199 trum
205 2137 370 2213 voluptatis
392 2153 487 2198 causa
508 2138 546 2197 ad
562 2137 759 2197 delectandas
775 2152 865 2196 aures
881 2139 1019 2197 oratione
1034 2139 1082 2198 vel

103 2238 184 2283 voce
197 2222 247 2281 vel
268 2221 378 2282 sabulis
399 2222 546 2281 ducimur.
578 2236 718 2294 magnam
732 2221 812 2279 hauc
827 2219 998 2282 auditorum
1014 2238 1077 2296 par·

103 2315 165 2368 tem
184 2305 320 2378 videbis,
340 2306 389 2366 cui
410 2303 586 2380 philosophi
607 2304 714 2365 schola
735 2305 936 2364 diversorium
958 2305 1011 2365 otii
1035 2306 1082 2366 sit.

104 2407 167 2451 non
187 2388 219 2449 id
240 2397 347 2464 agunt,
367 2396 400 2449 ut
422 2389 523 2463 aliqua
545 2389 596 2448 illo
618 2386 692 2447 vitia
712 2388 882 2464 deponant,
901 2395 936 2449 ut
950 2386 1083 2462 aliquam

104 2477 204 2549 legem
226 2472 305 2533 vitae
326 2472 490 2548 accipiant,
514 2488 575 2548 qua
594 2487 696 2532 mores
718 2488 792 2532 suos
815 2471 951 2546 exigant,
974 2472 1031 2531 sed
1053 2479 1086 2531 ut

105 2558 329 2618 oblectamento
354 2555 472 2618 aurium
494 2558 698 2632 pertruantur.
734 2556 828 2631 aliqui
846 2562 947 2616 tamen
969 2562 999 2615 et
1015 2571 1083 2615 cum

104 2641 306 2718 pugillaribus
321 2643 459 2714 veniunt,
475 2658 537 2702 non
550 2648 648 2702 utres
665 2638 834 2715 excipiant,
858 2641 915 2700 sed
931 2649 965 2700 ut
980 2639 1083 2715 verba,

105 2740 186 2801 quae
207 2731 268 2784 tam
288 2725 355 2785 sine
378 2727 517 2800 proiectu
537 2723 637 2786 alieno
653 2724 755 2785 dicant
769 2741 860 2800 quam
876 2725 943 2786 sine
959 2739 1017 2785 suo
1031 2740 1083 2784 au-

105 2809 200 2869 diunt.
242 2807 369 2881 Quidam
390 2810 429 2869 ad
449 2809 624 2884 magnificas
640 2825 735 2870 voces
757 2809 927 2870 excitantur
943 2815 971 2869 et
986 2814 1111 2870 trans-7

104 2898 179 2953 eunt
199 2892 230 2951 in
251 2893 403 2953 adlectum
425 2893 589 2954 dicentium
608 2896 726 2954 alacres
746 2894 832 2954 voltu
846 2902 876 2955 et
888 2895 1005 2966 animo,
1026 2909 1084 2954 nec

105 2976 192 3036 aliter
213 2977 404 3037 concitantur
424 2994 514 3053 quam
535 2979 636 3038 solent
648 2977 771 3055 Phrygii
791 2977 923 3039 tibicinis
942 2991 1019 3037 sono
1035 2992 1080 3036 se

104 3058 204 3120 miviri
225 3067 314 3120 etex
337 3061 464 3136 imperio
487 3064 631 3122 furentes.
659 3061 739 3136 rapit
752 3061 822 3120 illos
837 3061 1022 3135 instigatque
1036 3073 1084 3118 re·

103 3161 173 3206 rum
188 3143 396 3219 pulchritudo,
414 3162 473 3205 non
490 3145 653 3206 verborum
669 3145 802 3205 inanium
818 3144 946 3205 sonitus.
969 3142 995 3202 si
1011 3142 1084 3216 quid

104 3225 216 3289 acriter
230 3236 337 3290 contra
351 3238 478 3291 mortem
493 3229 674 3301 dictumest,
690 3228 716 3287 si
732 3226 806 3303 quid
818 3234 922 3288 contra
934 3228 1085 3286 fortunam

95 3312 339 3386 contumaciter,
360 3313 445 3374 iuvat
462 3312 615 3389 protinus,
638 3327 718 3387 quae
733 3311 856 3385 audias,
875 3310 986 3370 lacere.
1009 3307 1083 3369 adli-

105 3396 228 3458 eiuntur
241 3397 300 3458 illis
316 3405 346 3458 et
360 3404 445 3470 sunt,
468 3398 575 3473 quales
590 3395 744 3469 iubentur,
767 3395 794 3457 si
809 3395 859 3455 illa
873 3394 972 3455 animo
988 3393 1085 3453 lorma

103 3489 298 3558 permaneat,
320 3481 346 3542 si
366 3498 428 3543 nou
447 3481 583 3557 inpetum
605 3480 755 3556 insignem
777 3479 917 3556 protinus
939 3477 1083 3556 populus,
