2468 3930
141 205 204 270 ³32
432 205 465 264 t.
487 204 635 265 ANNAEI
650 203 832 267 SENECAE

107 361 264 433 altarum,
287 357 314 418 si
329 358 481 431 licuisset,
497 356 639 418 ulterius:
666 357 792 417 iuvabat
807 357 846 417 de
862 357 1042 427 aeternitate
1059 357 1122 418 ani·

138 449 256 504 marum
277 458 440 516 quaerere,
464 441 553 504 immo
573 441 764 502 mehercules
787 441 922 501 credere.
958 442 1122 503 credebam

138 529 218 588 enim
242 541 291 586 mc
312 527 400 585 iacile
418 525 615 600 opinionibus
630 540 811 600 magnorum
826 526 959 587 virorum
972 541 1039 585 rem
1055 542 1122 602 gra·

137 611 286 672 tissimum
308 609 545 684 promittentium
560 610 657 684 magis
673 625 764 683 quam
777 607 983 684 probantium.
1009 608 1122 671 dabam

138 710 186 754 me
201 693 270 769 spei
284 699 396 755 tantae.
416 693 477 753 iam
494 709 577 754 eram
593 693 715 754 lastidio
730 693 818 768 mibi,
834 693 894 753 iam
910 693 1061 768 reliquias
1072 690 1121 754 aess

136 779 206 839 tatis
221 779 368 838 infractae
384 779 615 838 contemnebam
629 776 660 837 in
675 778 847 839 inmensum
862 776 937 837 illud
952 783 1074 853 tempus
1094 783 1123 838 et

136 863 167 921 in
183 863 415 937 possessionem
435 863 534 922 omnis
555 861 625 921 aevi
644 861 842 923 transiturus:
865 877 934 922 cum
949 859 1050 923 subito
1069 877 1120 922 ex-

137 948 332 1022 pergelactus
353 963 421 1008 sum
438 947 570 1022 epistula
583 953 636 1007 tua
651 953 778 1021 accepta
792 952 897 1006 ettam
911 945 1024 1007 bellum
1040 960 1120 1006 som-

137 1031 218 1090 nium
233 1030 364 1106 perdidi.
391 1030 476 1106 quod
490 1037 644 1104 repetam,
660 1030 687 1090 si
698 1035 728 1090 te
740 1029 900 1104 dimisero,
916 1036 947 1090 et
957 1027 1120 1098 redimam.

104 1115 261 1189 allegas
285 1130 340 1175 me
360 1115 493 1190 epistula
513 1115 676 1189 pr[oa]ima
697 1121 818 1175 totam
845 1113 1121 1188 quaestionem

137 1199 399 1274 explicuisse,
422 1199 459 1258 in
485 1215 558 1274 qua
585 1198 751 1274 probare
777 1197 950 1258 conabar
976 1195 1009 1256 id
1036 1197 1118 1274 quod

136 1283 249 1345 nostris
264 1284 379 1358 placet,
395 1283 629 1355 claritatem,
643 1298 740 1357 quae
755 1288 844 1358 post
858 1288 1015 1342 mortem
1032 1297 1103 1342 eon

136 1367 269 1442 tingit,
288 1365 429 1427 bonum
450 1382 550 1427 esse.
579 1366 610 1425 id
626 1366 706 1428 enirn
721 1381 769 1426 me
785 1382 848 1426 non
865 1363 1015 1438 solvisse,
1035 1365 1120 1441 quod

137 1452 302 1528 obponitur
323 1448 428 1510 nobis:
458 1451 614 1525 ‚,nullum,
636 1449 791 1526 inquiunt,
814 1450 929 1510 bonum
947 1465 987 1510 ex
1005 1449 1119 1512 distan-

102 1536 226 1598 4tibus.
254 1535 314 1595 hoc
337 1541 438 1595 autem
453 1551 492 1594 ex
508 1534 692 1596 distantibus
709 1539 860 1596 constat.“
887 1533 976 1608 Quod
991 1532 1117 1596 interro⁴

135 1636 205 1695 gas,
227 1619 268 1678 mi
281 1619 392 1692 Lucili,
414 1619 553 1679 eiusdem
570 1619 760 1695 quaestionis
775 1625 837 1694 est,
853 1618 912 1679 loci
927 1615 1068 1694 alterius,
1090 1624 1120 1678 et

134 1703 205 1762 ideo
219 1719 281 1763 non
297 1702 502 1776 hortantum,
524 1703 581 1762 sed
596 1704 655 1763 alia
671 1718 796 1779 quoque
811 1704 920 1763 eodem
937 1701 1119 1777 pertinentia

135 1786 321 1846 distuleram.
348 1787 500 1862 quaedam
517 1786 611 1861 enim,
628 1793 662 1848 ut
676 1786 755 1861 scis,
775 1787 943 1847 moralibus
958 1786 1120 1847 rationalia

134 1870 260 1931 inmixta
271 1876 351 1931 sunt.
374 1869 478 1946 itaque
487 1870 569 1931 illam
580 1878 695 1945 partem
708 1877 822 1932 rectam
834 1879 864 1933 et
877 1871 918 1932 ad
931 1884 1034 1930 mores
1048 1885 1119 1945 per·

134 1955 279 2015 tinentem
299 1955 442 2015 tractavi:
469 1956 618 2030 numquid
635 1958 757 2017 stultum
779 1955 825 2017 sitt
841 1971 878 2016 ao
892 1968 1119 2030 supervacuum

134 2041 214 2100 ultra
229 2046 398 2100 extremum
414 2039 494 2099 diem
509 2056 599 2099 curas
613 2040 832 2112 transmittere,
856 2056 895 2099 an
910 2038 1020 2105 cadant
1033 2034 1120 2099 bona

134 2129 241 2183 nostra
261 2123 424 2184 nobiscum
444 2122 581 2200 nihilque
602 2124 641 2186 sit
654 2124 739 2198 eius,
757 2125 809 2199 qui
823 2125 925 2184 nullus
940 2128 1003 2196 est,
1024 2137 1065 2182 aa
1079 2137 1120 2182 ex

135 2222 188 2281 eo,
212 2208 311 2282 quod,
334 2223 402 2268 cum
418 2206 488 2282 erit,
512 2208 634 2269 sensuri
653 2225 715 2269 non
736 2213 1048 2282 sumus,‘antequam
1071 2207 1119 2279 sit,

103 2291 246 2367 reliquis
269 2293 393 2365 tructus,
410 2293 526 2368 percipi
547 2299 599 2353 aut
621 2293 682 2369 peti
705 2293 816 2369 possit.
845 2292 931 2352 Haec
951 2287 1054 2373 omnia
1079 2289 1118 2349 ad

134 2391 237 2437 mores
253 2382 410 2452 spectant:
429 2378 533 2452 itaqua
548 2393 605 2440 suo
620 2378 690 2438 loco
706 2377 809 2453 posita
825 2383 912 2437 sunta
939 2381 1085 2451 atquae
1102 2388 1120 2433 a

135 2459 363 2522 dialecticis
390 2468 524 2521 contra
548 2461 646 2521 hano
674 2460 897 2537 opinionem
925 2457 1118 2532 dicuntur,

135 2545 381 2621 segreganda
403 2534 558 2606 luerunt
580 2552 611 2605 et
633 2544 703 2605 ideo
730 2544 868 2621 seposita
892 2549 984 2604 sunt·
1005 2543 1118 2614 Nunc,

136 2627 225 2703 quia
240 2627 367 2689 omnia
383 2628 525 2704 exigis,
542 2627 684 2703 omnia,
706 2644 803 2704 quae
819 2626 968 2702 dicunt,
981 2640 1118 2701 perse·

103 2719 119 2774 6
136 2729 247 2787 quar,
264 2710 375 2771 deinde
385 2711 514 2786 singulis
527 2727 695 2773 occurram.
717 2713 783 2773 Nisi
795 2711 910 2795 aliquid
925 2710 1118 2788 praedixero,

134 2796 267 2869 intellegi
282 2811 344 2853 non
368 2803 524 2870 poterunt,
546 2812 626 2871 quae
646 2797 832 2858 refellentur.
860 2796 933 2873 quid
949 2801 1012 2867 est,
1035 2793 1120 2868 quod

134 2878 313 2954 praedicere
325 2879 437 2939 velimt
459 2881 646 2954 quaedam
662 2881 843 2942 continua
859 2894 931 2941 esse
943 2892 1120 2954 corpora,

134 2971 168 3024 ut
190 2962 354 3023 hominem.
389 2965 576 3039 quaedam
601 2981 672 3026 esse
698 2965 921 3040 conposita,
945 2968 977 3023 ut
997 2977 1118 3036 navem,

135 3048 275 3122 domum,
303 3047 405 3109 omnia
430 3048 578 3123 denique,
608 3065 738 3124 quorum
764 3049 906 3110 diversae
927 3053 1031 3122 partes
1052 3043 1119 3107 iun·

135 3139 221 3194 ctura
242 3132 272 3192 in
293 3149 388 3193 unum
404 3140 529 3194 coactae
550 3140 631 3195 sunt.
660 3133 846 3209 quaedam
868 3148 914 3192 ex
933 3129 1119 3192 distanti·

133 3217 220 3291 bus,
244 3233 374 3293 quorum
396 3217 497 3278 adhuc
523 3217 658 3277 membra
686 3224 829 3293 separata
853 3222 938 3290 sunt,
963 3220 1120 3290 tamquam

135 3302 304 3377 exercitae,
319 3302 467 3377 populus,
484 3309 619 3362 senatus.
642 3299 685 3361 illi
700 3302 796 3376 enim,
814 3317 871 3378 per
885 3315 965 3376 quos
977 3300 1038 3360 ista
1051 3313 1120 3359 cor-

135 3402 213 3460 pora
232 3386 419 3458 alliciuntur,
442 3385 508 3445 iure
529 3385 582 3446 aut
606 3385 709 3446 cilicio
735 3386 916 3457 cohaerent,
944 3391 1052 3444 natura
1075 3379 1120 3441 di·

103 3467 218 3532 iduati
232 3476 262 3529 et
278 3470 389 3545 singuli
405 3468 484 3530 su'nt.
515 3468 593 3542 Quid
614 3475 676 3544 est,
698 3471 783 3546 quod
803 3469 976 3531 etiamnunc
996 3463 1120 3544 praedi·
