2468 3930
229 264 507 327 heiswillari.
529 266 601 326 LlB.
613 267 691 326 XVI.
712 266 773 326 ΕΡ.
785 274 811 328 3.
823 275 850 328 i.
872 273 929 340 (98.
945 274 1003 340 99.)
1046 265 1108 330 321

129 413 296 494 delectant,
311 414 388 480 haec
403 415 647 494 exspectatione,
663 418 713 478 illa
726 420 887 479 memoria=
911 420 968 478 sed
982 421 1109 480 alterum

129 505 244 582 pendet
258 511 289 564 et
303 498 363 564 nnn
379 503 445 563 fieri
459 509 576 578 potest,
591 504 717 562 altemm
732 519 793 563 non
808 511 911 579 potest
926 519 986 563 non
1003 505 1108 565 luisse.

89 652 96 665 ,
130 589 200 665 quis
223 603 296 661 ergo
319 590 403 648 luror
423 594 470 646 est
491 587 659 647 certissimo
683 587 847 648 excideret
872 588 1110 662 adquiescamus

129 672 182 748 iis,
211 687 290 748 quae
309 672 368 731 iam
390 670 563 745 hausimus,
589 671 727 730 simodo
750 688 812 731 non
833 673 986 746 perforato
1010 674 1109 733 animo

129 754 345 817 hauriebamus
362 762 391 816 et
408 752 627 819 transmittente
642 754 789 830 quiequid
805 763 975 831 acceperat.
1019 757 1138 826 innuo

130 839 287 901 morabilis
302 848 372 900 sunt
387 840 528 915 exempla
542 841 663 913 eorum,
687 837 739 913 qui
757 838 872 900 liberos
895 839 1020 900 iuvenes
1043 841 1110 901 sine

130 922 263 984 lacrimis
275 923 444 996 extulerint,
458 924 509 999 qui
522 923 551 982 in
564 930 702 983 senatum
714 928 767 982 aut
777 923 808 981 in
819 923 944 997 aliquod
955 922 1110 999 publicum

132 1007 267 1068 cilicium
281 1023 299 1065 a
313 1022 389 1081 rogo
404 1007 548 1067 redierint
562 1015 592 1066 ct
613 1007 711 1066 statim
734 1007 816 1066 aliud
835 1007 960 1081 egerint.
988 1023 1045 1068 nec
1066 1009 1110 1068 in-

131 1091 253 1151 merito:
282 1106 352 1150 nam
372 1092 502 1166 primum
522 1105 748 1165 supervacuum
772 1097 819 1150 est
840 1091 958 1162 dolere,
986 1092 1013 1151 si
1037 1091 1110 1152 nihil

132 1175 265 1235 dolendo
282 1175 435 1250 proficias.
458 1175 569 1235 deinde
590 1175 759 1249 iniquum
774 1181 833 1234 est
854 1174 962 1248 queri
984 1175 1029 1234 de
1050 1193 1109 1250 eo,

132 1259 234 1334 quod
255 1260 319 1317 nni
340 1257 501 1332 accidit,
519 1257 696 1320 omnihus
716 1264 850 1318 restat.
873 1258 984 1318 deinde
1005 1259 1110 1320 desi·

132 1341 231 1403 derii
254 1343 373 1403 stulta
394 1342 629 1417 conquestio
652 1348 727 1415 est,
755 1342 819 1403 ubi
840 1341 1032 1402 minimum
1054 1344 1109 1402 in-

130 1420 373 1488 terestinter
388 1427 568 1486 amissum
583 1433 619 1485 et
634 1425 937 1486 desiderantem
958 1427 1111 1502 coitaque

131 1510 278 1585 aequiore
295 1511 394 1570 animo
411 1525 482 1570 esse
496 1510 659 1583 dehemus,
676 1509 760 1584 quod
776 1527 855 1583 quos
871 1509 1043 1585 amisimus,
1061 1527 1109 1571 se-

135 1595 262 1670 quimur.
294 1594 426 1669 Respice
439 1595 622 1653 celeritatem
633 1593 820 1667 rapidissimi
834 1594 988 1669 temporis.
1011 1596 1138 1670 cogitat

130 1677 309 1739 brevitatem
337 1676 427 1738 huius
448 1678 553 1752 spatii,
580 1693 635 1752 per
656 1678 741 1752 quod
762 1677 930 1739 citatissimi
951 1680 1110 1740 currimus.

132 1763 266 1845 observa
286 1762 368 1821 hunc
388 1763 561 1822 comitatum
584 1762 705 1836 generis
720 1761 841 1823 humani
859 1762 967 1823 eodem
983 1764 1110 1823 tenden-

131 1847 169 1906 tis
189 1845 320 1906 minimis
342 1840 508 1906 intervallis
529 1845 716 1920 distinctum,
739 1846 828 1906 etiam
851 1847 901 1906 uhi
921 1849 1053 1908 maxima
1067 1847 1111 1906 vi-

131 1931 256 1990 dentur:
281 1946 371 2004 quem
385 1936 475 2005 putas
494 1931 621 2004 perisse,
639 1929 827 2005 praemissus
843 1937 899 1991 est.
922 1931 996 2006 quid
1011 1939 1111 1993 autem

131 2013 302 2074 dementius
318 2031 418 2088 quam,
436 2029 502 2074 cuna
519 2014 599 2073 idem
614 2015 667 2074 tihi
684 2015 740 2074 iter
756 2014 958 2075 emetiendum
974 2011 1020 2090 si‘t,
1036 2015 1112 2075 llere

131 2113 210 2173 eum,
227 2097 279 2173 qui
296 2098 481 2158 antecessit?
508 2097 573 2158 Flet
587 2097 698 2173 aliquis
716 2099 836 2172 tactum,
854 2098 939 2172 quod
950 2115 1011 2159 non
1027 2100 1140 2175 igno-8

129 2183 210 2242 ravit
230 2178 382 2243 lutnrumt
402 2185 450 2258 ††
466 2181 519 2241 het
542 2181 651 2256 aliquis
676 2182 803 2252 lactum,
830 2182 914 2255 quod
936 2181 1036 2242 aiebat
1049 2199 1111 2245 non

131 2280 228 2342 posse
240 2282 301 2326 non
313 2266 399 2325 fierit
420 2265 560 2340 quisquis
573 2264 705 2340 aliquem
719 2264 854 2340 queritur
865 2272 1016 2325 mortuum
1030 2282 1110 2341 esse,

131 2344 268 2426 queritur
283 2349 434 2410 hominem
449 2350 555 2409 luisse.
576 2352 664 2425 †aut
682 2349 707 2407 si
726 2355 852 2409 mortem
867 2349 897 2407 in
912 2349 1035 2409 homine
1050 2365 1112 2409 non

130 2430 284 2509 cogitavit,
299 2433 358 2494 sihi
373 2432 550 2510 inposuit.†
571 2431 670 2493 omnis
685 2432 792 2494 cadem
808 2431 947 2493 condicio
961 2433 1110 2492 devinxit:

130 2518 178 2577 eui
196 2518 282 2578 nasci
297 2517 434 2592 contigit,
457 2519 534 2578 mori
555 2524 658 2578 restat.
701 2518 870 2576 Intervallis
889 2517 1140 2592 distinguimur,9

130 2603 214 2663 exitu
228 2617 404 2677 aequamur.
424 2602 484 2662 hoc
501 2601 586 2677 quod
599 2601 676 2661 inter
692 2601 820 2676 primum
838 2601 917 2661 diem
932 2609 963 2662 et
976 2601 1113 2662 ultimum

129 2685 224 2760 iacet,
253 2685 369 2748 varium
396 2687 605 2761 incertumque
631 2692 692 2746 est:
726 2686 752 2746 si
777 2684 933 2746 molestias
957 2686 1111 2760 aestimes,

129 2770 220 2830 etiam
237 2765 332 2844 puero
348 2772 483 2844 longum,
497 2771 523 2830 si
538 2772 738 2843 velocitatem,
756 2771 844 2830 etiam
858 2771 924 2831 seni
939 2778 1110 2845 angustum.

129 2854 170 2913 nil
195 2869 258 2914 non
277 2853 426 2916 lubricum
448 2862 478 2916 et
498 2856 590 2914 lallax
611 2863 641 2915 ct
661 2855 742 2916 omni
763 2860 942 2930 tempestate
956 2855 1110 2916 mobilius.

128 2937 279 2999 iactantur
303 2945 413 2998 cuncta
432 2946 462 2999 et
482 2938 511 2997 in
534 2939 716 3000 contrarium
737 2944 895 2998 transeunt
914 2939 1036 3000 iubente
1051 2939 1111 3000 lor-

128 3017 215 3097 tune,
238 3023 312 3082 etin
327 3029 408 3082 tanta
423 3024 609 3084 volutatione
624 3039 725 3084 rerum
745 3022 942 3083 humanarum
959 3022 1031 3083 nihil
1048 3024 1110 3083 cui·

130 3122 222 3182 quarn
235 3107 294 3166 nisi
305 3123 389 3167 mors
402 3116 516 3169 certum
529 3115 589 3168 est:
602 3115 701 3168 tamen
713 3107 752 3165 de
764 3121 801 3166 eo
814 3113 981 3180 quemntnr
992 3121 1109 3178 omnes,

127 3189 158 3249 ln
174 3185 237 3266 qno
251 3207 313 3252 uno
328 3207 417 3251 nemo
433 3192 591 3266 decipitur.
636 3190 719 3266 „Sed
734 3205 810 3262 puer
825 3189 990 3248 decessit.“
1028 3189 1153 3250 Non-10

128 3273 202 3334 dnm
217 3271 287 3336 dico
303 3275 412 3335 melius
427 3277 476 3350 agi
492 3291 560 3335 cum
573 3291 620 3347 eo,
638 3273 690 3349 qui
703 3273 764 3332 vita
776 3273 963 3346 defungitur:
986 3273 1025 3332 ad
1041 3288 1110 3332 eum

126 3363 335 3432 transeamus,
366 3358 417 3432 qui
446 3360 615 3421 consenuit.
653 3358 798 3432 quantulo
826 3355 919 3416 vincit
944 3357 1111 3416 infantem?

127 3456 270 3518 propone
287 3440 433 3517 temporis
452 3443 596 3519 profundi
614 3442 782 3503 vastitatem
800 3448 829 3502 et
843 3440 1020 3502 universum
1036 3456 1109 3503 oon·

126 3525 273 3602 plectere.
285 3587 288 3594 ,
301 3527 414 3587 deinde
433 3527 507 3602 hoc,
530 3528 612 3602 quod
627 3534 757 3589 aetatem
774 3540 920 3585 vocamus
937 3525 1110 3600 humanam,

170 3629 273 3670 stateo
286 3631 355 3670 unit.
371 3615 414 3669 lll.
919 3618 960 3674 ‘lh
