2468 3930
136 224 179 289 20
395 221 429 287 L.
450 221 598 282 ANNAEI
621 217 797 281 SENECAE

133 395 215 452 eunt,
231 372 342 450 iuquit,
357 376 468 448 loquor.
494 372 542 432 cui
558 371 675 432 Crates:
690 389 770 446 eoae,
786 371 890 447 inquit,
905 389 986 447 roeo,
1001 381 1030 435 et
1043 376 1112 436 ditt-

102 469 236 538 aeenter
250 458 392 531 adtende,
413 474 452 517 ne
466 472 532 517 eum
546 457 663 516 bomine
677 459 755 516 mulo
770 459 911 530 loqueris.
944 456 1113 531 Lugentem

135 547 350 617 timentemque
371 539 526 601 custodire
540 540 691 610 solemus,
714 554 753 597 ne
774 538 938 601 solitudine
952 542 1032 600 male
1045 549 1113 603 uta·

135 636 194 688 tur.
215 640 304 687 nemo
319 630 418 684 estex
434 622 683 697 inprudentibus,
700 623 751 698 qui
762 623 893 700 relinqui
910 622 969 683 sibi
984 624 1112 686 debeat:

136 722 208 773 tunc
222 710 302 769 mala
317 707 444 768 consilia
459 705 580 780 agitant.
608 713 680 765 tunc
702 713 755 766 aut
767 707 836 767 aliis
851 713 904 768 aut
917 708 995 783 ipsis
1011 708 1113 770 lutura

137 795 272 871 pericula
286 797 414 852 struunt.
428 797 500 850 tunc
513 788 695 865 cupiditates
711 790 858 865 inprobas
873 791 1025 852 ordinant
1038 800 1112 855 tunc

138 877 284 955 quicquid
305 883 357 936 aut
376 880 456 933 metu
477 881 528 933 aut
548 873 667 949 pudore
687 874 818 948 celabat,
840 874 959 935 animus
974 878 1110 950 exponit

136 972 209 1024 tunc
223 959 382 1021 audaciam
396 958 491 1032 acuit,
512 957 667 1017 libidinem
687 955 802 1031 inritat,
824 958 1010 1019 iracundiam
1025 960 1111 1020 insti·

136 1054 197 1121 gat.
233 1044 367 1118 denique
382 1041 466 1116 quod
479 1058 573 1101 unum
588 1040 721 1101 solitudo
736 1040 828 1101 habet
842 1042 1051 1118 commodum,
1066 1044 1110 1102 ni-

136 1130 178 1189 bil
191 1127 244 1188 ulli
258 1127 458 1198 committere,
473 1141 533 1185 non
549 1125 653 1185 timere
669 1123 814 1199 indicem,
830 1124 911 1200 perit
925 1128 1026 1187 stulto.
1042 1127 1112 1201 ipse

138 1228 173 1273 se
195 1211 310 1288 prodit:
339 1210 409 1270 vide
425 1210 544 1283 itaque,
565 1207 639 1283 quid
664 1208 703 1268 de
723 1216 754 1268 te
769 1223 907 1284 sperem,
929 1208 1020 1270 immo
1037 1210 1110 1285 quid

138 1297 308 1372 spondeam
328 1293 414 1352 mihi:
446 1308 520 1367 spes
535 1293 615 1352 enim
629 1291 735 1352 incerti
749 1292 822 1351 boni
836 1308 946 1354 nomen
963 1301 1025 1355 est:
1047 1310 1109 1354 non

104 1379 275 1450 sinvenio,
303 1393 373 1437 cunr
398 1392 458 1451 quo
479 1382 509 1435 te
528 1377 628 1435 malim
650 1391 722 1436 esse
744 1391 834 1449 quam
854 1385 963 1437 tecum.
993 1378 1110 1452 Repeto

136 1462 297 1534 memoria,
316 1475 406 1534 quam
418 1474 527 1533 magno
542 1459 643 1518 animo
660 1459 809 1533 quaedam
825 1461 919 1520 verba
933 1459 1110 1536 proieceris,

138 1546 242 1621 quanti
266 1542 387 1604 roboris
412 1543 511 1618 plena.
545 1542 713 1618 gratulatus
740 1559 807 1603 sum
830 1545 968 1619 protinus
988 1544 1061 1604 mihi
1082 1551 1112 1604 et

139 1629 218 1689 dixi:
245 1643 332 1702 „non
353 1643 371 1686 a
392 1627 518 1686 summis
541 1627 634 1686 labris
655 1627 714 1686 ista
735 1636 897 1702 venerunt,
919 1627 1033 1689 habent
1051 1627 1111 1687 hae

137 1729 233 1774 voces
253 1711 490 1772 fundamentum.
518 1710 575 1770 iste
595 1710 688 1771 homo
711 1727 771 1771 non
793 1719 840 1772 est
856 1727 936 1772 unus
952 1726 970 1771 e
984 1713 1109 1788 populo,

106 1798 179 1859 ead
194 1798 321 1857 salutem
342 1798 497 1870 spectat.“
527 1792 578 1854 Sic
598 1795 740 1869 loquere,
763 1796 807 1855 sic
828 1796 913 1856 vive=
936 1795 1007 1856 vide
1027 1812 1066 1855 ne
1080 1802 1111 1855 te

138 1882 200 1942 ulla
223 1895 275 1939 res
296 1880 454 1954 deprimat.
484 1879 634 1938 Votorum
653 1887 772 1939 tuorum
794 1887 931 1941 veterum
949 1878 1021 1941 licet
1041 1878 1109 1940 deis

138 1965 263 2040 gratiam
278 1963 389 2037 iacias,
405 1963 463 2021 alia
477 1961 515 2021 de
529 1962 646 2037 integro
658 1964 797 2038 suscipe=
812 1979 887 2039 roga
900 1962 1012 2023 bonam
1027 1979 1111 2023 men-

137 2057 212 2121 tem,
233 2047 351 2116 ¹bonam
379 2045 574 2105 valitudinem
596 2046 701 2121 animi,
729 2047 840 2108 deinde
866 2055 938 2108 tunc
960 2044 1109 2122 corporis.

140 2129 245 2208 quidni
265 2138 299 2193 tu
318 2130 376 2190 ista
395 2138 466 2190 vota
489 2145 583 2205 saepe
605 2130 721 2190 laciast
746 2132 891 2193 audacter
907 2130 998 2193 deum
1017 2146 1109 2206 rogae

138 2215 210 2275 nibil
227 2214 310 2276 illuni
330 2215 369 2274 de
388 2214 487 2273 alieno
507 2222 670 2288 rogaturus
691 2229 736 2274 es.

106 2305 123 2355 b
203 2297 266 2359 Sed
287 2306 320 2359 ut
340 2314 426 2358 more
445 2313 513 2358 meo
529 2314 598 2358 cum
614 2299 716 2373 aliquo
742 2301 923 2360 munusculo
949 2299 1108 2375 epistulam

138 2383 266 2458 mittam,
292 2398 399 2442 verum
424 2391 485 2457 est,
511 2382 595 2457 quod
620 2383 704 2456 apud
732 2383 963 2444 Athenodorum
990 2381 1108 2444 iuveni:

138 2468 245 2541 „Tunc
264 2470 335 2529 scito
351 2484 414 2528 esse
430 2474 457 2527 te
476 2467 607 2528 omnibns
620 2468 828 2542 cupiditatibus
844 2471 983 2541 soletum,
997 2482 1111 2528 comeo

136 2554 320 2626 perveneris,
344 2557 378 2611 ct
393 2551 469 2610 nibil
488 2551 575 2610 ἀεηηι
593 2566 694 2625 repes,
715 2554 775 2612 nisi
794 2552 1002 2626 nonenoeane
1018 2553 1112 2628 possis

134 2639 269 2710 paiom.“
303 2649 384 2692 nunc
400 2633 480 2693 enim
496 2639 609 2707 quanta
624 2634 775 2695 dementia
789 2641 836 2695 est
852 2634 1023 2695 hominum!
1051 2641 1111 2693 tur·

139 2716 267 2793 pissima
285 2724 358 2777 vota
373 2716 420 2775 dis
440 2717 648 2777 insusurrant:
677 2718 703 2777 si
719 2719 788 2793 quis
809 2719 980 2780 admoverit
998 2734 1110 2790 aurern,

140 2801 355 2861 conticescent.
372 2806 402 2859 et
417 2801 500 2874 quod
517 2800 595 2861 scire
609 2801 763 2861 hominem
775 2805 891 2877 nolunt,
905 2803 964 2864 deo
979 2809 1111 2863 narrant.

141 2884 219 2944 Vide
235 2899 324 2958 ergo,
346 2899 385 2943 ne
398 2883 459 2943 hoc
472 2883 609 2959 praecipi
625 2886 787 2946 salubriter
804 2887 918 2961 possit=
951 2885 1029 2962 „Sic
1043 2885 1113 2945 vive

141 2983 209 3028 oum
223 2967 411 3040 hominibuS,
432 2975 586 3043 tamquam
602 2968 680 3028 deus
696 2969 812 3031 videare
839 2972 885 3030 sic
899 2972 1028 3045 loquere
1045 2985 1114 3031 eum

140 3053 214 3126 deo,
231 3058 382 3127 tamquam
398 3050 539 3112 homines
556 3053 712 3113 audiant.“
745 3056 834 3114 Vale.

477 3188 694 3247 EPISTULA
712 3191 759 3247 Xl.

390 3284 500 3336 Saurea
518 3286 630 3338 Lucumo
650 3298 702 3337 suo
722 3298 861 3337 susurru.

109 3398 123 3449 1
197 3389 333 3450 Locutus
352 3395 400 3449 est
423 3404 543 3449 mecum
567 3389 683 3450 amicus
709 3399 778 3451 tuus
804 3389 906 3450 bonae
931 3389 1059 3461 indolis,
1084 3388 1116 3450 in

140 3488 202 3548 quo
216 3480 361 3547 quantum
377 3479 460 3532 esset
474 3473 579 3548 animi,
596 3481 741 3549 quantum
752 3473 880 3549 ingenii,
897 3479 1042 3549 quantum
1056 3470 1116 3535 iam
