2468 3930
149 241 319 303 nrrsruc.
334 240 427 302 uon.
448 243 521 304 nra.
535 245 598 305 xx.
619 246 677 306 ar.
691 257 751 312 aa.
772 257 930 325 prono.)
983 252 1045 318 aar

67 396 163 478 patris
191 400 393 468 senectutem,
419 395 551 456 adiutam
577 396 666 458 amici
690 407 913 478 paupertatem,
937 404 1046 465 lortem

67 480 304 558 expeditionem,
314 480 946 559 prudentemmoderatamquesententiam.
963 489 1074 562 [Nosld

66 569 126 629 ista
146 567 208 628 duo
228 567 351 640 quidem
371 565 513 638 iacimus,
536 565 593 625 scd
614 582 653 625 ex
667 583 745 628 uno=
774 569 846 629 nihil
860 577 908 631 est
921 571 1043 647 bonum,

65 653 127 712 nisi
141 652 226 728 quod
242 651 403 712 honestum
419 658 475 710 est.
508 649 592 724 quod
606 649 784 725 honestum,
807 661 854 714 est
869 655 975 729 utique
989 656 1044 717 bo·

66 754 149 800 num.
178 750 404 811 supervacuum
418 733 519 793 iudico
531 733 668 806 adicere,
686 735 759 808 quid
773 737 850 797 inter
864 737 922 798 ista
937 738 1043 800 discri-

67 822 157 882 minis
181 821 233 896 sil,
256 836 324 880 curn
345 833 441 893 saepe
462 817 600 877 dixerim.
635 817 695 877 hoc
714 836 809 880 unum
830 821 945 897 dicam,
970 824 1045 884 nihil

66 905 156 966 nobis
177 904 291 965 bonum
312 903 422 973 videri,
447 918 508 976 quo
531 900 600 976 quis
614 903 737 962 etmale
752 904 795 963 uti
811 911 927 979 potest:
955 906 1043 969 vides

67 997 168 1051 autem
182 989 309 1062 divitiis,
332 985 503 1060 nobilitate,
524 984 641 1046 viribus
658 1000 750 1062 quam
766 988 851 1047 multi
865 989 944 1048 male
957 997 1044 1050 utan-

65 1081 123 1136 tur.
153 1073 239 1133 Nunc
261 1088 333 1146 ergo
356 1069 445 1131 adid
465 1078 618 1143 revertor,
642 1069 680 1129 de
702 1087 764 1144 quo
787 1071 947 1132 desideras
969 1073 1043 1132 dici:

67 1156 255 1235 quomodo
271 1157 397 1217 adnos
414 1152 638 1228 primaboni
652 1152 889 1230 honestique
906 1157 1045 1217 notitia

64 1241 306 1318 pervenerit.
327 1241 394 1300 Hoc
408 1255 466 1298 nos
481 1244 589 1297 natura
600 1237 713 1297 docere
723 1254 783 1298 non
799 1239 912 1314 potuit=
929 1240 1073 1303 seminat

64 1325 156 1387 nobis
173 1324 318 1385 scientiae
334 1323 431 1395 dedit,
449 1322 604 1382 scientiam
621 1337 683 1380 non
699 1322 791 1382 dedit.
819 1322 947 1397 Quidam
961 1327 1047 1384 aiunt

66 1424 124 1471 nos
144 1410 176 1469 in
196 1408 332 1468 notitiam
352 1405 514 1480 incidisse,
542 1405 625 1480 quod
645 1411 693 1467 est
711 1406 904 1481 incredibile,
924 1407 1044 1468 virtutis

64 1493 155 1554 alicui
175 1493 310 1567 speciem
335 1507 409 1552 casu
431 1489 659 1550 occucurrisse=
684 1490 775 1549 nobis
796 1489 918 1552 videtur
938 1491 1043 1552 obser-

63 1575 146 1638 vatio
161 1576 324 1651 collegisse
338 1582 368 1635 et
381 1591 482 1634 rerum
494 1588 589 1649 saepe
600 1573 746 1634 factarum
761 1573 839 1634 inter
850 1590 885 1635 se
896 1575 1043 1637 conlatio:

64 1678 122 1737 per
136 1660 343 1734 analogian
358 1657 455 1720 nostri
469 1659 652 1719 intellectum
668 1665 698 1718 el
710 1657 872 1720 honestum
886 1667 918 1720 et
930 1660 1044 1721 bonum

63 1745 207 1806 iudicant.
233 1745 313 1819 (Hoc
324 1744 450 1803 verbum
466 1758 533 1802 cum
545 1741 641 1801 Latini
655 1743 841 1815 grammatici
857 1743 978 1805 civitate
989 1745 1043 1805 do·

64 1829 218 1900 neverint,
240 1843 299 1902 ego
316 1828 544 1900 [damnandum]
566 1842 628 1887 non
651 1833 724 1900 puto
744 1827 774 1885 in
791 1826 942 1888 civitatem
956 1844 1043 1888 suam

62 1912 281 1987 redigendum=
303 1918 371 1972 utar
386 1927 459 1987 ergo
475 1911 525 1972 illo
539 1916 725 1970 contentum
738 1916 893 1987 tamquam
907 1919 1043 1986 recepto,

64 1997 122 2058 sed
136 2002 291 2071 tamquam
304 1994 441 2067 usitato.)
471 1995 573 2068 Quae
591 1993 749 2054 sithaec
766 1996 965 2070 analogia,
987 1996 1071 2056 di-5

66 2097 160 2141 cam:
188 2095 371 2141 noveramus
394 2078 533 2152 corporis
554 2077 728 2138 sanitatem:
757 2094 796 2136 ex
817 2078 875 2138 hac
897 2078 1042 2153 cogitavi-

63 2180 132 2225 mus
154 2179 225 2224 esse
245 2164 377 2238 aliquam
398 2170 429 2222 et
452 2159 553 2222 animi.
588 2175 772 2221 noveramus
789 2161 929 2236 corporis
943 2163 1042 2222 vires:

62 2265 104 2309 ex
118 2248 166 2308 his
183 2242 360 2322 collegimus
375 2262 447 2306 esse
461 2254 492 2306 et
504 2244 594 2304 animi
608 2244 710 2303 robur.
735 2243 838 2319 aliqua
852 2244 985 2319 benigna
999 2247 1042 2305 la·

64 2339 127 2405 cta,
148 2330 249 2407 aliqua
270 2332 417 2401 humana,
445 2328 547 2404 aliqua
569 2326 659 2386 lortia
679 2343 737 2386 nos
759 2328 1042 2403 obstupefecerantz

62 2416 141 2475 haec
162 2417 320 2491 coepimus
342 2422 497 2489 tamquam
520 2411 655 2487 perlecta
675 2409 787 2470 mirari.
817 2411 964 2472 suberant
984 2407 1042 2471 illis

61 2501 156 2560 multa
169 2500 258 2572 vitia,
280 2515 360 2574 quae
381 2498 504 2573 species
519 2494 678 2570 conspicui
700 2492 829 2556 alicuius
844 2496 915 2555 lacti
930 2496 1042 2570 lulgor·

63 2599 125 2658 que
146 2584 278 2644 celabat:
307 2583 383 2643 haec
404 2580 673 2642 dissimulavimus.
700 2587 807 2640 natura
826 2580 911 2640 iubet
931 2595 1043 2654 augere

61 2667 225 2727 laudanda.
260 2682 349 2727 nemo
372 2683 433 2726 non
454 2666 580 2741 gloriam
602 2665 682 2725 ultra
701 2679 807 2724 verum
828 2664 908 2725 tulit:
935 2679 975 2722 ex
994 2663 1042 2722 his

61 2766 136 2825 ergo
151 2750 286 2826 speciem
301 2749 431 2824 ingentis
441 2750 516 2812 boni
530 2748 686 2809 traximus.
707 2747 864 2809 Fabricius
874 2747 982 2826 Pyrrhi
996 2758 1072 2812 re-6

60 2835 108 2909 gis
130 2850 236 2894 aurum
255 2834 388 2908 reppulit
407 2835 568 2910 maiusque
581 2849 676 2909 regno
691 2831 837 2894 iudicavit
847 2835 949 2909 regias
965 2848 1042 2909 opes

60 2931 160 2994 posse
182 2922 385 2976 contemnere.
417 2916 498 2978 idern
520 2917 639 2978 medico
653 2916 762 2995 Pyrrhi
782 2918 975 2992 promittente
989 2932 1040 2975 ve·

60 3015 176 3062 nenum
188 3015 224 3060 se
234 2999 299 3073 regi
311 2999 451 3061 daturum
462 2999 580 3062 monuit
588 3001 754 3079 Pyrrhum,
768 2999 1041 3062 caveretinsidias=

60 3084 203 3144 eiusdem
223 3081 315 3142 animi
336 3083 392 3142 luit
411 3099 486 3145 auro
501 3100 563 3143 non
577 3085 673 3159 vinci,
696 3100 815 3146 veneno
830 3102 891 3145 non
907 3085 1040 3145 vincere.

62 3168 201 3229 admirati
221 3182 327 3227 sumus
349 3167 501 3241 ingentem
522 3165 636 3242 virum,
664 3184 754 3242 quern
777 3186 839 3230 non
858 3166 956 3245 regis,
979 3184 1041 3227 non

61 3259 169 3313 contra
182 3267 286 3326 regem
302 3250 458 3326 promissa
472 3248 647 3325 flexissent,
660 3249 735 3312 boni
749 3254 880 3329 exempli
893 3261 1040 3324 tenacem,

63 3336 147 3411 quod
162 3335 372 3397 difficillimum
390 3340 452 3408 est,
478 3332 508 3395 in
524 3334 605 3395 bello
620 3335 827 3411 innocentem,
849 3338 901 3412 qui
914 3335 1040 3411 aliquod

60 3435 135 3480 esse
151 3421 289 3481 crederet
310 3420 401 3481 etiam
422 3420 452 3479 in
468 3419 575 3480 hostes
590 3419 692 3493 nelos,
715 3419 767 3494 qui
787 3420 818 3478 in
833 3435 951 3480 summa
965 3436 1040 3495 pau·

62 3509 197 3581 perlate,
219 3520 310 3582 quam
325 3502 385 3566 sibi
399 3504 496 3565 decus
511 3502 639 3579 lecerat,
663 3519 726 3565 non
741 3501 828 3565 aliter
839 3505 951 3582 refugit
965 3500 1041 3563 divi·
