2468 3930
204 255 268 319 226
488 254 522 315 L.
545 251 693 312 nunaut
714 249 890 312 SENECAE

203 423 238 468 se
254 409 372 467 senuna
387 390 541 479 submisit,
563 405 665 466 omnia
682 403 806 479 quidem
820 403 878 469 sub
892 408 936 475 te,
961 415 1041 476 quae
1057 416 1114 474 pro
1130 415 1183 461 ex-

203 489 382 551 celsissimis
408 487 575 561 habentur,
604 487 776 562 adspicies,
803 487 859 546 sed
885 491 986 545 tamen
1010 485 1118 545 venies
1143 485 1184 546 ad

202 589 321 634 summa
335 589 392 649 per
406 573 539 647 planum.
567 572 654 639 Vale,

501 706 719 764 EPISTULA
736 708 787 764 lll.
803 709 881 780 (85.)

454 801 566 854 Sennea
584 804 697 854 Luctum
716 815 770 855 sce
787 816 929 859 saturnu.

172 930 187 982 1
263 907 465 983 Peperceram
485 905 538 967 tibi
560 913 590 967 et
604 904 879 983 quicquid'nodosi
894 907 1002 977 adhuc
1015 912 1181 983 supererat,

202 992 431 1068 praeterieram,
460 997 619 1052 contentus
644 991 734 1065 quasi
754 998 877 1066 gustum
892 991 953 1052 tibi
974 987 1048 1052 da're
1067 1005 1181 1060 eorum,

203 1090 301 1152 quae
323 1074 505 1135 anostris
521 1073 718 1145 dicuntur,
739 1081 778 1135 ut
793 1073 981 1150 probetur
996 1075 1121 1134 virtus
1136 1073 1182 1132 ad

203 1158 434 1234 explendam
461 1157 610 1218 beatam
638 1159 754 1217 vitum
782 1159 870 1220 sola
898 1158 999 1229 satisf
1025 1155 1182 1218 etlicax.

200 1242 293 1302 tubes
307 1256 357 1300 mc
372 1239 518 1316 quicquid
535 1247 582 1301 est
596 1240 865 1317 interrogationum
878 1248 931 1302 aut
944 1249 1118 1302 nostrarum
1133 1246 1184 1300 aut

203 1325 243 1385 ad
274 1324 494 1385 traductionem
524 1331 661 1385 nostram
675 1389 677 1393 ,
693 1325 930 1400 excogitatarum
954 1325 1182 1399 conprendere:

204 1409 289 1485 quod
304 1408 330 1468 si
345 1408 447 1468 tacere
460 1408 603 1482 voluero,
619 1424 680 1469 non
696 1408 752 1468 erit
765 1408 909 1482 epistula,
927 1409 983 1468 sed
997 1408 1083 1467 liber,
1106 1407 1185 1465 lllud

203 1490 1183 1567 totienstestorhocmeargumentorumgenerenon

203 1573 405 1635 delectari.
440 1573 537 1634 Pudet
555 1576 586 1635 in
602 1575 698 1636 aciem
713 1575 903 1636 descendere
920 1590 976 1652 pro
990 1574 1039 1635 dis
1053 1571 1183 1634 homini·

202 1659 324 1734 busque
339 1664 515 1734 susceptam
531 1661 641 1720 subula
655 1665 811 1720 armatum.

173 1766 191 1820 2
265 1741 359 1817 „Qui
386 1741 558 1819 prudens
584 1751 658 1816 est,
696 1750 733 1805 et
760 1749 984 1821 temperans
1010 1749 1079 1803 est
1121 1742 1185 1818 qui

202 1835 440 1902 temperans,
464 1834 524 1889 est
542 1834 578 1888 et
599 1835 794 1889 constans.
826 1829 1094 1904 quiconstans
1110 1832 1182 1896 est,

202 1910 503 1986 inperturbatus
518 1919 587 1973 est.
611 1913 674 1984 qui
689 1909 992 1988 inperturbatus
1010 1918 1083 1986 est,
1099 1909 1184 1970 sine

202 1994 371 2057 tristitia
387 2001 455 2056 est.
489 1992 655 2072 quisine
678 1994 1183 2066 tristitiaest,²beetusest=

203 2094 294 2153 ergo
316 2079 486 2153 prudens
507 2079 645 2140 beatus
666 2087 727 2147 est
745 2086 780 2140 et
799 2078 1073 2155 prudentie-ad
1094 2078 1181 2138 bea·

202 2163 682 2233 tamvitamsatisest.f‘,
741 2206 744 2211 -

173 2262 191 2316 3
265 2247 342 2307 Huic
364 2245 537 2309 collectioni
565 2247 625 2307 hoo
645 2246 737 2308 modo
762 2244 1032 2323 Peripatetlcorum
1060 2243 1184 2320 quidam

203 2337 406 2406 respondent,
430 2338 463 2393 ut
482 2331 724 2407 inperturbatum
744 2338 774 2392 et
794 2337 984 2394 constantem
1004 2337 1033 2390 et
1053 2329 1119 2389 sine
1134 2328 1184 2388 tri-

204 2413 286 2479 stitia
307 2416 352 2478 sic
368 2416 616 2491 interpretentur,
636 2421 793 2490 umquam
812 2414 1115 2491 inperturbatus
1140 2411 1184 2472 di·

204 2507 299 2574 catur,
316 2497 367 2575 qui
381 2516 452 2559 raro
468 2498 661 2574 perturbatur
675 2507 704 2560 et
717 2498 847 2573 modice,
863 2516 924 2571 non
943 2499 993 2574 qui
1010 2512 1183 2573 numquam.

204 2584 275 2645 item
290 2582 374 2642 sine
387 2582 552 2644 tristitia
567 2599 636 2644 eum
650 2579 710 2643 dlei
725 2581 816 2657 aiunt,
833 2583 885 2659 qui
896 2600 957 2644 non
971 2589 1019 2643 est
1030 2581 1185 2642 obnoxius

205 2665 345 2728 tristitiae
366 2682 424 2726 nee
444 2667 589 2742 frequens
611 2667 762 2727 nimiusve
781 2666 811 2725 in
826 2665 886 2728 hoc
903 2667 987 2728 vitio.
1016 2665 1091 2727 illud
1105 2663 1185 2724 enim

204 2749 368 2809 humanam
379 2757 519 2810 naturam
531 2766 654 2826 negare,
662 2749 790 2810 alicuius
803 2748 936 2811 animum
948 2751 1103 2811 inmunem
1115 2762 1192 2816 esse

204 2830 334 2893 tristitia.
375 2834 546 2910 sapientem
573 2852 635 2895 non
653 2835 735 2894 vinci
755 2848 910 2909 moerore,
940 2842 1073 2896 aetenam
1093 2831 1185 2907 tangi.

178 2922 237 2984 tet
252 2922 354 2978 cetera
368 2918 398 2978 in
413 2918 496 2979 hune
510 2915 635 2987 modum
649 2924 754 2978 sectae
767 2932 844 2978 snae
858 2918 1087 2995 respondentia.
1118 2916 1184 2976 Non

205 3000 254 3061 his
280 3003 387 3062 tollunt
416 3003 570 3076 adlectus,
598 3000 655 3062 sed
675 3008 854 3076 temperant.
883 3002 1061 3079 quantulum
1084 3005 1185 3058 eutem

208 3083 339 3160 sapienti
353 3088 479 3160 damus,
497 3086 523 3146 si
540 3083 776 3146 inbecillissimis
791 3086 900 3148 tortior
911 3094 959 3147 est
972 3093 1002 3146 et
1016 3083 1185 3143 moestissi-

206 3169 264 3230 mis
289 3170 396 3231 laetior
421 3178 451 3230 et
474 3169 718 3231 effrenatissimis
749 3170 933 3231 moderatior
958 3175 988 3229 et
1010 3165 1185 3241 humillimis

207 3253 324 3314 maiort
349 3254 441 3330 Quid,
457 3253 483 3316 si
497 3253 624 3316 miretur
632 3254 821 3316 velocitatem
836 3271 924 3315 snam
933 3251 1036 3313 Ladas
1048 3251 1089 3312 ad
1103 3251 1186 3311 elau·

207 3338 266 3398 dos
280 3338 460 3412 debilesque
473 3339 666 3414 respicienst
960 3404 963 3410 ,

334 3423 396 3484 Illo
409 3426 456 3483 vel
468 3426 596 3484 intectae
609 3425 714 3497 secatis
724 3439 784 3498 per
796 3436 910 3483 suntme
921 3423 1036 3481 coleret

332 3509 474 3582 prumiae
490 3524 545 3568 nec
555 3523 646 3568 cursu
658 3515 776 3568 teneras
789 3509 921 3568 laesisset
934 3507 1053 3581 aristm,
