2468 3930
146 212 188 279 56
437 211 471 272 t.
493 210 640 271 ANNAEI
661 209 836 274 SENECAE

147 368 262 439 voluta,
294 379 373 441 quoe
394 376 489 437 saepe
510 359 637 436 audisti,
660 377 756 438 saepe
775 360 889 424 dixisti.
925 363 982 424 scd
995 379 1035 424 an
1051 380 1123 427 vere

146 448 295 522 audieris,
320 463 358 507 an
383 461 456 507 vere
479 442 609 519 dixeris,
629 443 741 506 effectu
760 445 868 520 proba.
890 447 950 509 hoc
967 449 1048 508 enim
1062 457 1121 511 tur·

146 530 306 611 pissimum
327 536 388 604 cst,
416 529 501 606 quod
521 527 611 590 nobis
632 527 712 590 obici
727 531 819 605 solet,
841 531 937 591 verba
951 547 1009 593 nos
1025 532 1121 607 philo·

147 614 292 693 sophlae,
313 630 374 676 non
397 627 493 689 opera
509 621 649 674 tractare.
672 611 761 688 quid,
784 621 816 674 tu
830 629 911 675 nunc
926 614 1057 690 primum
1070 616 1122 678 tibi

146 709 274 763 mortem
296 698 442 760 inminere
463 697 562 770 scisti,
592 711 672 756 nunc
693 697 831 772 exilium,
859 713 941 758 nunc
964 698 1125 761 dolorem?

147 786 177 845 in
202 782 279 844 haec
305 789 395 844 natus
420 796 465 842 es.
496 780 643 856 quicquid
661 779 727 842 lieri
748 787 865 856 potest,
885 782 973 857 quasi
992 784 1124 846 tuomum

104 880 138 939 16
147 867 324 944 cogitemus.
361 864 449 939 Quod
469 866 572 925 lacere
591 870 621 924 te
640 878 767 938 moneo,
794 864 859 925 scio
886 872 969 926 certe
994 867 1123 929 lecisset

146 966 227 1012 nuno
243 952 410 1024 admoneo,
430 955 464 1010 ιιι
477 949 609 1010 animum
621 953 703 1010 tuum
715 963 775 1008 non
786 963 909 1024 mergas
920 949 950 1008 in
961 949 1051 1011 istam
1062 952 1121 1013 sol·

146 1034 341 1096 licitudinem.
372 1032 563 1094 hebetabitur
583 1033 663 1093 enirn
683 1038 714 1092 et
733 1032 832 1093 miuus
854 1032 979 1094 habebit
996 1034 1121 1109 vigoris,

146 1134 215 1182 cunr
235 1118 463 1195 exsurgendum
484 1116 549 1176 erit.
584 1116 686 1177 abduc
706 1115 789 1177 illum
808 1117 961 1192 aprivata
975 1132 1071 1179 causa
1083 1117 1123 1179 ad

147 1202 309 1280 publicam.
338 1203 388 1263 dic
407 1201 536 1263 mortale
556 1200 610 1261 tibi
631 1206 661 1261 et
681 1199 791 1275 fragile
809 1202 1027 1276 corpusculum
1042 1217 1124 1275 esse,

146 1285 197 1351 cui
217 1303 278 1348 non
299 1301 339 1346 cx
359 1286 467 1346 iniuria
487 1293 600 1345 tantum
623 1291 675 1346 aut
689 1298 728 1343 ex
743 1285 924 1358 potentioris
940 1285 1055 1347 viribus
1070 1284 1123 1344 dc

147 1370 331 1433 nuntiabitur
352 1368 455 1428 dolorr
484 1368 572 1442 ipsae
593 1368 765 1442 voluptates
786 1366 816 1427 in
838 1374 987 1429 tormenta
1003 1375 1123 1429 vertun-

146 1463 208 1517 turr
231 1453 342 1529 epulae
354 1451 532 1512 cruditatem
545 1451 699 1523 adierunt,
714 1449 877 1512 ebrietates
888 1467 1052 1515 nervorum
1063 1459 1123 1515 tot·

146 1552 253 1614 ponem
267 1544 508 1610 tremoremque,
529 1531 670 1595 libidines
686 1534 814 1610 pedum,
835 1550 993 1611 manuum,
1014 1536 1124 1598 mucu-

105 1622 242 1693 lptorum
258 1617 392 1681 omnium
407 1617 654 1694 depravationes.
690 1617 810 1694 Pauper
819 1617 907 1679 flama
927 1620 1006 1680 inter
1019 1621 1125 1697 plures

146 1719 210 1766 ero.
234 1704 306 1765 oxul
320 1702 406 1763 flama
429 1702 471 1763 ibi
485 1716 533 1760 me
547 1709 650 1762 uatum
661 1702 788 1778 putabo,
804 1719 866 1778 quo
877 1702 987 1765 mittar.
1008 1702 1124 1778 adliga-

145 1790 218 1851 borr
248 1787 321 1864 quid
341 1786 442 1846 enimi
469 1801 549 1847 nuno
570 1787 689 1848 solutus
704 1792 795 1846 sumt
822 1787 860 1846 ad
875 1786 936 1848 boc
951 1804 1001 1850 me
1016 1795 1125 1849 natura

145 1885 239 1948 grave
253 1870 394 1946 corporis
409 1869 468 1930 mei
484 1869 605 1946 pondus
616 1869 786 1931 adstrinxit
808 1871 938 1931 moriar:
956 1870 1019 1934 boc
1035 1870 1125 1945 dicis,

146 1954 285 2016 desinam
301 1960 459 2029 aegrotare
481 1968 593 2028 posse,
613 1953 750 2014 desinam
766 1953 893 2028 adligari
908 1970 1021 2032 posse,
1041 1953 1124 2016 desi·

104 2046 216 2104 lenum
235 2038 314 2099 mori
335 2052 440 2114 posse.
475 2036 542 2098 Non
561 2052 630 2098 sum
649 2044 710 2098 ιιιιι
731 2037 868 2113 ineptus,
889 2047 924 2100 ιιι
941 2038 1125 2115 Epicuream

147 2122 330 2184 cantilenam
343 2120 403 2182 boc
420 2121 489 2182 loco
504 2135 677 2196 persequar
691 2128 722 2181 et
735 2120 834 2180 dicam
849 2138 949 2183 vanos
962 2139 1036 2184 esse
1048 2121 1124 2182 iaie»

147 2222 248 2269 rorum
263 2212 378 2278 rinctus,
399 2220 457 2265 nec
471 2205 608 2267 larionem
622 2211 691 2266 rota
701 2204 784 2265 volvi
798 2220 857 2265 nec
867 2221 977 2267 saxum
988 2206 1125 2267 humoris

146 2289 274 2370 Sisyphi
294 2290 375 2350 badi
395 2288 426 2349 in
447 2289 611 2350 adversum
632 2303 690 2350 uec
709 2288 802 2348 uibus
821 2288 945 2350 uiscera
958 2297 989 2350 et
1002 2288 1125 2351 renasci

146 2390 242 2451 possa
263 2372 376 2435 cotidie
395 2380 426 2433 et
439 2370 535 2449 carpi.
559 2387 649 2434 nemo
663 2381 725 2434 ιιιιι
739 2387 816 2449 puer
829 2379 893 2447 est,
912 2380 947 2434 ut
959 2373 1125 2434 cerberum

145 2460 248 2520 timent
262 2466 293 2519 et
307 2456 450 2519 tenebras
465 2465 496 2518 et
511 2457 656 2517 larvalem
670 2455 805 2517 habitum
823 2456 915 2518 nudis
928 2457 1057 2519 ossibus
1071 2472 1124 2518 co-

144 2541 347 2604 haerentinma
374 2556 458 2602 mors
478 2555 536 2601 nos
556 2547 610 2600 aut
629 2539 784 2601 consumit
802 2547 855 2601 aut
875 2541 969 2601 exuit
1001 2537 1125 2602 emissis

146 2624 272 2687 meliora
290 2632 407 2685 restam
428 2638 524 2685 onore
542 2622 694 2697 detracto,
716 2624 907 2700 consumptis
925 2624 1001 2685 uilril
1011 2631 1124 2686 resarta

104 2706 227 2774 lebona
246 2704 360 2782 pariter
379 2707 523 2782 nauaque
542 2705 684 2769 submotu
704 2715 785 2768 sunt
819 2707 962 2769 Permitte
975 2708 1052 2777 milri
1064 2707 1126 2770 hoc

147 2794 215 2852 loco
236 2788 350 2850 reicrrc
364 2804 487 2851 tersum
503 2797 602 2865 tuum,
623 2791 651 2851 si
665 2789 751 2867 prins
764 2791 970 2867 admonuero,
989 2799 1025 2854 ut
1036 2798 1069 2854 te
1079 2791 1125 2854 iu·

146 2872 232 2935 dices
253 2889 315 2934 nun
334 2874 404 2934 aliis
423 2874 589 2949 scripsisse
608 2872 684 2948 ista,
705 2874 764 2935 sed
776 2875 866 2935 etiam
880 2874 945 2937 tibi.
973 2884 1065 2952 turpe
1077 2881 1128 2937 cst

146 2956 228 3019 atiud
248 2957 348 3033 toqui„
369 2956 453 3019 aliud
466 2957 596 3019 sentiret
618 2966 733 3034 quanto
746 2959 866 3034 turpius
880 2959 966 3021 aliud
978 2960 1126 3033 samue,

145 3041 230 3103 aliud
242 3042 364 3103 sutura
392 3040 516 3103 nreuaini
528 3049 559 3102 te
572 3040 656 3103 iiluur
671 3042 771 3103 iocum
784 3043 950 3118 aliquando
964 3052 1126 3117 nudasse,

145 3142 207 3188 ιιιιιι
222 3136 351 3202 repente
363 3142 422 3187 nos
438 3126 468 3186 in
483 3134 612 3187 nrurteur
625 3126 776 3199 incidero,
798 3127 857 3186 sed
869 3128 1039 3188 minumum
1053 3142 1126 3202 pro-

102 3210 273 3272 !occdrrer
305 3209 419 3271 condic
442 3210 603 3283 naonmur,
630 3208 743 3271 cotidie
765 3209 848 3272 enim
871 3211 1004 3272 demitur
1022 3210 1127 3286 aliqua

146 3310 219 3372 pars
238 3294 321 3355 ritae
340 3303 372 3355 ct
391 3302 463 3356 tunc
483 3308 623 3370 quoque,
650 3309 720 3355 cum
735 3294 920 3369 messium,
940 3294 1005 3356 vita
1017 3294 1125 3354 decre

146 3376 215 3439 scit
236 3378 393 3439 ἰιιιιιιιιίιιιι
407 3377 581 3439 amisimus.
603 3376 716 3438 deinde
730 3377 906 3454 pueritiam,
922 3377 1037 3438 ddude
1048 3376 1126 3439 adu·

145 3458 334 3522 lescendam
361 3476 463 3537 usque
482 3461 523 3521 ad
535 3460 728 3535 bestemuur,
750 3458 900 3538 quioquid
916 3461 1126 3523 uuasiittem·
