2468 3930
146 247 189 312 50
435 248 469 310 L.
487 246 637 307 ANNAEI
658 244 834 306 SENECAE

147 409 258 463 excute
278 400 372 473 istos,
394 398 461 474 qui,
485 414 565 473 quae
582 397 721 473 cupiere,
746 398 908 474 deplorant
921 405 952 459 et
965 397 1006 457 de
1019 412 1124 461 earum

146 502 249 546 rerum
269 488 435 558 loquuntur·
455 483 541 556 luga,
570 481 681 557 quibus
702 485 807 541 carere
828 497 890 542 non
913 489 1059 557 possuntt
1081 483 1124 543 vi·

147 569 235 630 debis
258 566 458 628 voluntariam
483 580 554 624 esse
579 564 638 624 illis
665 565 696 623 in
717 579 754 625 eo
775 581 906 639 moram,
928 565 1013 641 quod
1033 581 1126 640 aegre

105 658 138 713 11
147 654 227 712 terre
241 652 329 726 ipsos
344 656 375 710 et
388 649 499 708 misere
513 650 689 724 loquuntur.
724 649 769 708 Ita
783 654 845 723 est,
867 648 976 708 Lucili:
1005 664 1125 723 paucos

147 733 294 806 servitus,
313 735 418 810 plures
433 731 609 792 servitutem
623 738 734 792 tenent.
758 731 821 792 Sed
836 731 863 791 si
875 733 1032 808 deponere
1044 733 1133 793 illam

147 821 176 880 in
200 818 299 878 animo
322 824 370 878 est
390 822 422 876 et
438 815 562 875 libertas
580 814 738 875 bonafide
753 816 880 890 placuit,
903 815 932 875 in
948 815 1008 875 hoc
1024 824 1124 877 autem

147 919 241 963 unum
262 899 493 961 advocationem
515 899 609 975 petis,
631 904 664 959 ut
678 899 746 958 sine
760 905 910 974 perpetua
922 899 1125 960 sollicitudine

147 986 178 1046 id
199 985 252 1046 tibi
273 986 375 1045 lacere
390 982 559 1058 contingat:
583 981 688 1058 quidni
702 988 765 1043 tota
780 989 809 1041 te
823 983 936 1043 cohors
952 980 1124 1044 Stoicorum

148 1068 313 1144 probatura
332 1068 392 1128 sita
425 1082 532 1127 omnes
556 1067 696 1126 Zenones
723 1073 753 1125 et
774 1065 938 1142 Chrysippi
957 1066 1123 1140 moderata,

107 1152 290 1227 lehonesta,
316 1160 369 1213 tua
388 1150 570 1211 suadebunt.
611 1148 674 1210 Sed
694 1149 721 1208 si
742 1157 869 1225 propter
894 1150 955 1211 hoc
979 1148 1124 1224 tergiven

147 1237 242 1310 sarie,
270 1243 304 1295 ut
323 1234 569 1308 circumspicias,
599 1240 743 1307 qnantum
764 1234 846 1293 ieras
866 1239 968 1293 tecum
988 1240 1019 1293 et
1033 1249 1123 1308 quam

145 1335 257 1394 magna
277 1317 410 1393 pecunia
428 1317 562 1377 instruas
583 1317 692 1377 otium:
720 1332 886 1392 numquam
907 1315 1020 1376 exitum
1040 1317 1123 1377 inve·

146 1403 223 1462 nies.
260 1416 350 1461 nemo
371 1415 439 1460 oum
465 1399 593 1459 sarcinis
614 1405 725 1460 enatat.
761 1415 884 1476 emerge
903 1400 944 1460 ad
968 1400 1122 1481 meliorem

147 1486 239 1544 vitam
261 1483 402 1559 propitiis
422 1481 486 1557 dis,
509 1482 566 1542 sed
586 1497 648 1543 non
664 1483 723 1557 sic,
747 1483 903 1559 quomodo
917 1482 986 1543 istis
1000 1481 1122 1559 propitii

147 1572 234 1640 sunt,
257 1565 368 1641 quibus
390 1567 473 1627 bono
494 1581 531 1626 ac
550 1566 683 1640 benigno
703 1569 788 1628 voltu
804 1569 885 1627 mala
898 1567 1062 1641 magnilica
1075 1566 1122 1628 tri·

145 1649 291 1723 buerunt,
313 1649 354 1709 ad
373 1650 433 1711 hoc
453 1665 547 1709 unum
562 1651 713 1725 excusati,
734 1651 819 1725 quod
832 1651 913 1724 ista,
930 1666 1011 1725 quac
1024 1656 1122 1724 urunt,

148 1749 228 1810 quae
242 1731 432 1808 excruciant,
454 1732 631 1808 optantibus
647 1733 718 1794 data
732 1741 813 1795 sunt.

106 1827 140 1883 13
208 1817 271 1876 Iam
287 1815 489 1891 inprimebam
504 1816 653 1891 epistulae
668 1816 803 1892 signum=
824 1817 1011 1878 resolvenda
1021 1823 1078 1892 est,
1092 1823 1122 1878 ut

147 1916 216 1960 cum
237 1898 357 1960 solenni
377 1900 417 1959 ad
439 1907 469 1961 te
481 1901 665 1961 munusculo
680 1900 782 1961 veniat
795 1908 826 1962 et
839 1901 972 1976 aliquam
985 1900 1121 1976 magnili-

147 1998 213 2043 cam
238 1998 346 2044 vocem
370 1984 448 2045 ierat
472 1999 592 2045 secumz
618 1989 648 2044 et
674 1985 806 2045 occurrit
829 1983 902 2044 mihi
922 1999 998 2044 ecce
1017 1983 1121 2045 nescio

145 2073 245 2127 utrum
265 2067 367 2128 verior
383 2082 422 2126 an
437 2065 638 2142 eloquentior.
665 2069 816 2142 „euiust“
842 2067 960 2142 inquis:
988 2066 1119 2143 Epicuri.

104 2150 246 2219 itadhuc
267 2150 347 2210 enim
369 2150 484 2211 'alienas
506 2151 643 2210 sarcinas
664 2151 786 2212 adiero=
817 2151 950 2226 „Nemo
973 2150 1121 2212 nonita

146 2234 263 2293 exite
282 2235 376 2309 vita,
397 2240 585 2316 tamquam
607 2235 716 2295 modo
738 2234 980 2296 intraverit.“
1015 2233 1120 2308 Quem·

146 2333 277 2392 cumque
291 2319 338 2378 vis
352 2333 487 2394 occupa,
508 2318 752 2393 adulescentem,
768 2333 888 2390 senem,
906 2317 1057 2379 medium=
1079 2318 1119 2378 iu·

146 2402 251 2461 venies
271 2417 371 2477 aeque
391 2401 528 2462 timidum
545 2402 667 2475 mortis,
688 2417 788 2477 aeque
801 2400 932 2462 inscium
947 2401 1037 2461 vitae.
1070 2416 1120 2463 no-

144 2500 195 2545 mo
217 2484 381 2560 quicquam
401 2484 494 2544 habet
513 2485 598 2544 lacti=
617 2483 648 2544 in
665 2485 797 2546 futurum
812 2484 892 2545 enim
907 2490 1014 2546 nostra
1028 2484 1120 2546 distu-

144 2568 244 2627 limus.
278 2568 358 2628 Nihil
377 2583 426 2626 me
439 2567 535 2642 magis
551 2566 587 2626 in
598 2568 657 2628 ista
673 2584 750 2630 voce
764 2568 909 2641 delectat,
931 2584 1024 2644 quam
1039 2566 1121 2643 quod

102 2660 136 2713 15
145 2649 348 2725 exprobratur
361 2649 487 2710 senibus
498 2650 633 2711 infantia.
669 2652 793 2727 „Nema
810 2652 915 2728 inquit,
932 2650 1021 2714 aliter
1031 2667 1121 2728 quam

146 2732 300 2805 quomodo
322 2738 410 2792 natus
432 2739 495 2806 est,
520 2734 619 2794 exite
639 2734 731 2795 vita.“
767 2736 891 2796 Falsum
912 2742 974 2796 est:
998 2735 1120 2811 peiores

142 2814 289 2874 morimur
314 2832 406 2891 quam
434 2816 600 2878 nascimur.
624 2826 763 2879 nostrum
781 2818 879 2892 istud,
908 2834 970 2880 non
996 2825 1120 2881 naturae

145 2897 248 2959 vitium
264 2907 320 2960 est.
342 2899 394 2960 illa
405 2900 562 2961 nobiscum
574 2899 661 2977 queri
673 2902 765 2962 debet
775 2908 804 2963 et
814 2902 932 2961 diceret
954 2901 1121 2977 „quidhoc

143 2987 211 3042 est?
236 2981 303 3042 sinc
325 2983 540 3058 cupiditatibus
560 3001 617 3045 vos
638 2986 745 3060 genui,
768 2983 837 3045 sine
856 2985 1034 3061 timoribus,
1056 2985 1121 3046 sine

143 3066 375 3142 superstitione,
405 3066 472 3128 sinc
489 3067 619 3142 perfidia
640 3068 813 3143 ceterisque
831 3069 984 3143 pestibus=
1013 3070 1120 3144 quales

101 3146 276 3213 lointrastis
290 3151 401 3212 exite.“
428 3150 568 3226 Percepit
581 3152 775 3227 sapientiam,
799 3152 825 3212 si
838 3153 907 3227 quis
918 3158 980 3211 tam
991 3167 1120 3213 securus

98 3299 104 3308 ,
144 3234 288 3295 morietur
303 3251 395 3311 quam
410 3235 557 3295 nascitur:
579 3250 660 3296 nunc
674 3251 748 3295 vero
763 3236 964 3309 trepidamus,
984 3250 1055 3297 cum
1069 3251 1120 3312 pe·

143 3317 270 3379 riculum
291 3318 431 3378 accessit.
462 3334 524 3378 non
546 3316 664 3379 animus
685 3318 791 3390 nobis,
813 3335 875 3379 non
890 3320 977 3380 color
990 3326 1119 3381 constat

141 3399 286 3460 lacrimae
303 3401 377 3462 nihil
395 3403 573 3477 profuturae
593 3402 714 3463 cadunt.
743 3402 816 3475 quid
833 3409 881 3463 est
894 3402 1014 3478 turpius
1030 3418 1120 3478 quam

130 3479 174 3539 tin
192 3481 263 3557 ipso
278 3483 379 3543 limine
400 3486 570 3548 securitatis
594 3501 666 3546 esse
680 3485 863 3563 sollicitumt
897 3485 1000 3549 causa
1020 3491 1121 3549 autem
