2468 3930
133 213 195 276 ted
417 211 452 271 L.
473 209 620 271 ΑΝΝΑΕΙ
641 208 818 271 SENECAE

132 365 245 425 tionem
256 362 362 421 mortis
372 377 409 421 ac
422 370 534 422 metum
546 360 690 436 subripit=
703 376 765 420 non
775 357 946 421 iudicabam
957 375 1016 436 me,
1033 376 1105 429 curn

132 448 202 508 illos
223 445 403 521 superstites
419 445 637 519 relinquerem,
665 444 751 504 mori.
787 442 946 518 putabam,
968 443 1106 520 inquam,

132 547 181 590 me
194 529 345 589 victurum
360 544 420 588 non
440 528 597 599 cumillis,
617 527 674 591 sed
687 543 744 601 per
758 527 837 587 illos.
868 542 929 587 non
943 525 1106 589 effundere

132 612 205 672 mihi
220 612 359 686 spiritum
371 611 513 684 videbar,
536 610 593 670 sed
606 611 736 675 tradere.
768 609 853 671 Haec
869 609 940 671 mibi
955 610 1107 677 dederunt

132 696 319 756 voluntatem
341 693 505 754 adiuvandi
526 709 575 753 me
595 699 626 753 et
645 692 780 768 patiendi
802 709 892 754 omne
905 701 1105 755 tormentums

133 778 269 854 alioquin
283 776 483 837 miserrimum
498 785 559 851 est,
575 791 643 837 curn
658 777 790 837 animum
804 776 952 839 moriendi
965 777 1105 851 protece

105 861 192 935 5ris,
214 878 276 922 non
292 860 407 921 habere
421 861 554 920 vivendi.
588 859 638 919 Ad
657 859 735 921 haec
748 874 823 933 ergo
837 860 972 925 remedia
985 868 1016 920 te
1031 875 1104 922 con·

133 945 188 1004 ier.
208 945 347 1005 medicus
362 944 415 1004 tibi
430 951 574 1018 quantum
589 943 742 1017 ambules,
758 950 904 1018 quantum
918 943 1103 1016 exercearis,

132 1027 323 1088 monstrabit.
359 1043 398 1086 ne
412 1028 572 1101 indulgeas
589 1026 666 1099 otio,
686 1026 727 1085 ad
742 1027 826 1100 quod
841 1027 939 1100 vergit
952 1028 1035 1087 iners
1051 1043 1104 1087 ve·

133 1111 238 1172 litudo.
267 1119 300 1171 ut
320 1112 405 1184 legas
425 1111 537 1172 clarius
552 1118 582 1171 et
596 1109 750 1185 spiritum,
773 1112 860 1173 cuius
881 1109 938 1171 iter
955 1127 997 1171 ec
1016 1125 1101 1175 rece·

133 1195 288 1270 ptnculum
303 1194 435 1267 laborat,
457 1208 613 1253 exerceas.
640 1200 674 1254 ut
686 1193 814 1267 naviges
828 1200 860 1253 et
880 1193 1000 1253 viscera
1020 1193 1104 1253 molli

133 1278 295 1338 iactatione
312 1276 478 1337 concuties.
508 1277 619 1350 quibus
634 1275 711 1336 cibis
725 1277 830 1337 utaris.
862 1277 966 1341 vinum
978 1277 1102 1353 quando

133 1360 242 1420 virium
263 1376 357 1420 seusa
372 1360 521 1432 advoces,
544 1360 666 1434 quando
684 1360 876 1433 intermittas,
898 1375 938 1421 ne
951 1359 1054 1421 inritet
1072 1365 1103 1419 et

134 1451 296 1519 exasperet
317 1443 440 1502 tussim=
472 1441 603 1517 egotibi
631 1442 705 1502 illud
729 1444 902 1518 praecipio,
936 1443 1018 1517 quod
1037 1458 1098 1502 non

132 1529 248 1586 tantum
262 1526 352 1586 huius
367 1525 479 1597 morbi,
496 1526 550 1585 sed
568 1526 659 1585 totius
674 1525 754 1585 vitae
767 1525 935 1586 remedium
951 1532 1010 1586 sst=
1025 1540 1097 1584 con-

133 1616 233 1668 temne
249 1617 384 1668 mortem.
413 1609 486 1668 nihil
500 1609 585 1668 triste
600 1614 662 1681 est,
679 1624 748 1668 cum
763 1609 853 1669 huius
868 1618 979 1671 metum
993 1607 1099 1683 elingi-

105 1707 212 1765 ὅπως.
241 1692 484 1753 Triaheecin
500 1692 1007 1766 omnimorbograviasuntr
1026 1707 1100 1751 me·

135 1783 195 1836 tus
220 1776 369 1846 mortis,
403 1776 513 1836 dolor
538 1776 733 1851 corporis,
766 1775 1009 1837 intermissio
1034 1791 1098 1837 vn-

134 1859 336 1933 luptetum.
364 1859 415 1919 De
435 1859 666 1919 mortesatis
682 1860 912 1920 dictumest:
932 1859 1102 1923 hocunum

134 1941 249 2015 dicam,
271 1957 332 2000 non
347 1942 444 2001 morbi
459 1941 540 2001 hunc
556 1957 642 2015 esse,
664 1943 721 2001 sed
734 1950 859 2003 naturae
874 1949 995 2003 metum.
1026 1941 1101 2003 mul·

134 2032 233 2086 torum
257 2032 384 2085 mortem
405 2023 521 2085 distulit
545 2025 669 2086 morbus
693 2032 723 2085 et
742 2025 832 2086 saluti
851 2027 910 2087 illis
930 2024 986 2087 luit
1006 2023 1101 2087 videri

134 2109 244 2181 perire.
285 2106 441 2182 Morieris,
465 2124 527 2169 non
552 2109 624 2184 quie
646 2117 805 2183 aegrotas,
830 2109 887 2169 sed
917 2109 989 2187 quin
1010 2106 1100 2171 vivis.

134 2189 193 2251 istu
206 2198 236 2252 te
250 2207 300 2253 res
314 2200 344 2252 et
358 2197 497 2251 sanatum
510 2198 626 2252 menet:
642 2207 710 2259 cum
725 2193 931 2267 convalueris,
946 2208 1008 2252 non
1022 2207 1101 2251 mor·

105 2280 208 2350 ptem,
235 2275 292 2335 sed
305 2274 503 2336 valitudinem
522 2274 661 2351 effugies.
693 2276 744 2339 Ad
757 2277 832 2336 illud
847 2292 929 2337 nunc
943 2276 1102 2351 proprium

133 2357 357 2423 incommodum
369 2366 570 2419 revertamur:
596 2373 756 2432 magnos
771 2359 969 2421 cruciatus
985 2358 1102 2421 hebet

58 2478 62 2484 -
132 2442 297 2505 morbus.
336 2442 394 2500 sed
417 2441 476 2501 hos
503 2442 677 2504 tolerabiles
695 2443 853 2505 intervalla
872 2441 995 2503 iaciunt
1030 2456 1100 2505 narn

133 2524 243 2587 sanant
258 2525 374 2585 doloris
388 2525 512 2587 intentio
528 2525 641 2584 invenit
654 2526 754 2589 linem.
788 2541 877 2587 nemo
894 2532 997 2602 potest
1009 2525 1100 2585 valde

133 2607 241 2669 dolere
255 2616 285 2670 et
299 2607 366 2671 diua
393 2608 439 2669 sic
454 2624 512 2668 nos
527 2606 734 2669 amantissima
754 2609 851 2670 nostri
866 2617 972 2671 natura
993 2608 1099 2683 dispo·

104 2690 206 2763 seuit,
223 2698 256 2751 ut
271 2690 409 2753 dolorem
424 2698 476 2751 aut
488 2689 675 2756 tolerabilem
688 2701 739 2752 eut
753 2693 875 2753 brevem
888 2694 1010 2755 laceret.
1035 2690 1099 2751 Ma-

132 2769 206 2831 ximi
221 2770 348 2833 dolores
360 2770 390 2829 in
405 2772 590 2833 macerrimis
602 2775 773 2837 consistunt
789 2776 928 2851 corporis
944 2775 1082 2850 partibus
1090 2795 1103 2830 ε,

131 2854 219 2914 nervi
243 2853 422 2930 articulique
443 2864 473 2915 et
493 2856 639 2933 quicquid
664 2859 745 2919 aliud
768 2859 847 2919 exile
868 2866 928 2932 est,
950 2856 1099 2921 acerrime

132 2936 245 3010 saevit,
267 2953 335 3000 cum
355 2939 386 2997 in
407 2948 471 2999 arto
493 2938 565 3000 vitia
582 2942 732 3016 concepit.
767 2943 824 3002 sed
846 2942 904 3003 cito
919 2941 979 3001 hae
994 2948 1098 3016 partes

132 3020 355 3095 obstupescunt
381 3029 411 3082 et
437 3023 506 3097 ipso
532 3023 638 3083 dolore
659 3040 783 3085 sensum
811 3026 926 3086 doloris
950 3024 1115 3097 emittunt,-

131 3103 197 3165 sive
213 3105 284 3180 quia
299 3105 423 3180 spiritus
437 3106 567 3167 naturali
580 3106 750 3181 prohibitus
768 3125 860 3171 cursu
874 3116 904 3168 et
919 3114 1053 3171 mutatus
1067 3106 1099 3167 in

132 3188 219 3263 peius
236 3190 296 3248 vim
311 3206 408 3262 suam,
424 3206 485 3265 qua
499 3192 581 3265 viget
594 3191 799 3268 admonetque
813 3209 882 3266 uos,
900 3191 1011 3267 perdit,
1031 3191 1099 3257 sive

131 3270 203 3344 quia
217 3281 379 3348 corruptus
396 3273 518 3346 humor,
535 3290 604 3335 cum
619 3275 708 3336 desiit
724 3275 852 3351 habere,
875 3293 937 3352 quo
953 3273 1097 3347 confluet,

130 3353 200 3428 ipse
216 3370 250 3414 se
265 3357 348 3417 elidit
365 3364 395 3416 et
406 3357 456 3432 iis,
478 3373 557 3433 quae
571 3357 660 3419 nimis
676 3359 817 3434 inplevit,
833 3359 947 3419 excutit
961 3374 1098 3419 sensum.

103 3446 119 3499 9
132 3434 183 3497 Sic
194 3439 333 3514 podagra
345 3448 375 3499 et
383 3440 520 3516 chiragra
527 3449 556 3502 et
563 3442 661 3505 omnis
668 3443 876 3503 vertebrarum
888 3444 977 3508 dolor
987 3450 1018 3503 et
1028 3457 1098 3511 not·
