2468 3930
134 260 137 266 .
202 208 263 273 128
510 211 543 268 L.
564 209 712 270 ANNAEI
734 209 908 270 SENECAE

173 365 189 423 l
202 363 334 423 dientem
359 360 390 421 in
418 377 482 420 rem
508 367 700 435 praesentem
727 359 891 420 adducant.
936 358 1074 421 Sextium
1103 376 1179 423 ecce

203 462 270 506 cum
290 445 421 504 maxime
447 445 532 518 lego,
556 444 652 503 virum
675 458 791 518 acrem,
822 443 945 503 Graecis
973 443 1088 515 verbis,
1115 446 1178 507 Ro-

202 527 302 587 manis
317 526 454 588 moribus
470 527 747 602 philosophantem.
783 527 879 587 movit
888 542 937 586 me
952 528 1054 600 imago
1070 527 1109 589 ab
1125 529 1177 590 illo

203 611 319 687 posita=
333 614 379 671 tre
392 613 540 686 quadrato
557 614 675 686 auratae
688 613 865 684 exereitum,
879 611 931 671 ubi
944 612 1033 671 bostis
1045 612 1084 671 ab
1097 616 1180 675 omui

199 701 289 771 purte
308 703 458 770 suspectus
477 702 534 767 est,
553 711 676 769 pupuue
691 700 854 768 puratum:
882 695 975 767 idem,
995 694 1108 769 inquit,
1128 713 1172 756 su·

199 782 286 855 piens
297 779 405 851 fucere
422 779 520 839 debet:
536 794 634 838 omues
648 780 768 837 virtutes
781 793 852 837 saus
865 779 997 852 undique
1009 781 1177 853 expandat,

203 868 235 922 ut
247 863 420 936 mirumque
433 863 535 935 infesta·
547 863 663 936 aliquid
674 864 800 933 orietur,
816 863 878 921 illic
885 871 1003 936 parata
1017 864 1177 936 praesidia

202 949 262 1006 siut
273 952 303 1006 et
316 947 359 1005 ud
370 952 472 1006 nutum
487 949 614 1020 repentis
630 947 693 1005 siue
707 947 831 1004 tumultu
843 946 1050 1018 respondeant.
1094 944 1179 1018 Quod

202 1032 234 1090 in
254 1031 431 1091 exercitibus
450 1032 500 1103 r'r's,
520 1045 592 1104 quos
610 1031 802 1103 imperotores
821 1031 923 1101 mount
934 1029 1091 1102 ordinant,
1108 1033 1180 1103 fieri

203 1114 347 1188 uidemus,
363 1121 396 1173 ut
414 1116 569 1188 imperium
591 1114 676 1172 ducis
694 1114 782 1171 simul
803 1127 902 1171 omues
919 1113 1023 1186 eopt'ue
1041 1116 1173 1185 sentiant

203 1199 246 1257 sie
259 1199 425 1272 dispositae,
438 1203 471 1257 ut
482 1200 597 1271 stpuum
611 1197 649 1255 ab
661 1211 721 1255 uno
734 1196 836 1254 dutum
845 1196 975 1269 peditem
988 1197 1076 1255 simut
1090 1200 1177 1270 equi-

203 1287 316 1354 temque
328 1291 510 1355 percurrat:
531 1281 586 1340 boe
607 1282 760 1354 aliquanto
780 1282 876 1352 meets
895 1281 1095 1339 necessarium
1115 1296 1177 1340 esse

175 1365 285 1424 euobis
303 1363 357 1423 ait=
380 1362 422 1421 illi
443 1362 521 1420 enirn
545 1379 640 1437 saepe
663 1362 783 1421 hostem
798 1361 923 1421 timuere
941 1362 1008 1421 sine
1022 1377 1118 1423 causa
1131 1369 1177 1423 tu-

204 1446 416 1520 tissimumque
440 1445 499 1505 illis
524 1445 581 1506 iter
606 1446 690 1520 quod
715 1445 979 1519 suspectissimum
1004 1445 1075 1505 luitz
1104 1445 1177 1505 nihil

205 1529 328 1589 stultitia
341 1537 484 1603 pacatum
498 1529 598 1588 habet.
631 1536 690 1588 tam
705 1542 839 1601 superne
853 1527 895 1587 illi
909 1535 1008 1588 metus
1022 1537 1071 1590 est
1085 1544 1177 1604 quam

204 1614 291 1671 inira.
330 1620 491 1686 utrumque
516 1611 648 1687 trepidat
671 1614 761 1672 latus.
798 1618 967 1686 sequuntur
990 1613 1128 1686 pericula
1147 1619 1177 1672 et

205 1704 376 1758 occurrunt.
399 1697 438 1755 ad
454 1696 553 1756 omnia
568 1702 672 1770 pavet,
694 1695 833 1769 inparata
848 1702 895 1777 est
909 1701 940 1754 et
952 1694 1029 1769 ipsis
1048 1703 1178 1757 terretur

205 1777 342 1839 auxiliis:
358 1778 483 1853 sapiens
499 1786 599 1838 autem
615 1779 654 1838 ad
668 1794 789 1839 omnem
803 1779 959 1838 incursum
973 1779 1117 1851 munitus,
1132 1779 1176 1838 in-

205 1868 321 1936 tentus,
342 1878 403 1922 non
423 1863 449 1922 si
470 1869 652 1937 paupertas,
666 1879 727 1923 non
748 1863 774 1922 sl
794 1863 909 1937 luctus,
930 1878 991 1922 non
1008 1864 1034 1923 si
1049 1861 1176 1937 ignomi-

205 1947 269 2017 nia,
293 1947 402 2006 nonvsi
423 1946 511 2006 dolor
527 1948 661 2020 inpetum
677 1946 782 2018 saciat,
799 1947 910 2020 pedem
930 1947 1050 2007 referet
1085 1946 1177 2005 inter-

176 2028 281 2089 9ritus
296 2036 327 2090 et
347 2038 452 2090 contra
472 2030 523 2089 illa
542 2031 595 2090 ibit
614 2038 644 2089 et
658 2031 736 2089 inter
749 2029 810 2088 illa.
845 2028 909 2089 Nos
925 2030 1017 2090 multa
1030 2027 1176 2103 adligant,

205 2114 298 2173 multu
312 2113 476 2173 debilitant.
508 2113 560 2174 diu
574 2114 603 2172 in
619 2114 684 2174 istis
700 2112 779 2173 vitiis
797 2111 961 2185 mouimus,
979 2112 1039 2172 elui
1053 2112 1178 2173 dilflcile

205 2204 261 2255 est.
296 2212 357 2256 non
379 2199 458 2256 enirn
478 2196 625 2272 lnquiuati
646 2213 768 2268 sumus,
791 2196 847 2256 sed
862 2197 973 2256 iniecti.
1005 2195 1050 2254 Ne
1066 2196 1106 2256 ab
1119 2195 1179 2255 alia

205 2281 337 2354 imagine
361 2281 400 2341 ad
425 2281 514 2341 aliam
540 2289 747 2353 transeamus,
778 2280 850 2339 hoo
873 2295 1070 2355 quaeram,
1094 2277 1179 2354 quod

206 2380 300 2440 saepe
320 2381 438 2426 mecum
460 2365 606 2440 dispicio,
630 2364 721 2440 quid
749 2364 883 2424 itanos
908 2363 1080 2423 stultitia
1104 2369 1179 2423 tam

204 2449 465 2523 pertinaciter
487 2454 638 2509 teneat?
672 2447 771 2507 Primo
794 2447 945 2521 quianon
967 2444 1179 2507 lortiterillam

204 2533 381 2606 repellimus
406 2547 464 2591 nec
488 2539 551 2591 toto
573 2533 611 2591 ad
636 2532 764 2591 salutem
785 2530 891 2605 inpetu
912 2528 1048 2604 nitimur,
1065 2528 1179 2589 deinde

206 2615 278 2688 quia
303 2615 369 2686 illa,
393 2630 472 2688 quae
497 2630 515 2672 a
541 2614 729 2688 sapientibus
755 2614 829 2674 viris
853 2619 977 2688 reperta
1002 2619 1089 2687 sunt,
1115 2628 1179 2674 non

206 2695 280 2756 satis
297 2696 450 2756 credimus
471 2713 528 2756 nec
551 2698 665 2772 apertis
685 2698 862 2772 pectoribus
882 2697 1039 2758 haurimus
1059 2695 1179 2757 leviter-

165 2786 346 2854 loquelam
366 2795 493 2853 magnae
515 2780 559 2840 rei
579 2781 754 2842 insistimus.
797 2781 1056 2855 Quemadmodum
1077 2785 1180 2851 autem

205 2868 308 2938 potest
324 2861 450 2938 aliquis,
473 2873 617 2937 quantum
632 2866 706 2924 satis
726 2866 779 2940 sit,
795 2865 945 2924 adversus
961 2863 1034 2924 vitia
1047 2861 1178 2937 discere,

206 2945 258 3022 qui
274 2953 419 3020 quantum
433 2964 451 3006 a
465 2948 545 3008 vitiis
561 2957 664 3022 vacat,
685 2949 795 3009 discit?
829 2963 918 3007 nemo
934 2953 1072 3008 nostrum
1089 2944 1119 3006 in
1136 2947 1178 3007 ul-

204 3038 266 3091 tum
283 3031 453 3091 descendit.
487 3049 605 3093 summa
621 3040 735 3093 tanturn
755 3030 967 3106 decerpsimus
988 3037 1019 3092 et
1034 3029 1180 3105 exiguum

204 3116 350 3190 temporis
371 3117 550 3191 inpendisse
564 3115 780 3191 philosophiae
794 3115 869 3175 satis
885 3115 1069 3188 abundeque
1086 3129 1179 3175 occu·

162 3211 194 3264 11
204 3197 284 3273 patis
299 3200 364 3260 luit.
403 3201 480 3260 lllud
494 3199 661 3276 praecipue
679 3201 808 3275 inpedit,
833 3198 916 3274 quod
932 3200 991 3260 cito
1007 3195 1098 3258 nobis
1113 3198 1180 3273 pla*

205 3297 325 3344 cemus:
354 3282 380 3343 si
405 3284 591 3359 invenimus,
621 3283 673 3358 qui
693 3300 750 3344 nos
771 3284 870 3344 bonos
893 3281 976 3344 viros
1005 3280 1103 3355 dieat,
1127 3278 1181 3357 qui

204 3368 385 3441 prudentes,
403 3367 454 3442 qui
470 3376 611 3439 sanctos,
632 3367 837 3442 agnoscimus.
859 3382 921 3426 non
936 3381 1042 3427 sumus
1056 3364 1180 3426 modica

203 3449 378 3511 laudatione
392 3451 539 3512 contenti:
556 3451 701 3528 quicquid
715 3452 745 3510 in
761 3467 818 3511 uos
831 3451 963 3512 adulatio
979 3449 1047 3511 sine
1058 3448 1180 3526 pudore
