2468 3930
497 255 733 310 PRAEFA'MO.
1072 269 1120 312 xxi

102 395 209 447 adseut.
220 393 262 445 73.
283 393 319 451 ci.
337 409 379 460 ep.
399 393 459 455 114,
480 394 504 445 l.
525 403 610 454 contra
623 395 788 446 manifestum
805 401 843 444 est
854 395 994 445 sententias
1006 393 1077 445 39-
1087 395 1121 447 43

101 463 239 515 trauslataa
257 477 315 514 esse
330 479 363 514 ex
375 463 439 514 libro
458 464 490 514 de
507 480 570 520 rem.
588 465 648 516 fort.
667 466 692 526 2,
710 463 736 518 3.
756 466 780 524 7,
802 462 877 514 1-3.
894 463 925 525 8,
944 466 970 518 2.
989 479 1049 514 nam
1064 479 1123 514 sen-

101 535 180 584 tentia
198 533 241 583 42.
257 547 358 596 qnoque
376 540 401 583 et
420 548 450 583 ec
465 532 521 584 lccc
538 535 623 600 posita
639 541 678 584 εει
695 543 719 584 ει
731 548 788 583 eam
801 532 909 583 icrmam
927 533 1011 594 babet,
1030 540 1058 582 ut
1075 534 1122 583 du-

101 603 174 653 bium
189 616 241 652 non
256 601 289 651 sit
301 602 363 664 quin
376 602 484 651 eundern
502 610 576 666 atque
592 604 706 667 reliquae
725 602 821 652 iontem
832 601 940 663 habeat;
957 603 1121 666 quamobrem

101 687 158 722 eam
174 670 275 722 restitui
291 670 356 721 libro
375 671 407 720 de
423 685 485 720 rem.
501 671 559 722 fort.
577 688 601 724 c.
620 674 651 733 7,
669 671 694 723 3.
714 673 830 734 quamvis
850 671 885 721 ibi
901 686 984 735 neque
999 673 1025 722 in
1044 671 1120 722 codd.

101 755 164 790 mes.
185 753 269 803 neque
286 740 311 788 in
334 739 394 794 edd.
419 739 532 805 legatur,
554 756 584 792 ac
605 741 707 791 videtur
730 741 793 790 mibi
815 739 858 790 hic
878 740 949 790 locus
971 749 1121 807 argumento

101 824 160 860 esse
181 808 275 859 librum
299 809 330 859 de
353 824 415 861 rem.
439 808 497 861 icrt.
517 808 597 860 inisse
619 809 663 860 illc
680 818 794 875 tempore
812 808 942 873 aliquanto
961 811 1121 875 ampliorem,

100 893 159 928 oum
176 878 242 928 liber
266 877 298 926 de
321 879 433 927 moribus
457 877 578 928 collectus
598 885 645 928 est.
681 878 812 929 Praeterea
834 894 866 928 ex
885 879 988 929 amissis
1011 878 1123 930 Senecae

100 947 173 998 libris
190 946 298 1013 petitam
314 961 371 996 esse
386 948 569 997 sententiarum
585 955 693 1013 partem,
709 949 773 997 satis
791 947 913 998 credibile
929 956 981 1008 est,
997 964 1080 1012 neque
1095 949 1123 998 id

100 1027 188 1067 tamen
207 1022 274 1066 certo
293 1016 438 1066 testimonio
454 1015 599 1067 confirmare
611 1031 678 1067 nunc
689 1031 808 1081 possum;
826 1030 887 1066 nam
904 1018 982 1067 verba
995 1017 1041 1067 illa
1053 1016 1122 1082 apud

100 1084 322 1144 temnaicum,
342 1083 390 1148 lb,
407 1085 453 1135 14:
479 1087 551 1151 atqui
571 1085 633 1136 nibil
654 1087 759 1135 interest
781 1111 816 1122 —
838 1088 933 1136 amnuo
950 1101 999 1137 reon
1016 1087 1123 1145 videtur,

100 1169 168 1218 quae
183 1153 304 1218 leguntur
325 1154 386 1203 item
407 1154 435 1203 in
457 1163 522 1208 sent.
542 1153 568 1205 3.
585 1156 611 1205 4.
632 1168 682 1204 ncn
699 1153 786 1204 dubito
805 1154 867 1216 quin
881 1162 950 1204 recte
965 1156 1123 1205 Bneneman·

100 1238 150 1274 nus
161 1221 288 1272 Lactantii
301 1237 357 1272 esse
369 1222 509 1284 censuerit,
528 1237 579 1272 non
592 1222 718 1281 Senecae,
739 1223 811 1270 cuius
823 1221 894 1272 locus
908 1223 1047 1284 antecedit3
1067 1223 1121 1276 vid.

101 1292 198 1358 fragm.
217 1290 259 1344 20.
285 1305 362 1354 quare
377 1289 548 1342 Christianum
563 1291 693 1342 hominem
722 1290 805 1353 quarti
829 1291 942 1354 quintine
960 1291 1054 1352 seculi,
1080 1292 1124 1354 qui

99 1361 233 1412 Lactantio
254 1366 379 1420 uteretur,
401 1362 494 1410 mirum
511 1369 615 1412 nonest
632 1368 696 1414 sent.
715 1361 749 1411 55
773 1358 950 1426 eleemosynae
968 1361 1124 1410 mentionem

101 1431 210 1489 iecisse,
226 1443 379 1493 quamquam
397 1428 473 1480 facile
486 1428 542 1480 lieri
556 1430 653 1495 potuit,
672 1438 701 1479 ut
716 1436 783 1479 esset
798 1429 966 1480 nihilominus
984 1429 1047 1480 baec
1062 1445 1124 1494 quo-

101 1515 152 1564 que
169 1500 295 1549 sententia
313 1496 437 1562 Senecae,
462 1499 506 1562 qui
524 1499 551 1548 in
569 1515 599 1550 ea
617 1514 667 1549 ncn
691 1497 878 1565 eleemosynam
902 1499 950 1550 sed
972 1499 1123 1550 beneficium

101 1569 225 1629 dixisset3
251 1567 345 1618 diaboli
363 1567 544 1633 appellationi,
563 1583 629 1632 quae
644 1568 735 1619 deiude
760 1571 873 1632 sequitur
894 1575 958 1620 sent.
984 1568 1043 1622 143.
1072 1583 1124 1618 non

101 1638 211 1689 multum
226 1637 326 1699 tribuo,
350 1638 409 1699 quis
432 1636 570 1687 verisimile
592 1647 630 1688 est
651 1636 801 1687 sententiam
819 1637 890 1688 illam
913 1653 971 1687 cum
993 1638 1123 1701 sequenti-

100 1708 150 1758 bus
166 1706 252 1757 aliena
267 1721 345 1756 mauu
362 1720 420 1756 εεεε
434 1707 461 1756 in
475 1704 526 1755 fine
544 1706 666 1758 adiectas.
704 1705 756 1756 Sed
779 1707 811 1756 de
829 1706 941 1758 fontibus
962 1706 1040 1756 buius
1064 1705 1124 1756 libri

101 1791 153 1826 uon
174 1783 213 1826 est
238 1775 280 1826 bic
299 1774 401 1825 dicendi
424 1775 511 1834 locus;
541 1782 580 1826 est
608 1776 676 1826 enim
701 1774 812 1826 difficilis
835 1777 951 1840 quaestio
979 1791 1009 1825 ac
1036 1774 1123 1840 digna,

101 1860 168 1908 qnae
184 1846 322 1910 separatim
337 1851 361 1895 et
374 1851 492 1894 accurate
504 1845 659 1901 instituatur.
686 1844 755 1904 Quae
770 1860 831 1896 vero
849 1847 876 1894 iu
894 1844 1045 1909 quibusdam
1062 1843 1121 1897 edd.

102 1921 162 1965 vett.
183 1928 267 1977 neque
284 1928 341 1964 raro
359 1914 385 1964 in
403 1913 479 1966 codd.
504 1928 567 1965 mss.
586 1913 701 1965 feruntur
719 1913 865 1964 Senecae
886 1915 1067 1980 proverbia
1091 1914 1124 1963 ad

101 1982 245 2034 litterarum
262 1982 378 2033 ordinem
392 1984 547 2047 composita,
570 1998 600 2034 ea
623 1999 672 2050 ego
689 1983 836 2048 recipienda
852 1997 903 2033 ncn
928 1983 1039 2034 iudicavi
1064 1996 1124 2047 prc-

101 2059 190 2118 pterea
206 2050 276 2116 quod
289 2051 365 2118 louge
378 2050 489 2116 plurima
502 2059 560 2102 suut
573 2053 689 2104 versibus
702 2053 799 2117 scripta
816 2060 841 2103 et
859 2069 873 2103 ε
886 2054 992 2105 Publilio
1013 2066 1124 2102 maxime

102 2121 221 2182 collecta3
245 2135 310 2184 quae
328 2127 413 2171 autem
435 2122 462 2170 in
481 2121 582 2172 litterae
600 2123 723 2185 cuiusque
746 2121 797 2172 fine
817 2136 849 2172 ex
864 2119 974 2171 Senecae
990 2120 1063 2172 libris
1079 2119 1124 2169 ad-

103 2191 203 2240 iunctae
218 2189 379 2254 reperiuntur
396 2192 551 2252 sententiae,
576 2205 622 2240 eae
637 2206 684 2241 nec
698 2190 792 2240 multae
808 2197 867 2240 sunt
882 2205 930 2241 nec
945 2192 1048 2256 ignotos
1068 2189 1113 2239 lon

102 2267 139 2309 tes
155 2258 252 2309 babere
269 2258 394 2308 videntur.

63 2388 68 2396 ¹
170 2326 258 2377 Satius
276 2327 360 2377 visum
385 2334 423 2376 εει
446 2325 578 2377 Martini
604 2326 792 2377 Dumiensis
814 2327 907 2377 librum
928 2328 1053 2387 adiicere,
1079 2328 1122 2390 qui

102 2396 139 2446 de
158 2402 319 2460 quattuor
332 2396 519 2446 virtutibus
535 2395 763 2447 cardinalibus
778 2404 822 2445 ant
841 2395 878 2446 de
900 2394 1044 2446 formula
1061 2393 1123 2444 hc-

102 2474 215 2515 uestae
230 2464 320 2516 vitae
337 2465 441 2515 inscribi
460 2464 538 2524 solet,
556 2465 642 2516 medio
660 2465 703 2515 ille
716 2479 779 2516 aevo
797 2463 908 2514 Senecae
924 2465 1027 2513 nomine
1043 2465 1123 2513 notis-

102 2535 200 2594 simus3
228 2547 276 2584 nec
301 2534 376 2584 credo
399 2533 480 2583 ullum
502 2535 642 2599 genuinum
663 2533 774 2584 Senecae
790 2532 882 2583 librum
898 2532 962 2582 adeo
979 2532 1124 2595 frequenter

102 2603 195 2653 lectam
213 2610 238 2652 ει
256 2602 410 2667 descriptum
431 2618 461 2653 ac
486 2604 589 2654 citatum
611 2618 679 2664 esse;
702 2604 762 2653 item
786 2603 910 2654 editiones
931 2602 987 2653 eius
1008 2607 1124 2652 vetustae

102 2678 203 2722 exstem
217 2669 288 2721 haud
305 2686 418 2736 paucac;
438 2687 514 2735 quare
532 2671 603 2723 nolui
622 2674 653 2723 ab
670 2673 717 2733 iis,
737 2673 780 2735 qui
796 2673 874 2723 medii
891 2672 949 2724 aevi
967 2671 1064 2723 litteras
1078 2685 1123 2720 cu·

101 2747 173 2801 rant,
191 2740 332 2790 desiderari
346 2741 440 2791 librum
458 2742 551 2791 totiens
565 2750 747 2803 memoratum,
765 2742 916 2807 praesertim
927 2756 985 2791 cum
1001 2755 1049 2791 suc
1062 2754 1124 2803 quc·

102 2824 152 2872 quc
168 2809 252 2874 pretio
269 2823 321 2859 non
339 2809 460 2876 indignus
478 2810 526 2869 sit,
550 2811 638 2873 quiin
657 2824 747 2860 manus
766 2811 898 2861 bominum
918 2810 1014 2860 redeat.
1048 2811 1124 2860 Prae·

103 2877 226 2927 lationem
244 2877 278 2927 ad
292 2878 417 2929 Miconem
433 2893 521 2945 regem
535 2880 670 2944 scriptam,
686 2894 752 2943 quae
767 2895 782 2930 a
799 2881 947 2946 vulgaribus
963 2878 1039 2931 codd.
1061 2892 1123 2927 mss.

103 2947 308 3010 editionibusque
319 2948 403 3007 abest,
422 2948 546 3012 descripsi
560 2964 592 2998 ex
606 2947 735 2998 d’Acherii
744 2947 882 3014 Splcilegic
895 2956 958 2998 tom.
971 2947 1013 2997 llI.
1028 2946 1122 3011 (Paris.

105 3013 197 3082 1723.)
213 3029 275 3082 pag.
296 3013 356 3067 312.
372 3015 495 3081 prolatam
514 3031 529 3066 a
550 3017 587 3071 Ic.
607 3017 751 3067 Mobillcuio
770 3018 884 3068 scodice
903 3017 930 3071 S.
948 3015 1060 3081 Remigii
1075 3016 1124 3064 Re·

102 3083 216 3146 meusis3
236 3084 343 3135 eandem
359 3099 416 3135 cum
431 3093 485 3135 tcto
500 3085 604 3136 Martini
620 3085 685 3136 librc
698 3086 792 3136 editam
806 3101 863 3136 esse
878 3101 938 3135 cura
953 3085 1024 3134 Eliae
1037 3083 1125 3133 Vineti

101 3153 213 3204 Pictavis
231 3167 256 3202 a.
271 3153 349 3204 1544.
365 3160 474 3204 testatus
490 3163 529 3203 est
546 3155 581 3208 ib.
597 3153 725 3207 Balueius.
762 3155 802 3205 Ad
825 3154 918 3205 librum
936 3154 1022 3218 ipsum
1040 3164 1124 3200 emen-

103 3222 216 3272 dandum
232 3220 341 3272 multum
356 3222 420 3273 mihi
433 3221 532 3288 profuit
550 3224 606 3278 cod.
621 3223 725 3276 Vratisl.
744 3225 968 3281 membranaceus,
990 3234 1065 3282 quem
1082 3234 1124 3268 su·

102 3290 230 3356 predixi.
269 3289 343 3350 Quod
361 3292 438 3356 posui
456 3293 646 3358 inscriptionem
663 3291 723 3342 libri
750 3292 787 3342 de
814 3292 984 3344 verborum
1012 3289 1123 3353 copia,

102 3359 154 3410 ieci
172 3359 320 3410 testimonio
340 3360 440 3421 liberti,
463 3361 507 3422 qni
530 3361 556 3410 in
581 3360 698 3428 catalogo
723 3359 798 3410 codd.
822 3373 885 3409 mss.
904 3355 1061 3424 Guellerbpt.
1078 3357 1121 3411 Νι.

103 3426 163 3480 794.
174 3429 215 3478 sic
227 3427 379 3492 inscriptum
389 3429 503 3480 codicem
513 3439 649 3490 memorat;
667 3430 713 3480 sed
728 3443 759 3480 ea
769 3442 812 3479 res
825 3442 883 3478 cura
898 3427 962 3477 mira
977 3427 1040 3477 mibi
1059 3425 1125 3476 acci·

105 3497 175 3548 deret
184 3497 299 3547 maxime
310 3503 415 3564 propter
425 3497 543 3548 locumiu
552 3513 593 3563 ep.
603 3498 639 3548 IX
651 3498 761 3549 Senecae
774 3497 808 3547 ad
821 3495 936 3557 Paulum,
956 3497 1016 3562 qnia
1027 3496 1124 3562 epistu-
