2468 3930
140 212 179 278 78
407 213 441 273 L.
462 211 609 272 ANNAEI
632 209 808 272 SENECAE

139 366 257 426 videtur
277 372 308 425 et
326 363 433 426 tetrici.
466 363 592 423 Ariston
610 361 710 423 aiebat
729 363 840 437 „malle
856 367 914 436 [se]
930 362 1111 425 adrdesoen-

134 458 195 511 tem
205 451 321 510 tristem
332 464 424 524 quam
433 447 560 507 hilarem
571 453 600 505 et
610 445 770 507 amabilem
782 445 897 506 turbae.
914 447 1019 505 vinum
1029 445 1111 508 enim

136 533 249 595 bouum
269 532 350 606 fieri,
373 532 457 607 quod
478 545 588 590 reeens
604 529 713 589 durum
727 537 758 591 et
774 544 919 605 asperum
932 530 1033 590 visum
1047 538 1112 591 θεῖε

136 632 198 676 non
214 616 276 692 pati
290 622 434 690 aetatem,
458 613 542 689 quod
556 613 587 673 in
603 612 687 673 dolio
704 614 848 688 ptaouit.“
885 611 1044 673 sinaeum
1058 612 1111 674 tri-

135 709 212 761 stem
228 698 382 773 adpellem
395 706 426 760 et
439 696 592 757 inimicum
606 696 805 771 processibus
818 692 899 756 suis:
919 696 998 756 bene
1010 711 1046 756 εθ
1057 697 1112 758 da·

134 784 178 844 bit
193 783 224 842 in
241 788 392 843 vetustate
406 783 475 856 ipsa
490 778 621 852 tristitia,
641 787 818 854 perseveret
831 779 924 840 modo
938 781 1041 840 colere
1051 778 1113 841 vir-

135 873 243 939 tutem,
266 866 427 942 perbibere
444 864 582 923 liberalia
605 862 721 936 studia,
744 879 805 923 non
825 863 892 936 illa,
914 863 1026 939 quibus
1041 879 1112 939 per-

135 950 220 1010 tundi
242 949 317 1009 satis
339 955 399 1021 θεῖ,
422 947 479 1008 sed
499 947 592 1020 bueo,
614 946 726 1023 quibus
740 946 903 1021 tingendus
919 953 967 1007 est
980 946 1112 1007 animus.

105 1034 201 1094 tlloo
215 1039 264 1093 θεῖ
275 1030 415 1092 discendi
430 1039 561 1106 tempus.
597 1030 697 1104 „Quid
709 1036 805 1104 ergot
826 1028 955 1105 aliquod
968 1035 1031 1102 est,
1047 1045 1111 1105 quo

134 1133 195 1178 non
211 1117 250 1177 sit
265 1116 486 1176 discendunri‘
508 1113 640 1173 minime.
667 1112 726 1173 sed
740 1113 999 1188 quemadmodum
1013 1114 1111 1173 omni-

132 1200 191 1261 bus
214 1200 303 1259 annis
325 1199 450 1260 studere
471 1197 634 1258 honestum
648 1203 711 1271 est,
731 1197 773 1256 ita
789 1212 851 1258 non
866 1196 1009 1257 omnibus
1023 1197 1111 1257 iusti-

134 1285 186 1344 tui.
218 1283 317 1358 turpis
332 1289 363 1343 et
376 1281 504 1342 ridicula
517 1295 568 1340 res
583 1287 631 1340 est
645 1280 859 1341 elementarius
874 1295 986 1341 repexa
1008 1279 1112 1340 iuveni

135 1366 321 1442 parandum,
339 1364 406 1425 seni
418 1364 563 1425 utendum
574 1369 631 1423 θεῖ.
654 1364 748 1424 iacies
760 1363 1111 1438 ergoremutilissimam

133 1450 202 1521 tibi,
225 1447 254 1510 si
266 1447 351 1508 illum
365 1463 457 1522 quarn
470 1449 617 1523 optimum
629 1446 755 1507 ieoerisr
775 1447 853 1508 haee
864 1447 949 1508 aiunt
960 1446 1111 1508 beneficia

135 1547 208 1592 esse
227 1531 402 1605 expetenda
422 1531 662 1605 tribuendoque,
684 1547 746 1592 non
767 1530 859 1591 dubie
876 1529 993 1605 primae
1008 1529 1111 1602 sortis,

133 1700 192 1758 iam
211 1698 299 1758 liberi
316 1705 378 1758 est:
398 1696 575 1772 spopondit
597 1697 697 1759 minus
711 1704 810 1758 autern
826 1705 914 1773 turpe
928 1704 990 1772 θεῖ,
1012 1695 1110 1758 oredi-

133 1782 191 1842 tori
213 1798 304 1856 quarn
324 1781 392 1857 spei
413 1781 513 1841 bonae
532 1780 717 1855 decoquere.
752 1781 803 1840 Ad
819 1780 894 1841 illud
908 1796 961 1841 aes
977 1781 1111 1842 alienum

134 1865 316 1925 solvendum
346 1881 426 1939 opus
458 1871 506 1924 est
537 1864 703 1938 negotianti
731 1864 924 1938 navigatione
947 1878 1109 1939 prospera,

134 1964 239 2022 agrum
262 1947 373 2008 colenti
394 1947 532 2008 ubertate
554 1947 635 2020 eius,
661 1963 752 2023 quarn
775 1948 862 2020 oolit,
888 1954 1002 2021 terrae,
1031 1946 1111 2007 eoeli

133 2033 254 2090 lavore=
276 2032 327 2090 ille
348 2031 433 2106 quod
453 2031 557 2104 debet,
581 2031 649 2091 sola
667 2037 771 2105 potest
789 2030 944 2092 voluntate
963 2029 1110 2106 persolvi.

104 2115 166 2175 tin
187 2129 289 2174 mores
310 2116 433 2176 fortuna
451 2114 499 2175 ius
515 2113 693 2176 nonhabet.
715 2116 774 2176 hos
790 2115 948 2190 disponat,
969 2120 1111 2189 utquam

133 2196 401 2273 tranquillissimus
415 2198 466 2258 ille
480 2198 600 2258 animus
614 2197 655 2258 ad
672 2199 838 2274 perfeetum
854 2198 970 2271 veniat,
989 2197 1111 2272 quinae

132 2280 264 2342 ablatum
279 2282 338 2343 sibi
352 2281 517 2358 quiequam
531 2282 622 2343 sentit
636 2297 692 2342 noo
707 2283 874 2355 adiectum,
890 2281 989 2342 sedin
1000 2279 1111 2342 eodem

131 2365 237 2427 habitu
256 2372 317 2439 est,
340 2366 629 2441 quomodocumque
648 2381 700 2426 res
721 2366 843 2427 eadunt
871 2365 920 2426 oni
934 2364 1001 2425 sive
1015 2361 1109 2438 adge-

131 2456 238 2510 runtur
259 2450 396 2526 volgaria
416 2451 513 2522 bona,
536 2465 632 2524 supra
650 2465 702 2509 res
723 2465 797 2510 suas
818 2449 944 2522 eminet,
966 2447 1034 2508 sive
1054 2445 1108 2506 ali-

132 2533 262 2608 quidex
281 2533 348 2593 istis
371 2535 420 2593 vel
441 2532 542 2593 omnia
562 2548 654 2593 easus
675 2532 828 2604 excussit,
855 2531 955 2592 minor
979 2546 1041 2590 non
1066 2529 1109 2590 fit

103 2614 165 2677 iSi
185 2616 215 2675 in
235 2615 356 2674 Parthia
377 2622 466 2676 natus
487 2622 585 2690 esset,
607 2632 711 2677 areum
731 2616 831 2676 inians
843 2615 947 2676 statim
961 2614 1108 2676 tenderet

132 2699 159 2757 si
178 2696 209 2757 in
231 2697 404 2771 Germania,
430 2699 569 2773 protinus
592 2716 669 2775 puer
687 2708 824 2760 tenerum
841 2697 951 2759 hastile
964 2695 1108 2757 vibraret

131 2781 159 2839 si
180 2797 306 2841 avorum
321 2787 496 2843 nostrorum
511 2783 698 2858 temporibus
713 2784 836 2856 luisset,
858 2780 1041 2857 equitarem
1053 2778 1107 2840 ho·

131 2870 209 2925 stem
230 2864 368 2925 eominus
389 2873 549 2941 pereutere
567 2867 734 2928 didicisset.
766 2867 844 2926 hoec
868 2864 997 2939 singulis
1018 2861 1108 2923 disei-

102 2945 214 3022 aprina
234 2947 332 3022 gentis
356 2965 432 3010 suae
448 2951 559 3011 suadet
572 2956 665 3025 atque
679 2951 816 3025 imperat.
856 2949 935 3023 Quid
948 2947 1020 3008 huie
1034 2958 1107 3020 ergo

130 3031 337 3093 meditandum
358 3040 426 3094 esti
454 3035 539 3110 quod
559 3033 710 3095 adversus
732 3034 833 3095 omnia
852 3034 927 3106 tela,
953 3029 1039 3107 quod
1055 3029 1096 3089 ad

130 3132 240 3177 versus
262 3132 351 3177 omne
368 3117 501 3179 hostium
521 3133 620 3192 genus
640 3119 720 3178 bene
740 3117 826 3190 iaoit,
856 3122 983 3176 mortem
1005 3119 1107 3185 oonte-

129 3215 247 3275 mnere,
277 3217 356 3276 quoe
377 3202 450 3277 quin
471 3201 584 3262 habeat
605 3201 720 3277 aliquid
740 3199 771 3260 in
791 3216 827 3261 se
847 3199 996 3273 terribile,
1024 3204 1058 3258 ut
1078 3201 1108 3256 et

130 3285 248 3345 animos
270 3292 410 3359 nostros,
439 3301 519 3361 quos
544 3284 575 3345 in
595 3300 731 3346 amorem
750 3283 799 3344 sui
824 3290 931 3345 natura
957 3279 1105 3354 formavit,

130 3367 280 3441 offendat,
302 3385 391 3430 nemo
413 3368 545 3429 dubitat:
575 3385 632 3429 nee
653 3369 733 3429 enirn
750 3383 829 3443 opus
845 3372 929 3428 θεεθῖ
941 3363 973 3425 in
987 3365 1020 3425 id
1033 3379 1106 3425 oon·

130 3450 232 3525 parari
248 3458 278 3512 et
297 3452 380 3527 arui,
402 3453 433 3512 in
449 3452 533 3529 quod
553 3450 697 3514 instinotu
712 3451 845 3528 quodam
861 3447 1033 3512 voluntario
1048 3447 1106 3508 ire
