2468 3930
196 214 261 281 394
336 248 339 252 *
487 216 523 275 L.
543 215 690 276 ΑΝΝΑΕΙ
713 213 889 276 SENECAE

197 371 433 431 intercessorem
455 368 616 442 mutueris,
644 368 716 429 nolo
746 373 935 443 proxenetae
961 383 1074 428 noman
1096 378 1181 431 tuum

169 456 323 520 iiacteut=
346 460 484 528 paratum
495 450 548 512 tibi
560 450 741 513 creditorem
753 451 849 526 dabo,
865 451 1067 512 Catonianum
1080 453 1179 515 illum=

197 555 240 614 „a
262 544 300 596 te
318 543 484 597 mutuum
505 541 672 595 sumes.“
694 534 1010 610 Quantulumcumque
1024 544 1089 612 est,
1105 537 1179 599 satis

197 622 268 694 erit,
282 621 324 692 si,
339 619 485 694 quioquid
495 620 604 691 deerit,
617 619 648 678 id
660 633 679 677 a
690 619 781 679 nobis
793 619 977 693 petierimus.
998 619 1074 681 nihil
1089 621 1178 690 eninr,

197 706 238 765 mi
247 703 353 779 Lucili,
364 704 498 776 interest,
510 709 609 762 utrum
620 718 682 763 non
695 702 853 762 desideres
865 719 904 762 an
916 702 1041 764 habeas.
1061 720 1180 778 summa

197 788 241 848 rei
263 789 291 847 in
313 796 444 862 utroque
465 787 574 846 eadem
595 794 658 847 esta
689 801 751 846 non
777 785 979 862 torqueberis.
1013 788 1078 849 ltec
1105 789 1178 848 illud

198 869 371 949 praecipio,
391 879 426 931 ut
439 869 556 946 aliquid
574 878 702 931 naturae
720 884 833 945 neges:
853 877 1020 930 contumax
1033 880 1097 946 est,
1117 887 1178 933 non

197 963 300 1032 polest
313 956 409 1030 vinci,
432 969 521 1014 suum
538 953 648 1029 poscit.
672 954 729 1014 sed
742 960 791 1028 ut,
807 954 954 1029 quiequid
972 962 1112 1016 naturam
1126 973 1178 1017 ex·

167 1041 290 1114 acedit,
313 1040 394 1100 scias
416 1037 587 1113 precarium
608 1053 695 1112 esse,
717 1054 779 1096 non
800 1036 1019 1098 necessarium.
1050 1040 1178 1101 Esurio:

196 1123 349 1184 edendum
372 1130 427 1183 est
459 1131 560 1183 utrum
576 1122 625 1181 hic
639 1122 729 1196 panis
746 1121 786 1181 sit
799 1119 939 1197 plebeius
954 1139 995 1182 an
1009 1123 1178 1199 siligineus,

197 1209 237 1268 ad
253 1214 391 1268 naturam
408 1206 479 1266 nihil
496 1205 634 1281 pertinet.
658 1205 708 1264 illa
720 1212 856 1266 vermem
867 1222 928 1266 non
945 1206 1092 1268 delectari
1105 1210 1177 1279 vult,

153 1289 155 1293 ’
199 1293 256 1354 sed
269 1291 388 1366 inpleri.
404 1291 489 1351 sitio:
503 1297 603 1351 utrum
618 1289 695 1349 haec
707 1306 788 1365 aqua
802 1290 856 1363 sit,
872 1306 963 1364 quarn
975 1306 1015 1349 ex
1025 1292 1096 1352 lacu
1108 1308 1176 1367 pro·

198 1376 280 1436 ximo
301 1391 471 1450 excepero,
493 1391 531 1434 an
553 1389 605 1447 ea,
627 1389 718 1448 quam
740 1374 834 1434 multa
848 1374 920 1433 nive
933 1375 1072 1449 clusero,
1092 1382 1127 1437 ut
1140 1376 1179 1436 ri·

197 1476 273 1535 gore
287 1460 483 1534 relrigeretur
498 1458 617 1531 alieno,
638 1458 678 1517 ad
702 1464 840 1518 naturam
860 1456 934 1516 nihil
954 1459 1096 1532 pertinet.
1130 1460 1180 1520 illa

197 1545 257 1606 hoc
271 1558 362 1604 unum
378 1543 476 1616 iubet,
498 1543 578 1602 sitim
594 1540 744 1616 extingui:
768 1548 867 1601 utrum
883 1541 923 1602 sit
943 1557 1070 1603 aureum
1085 1560 1179 1619 pocu-

197 1629 259 1687 lum
283 1642 321 1686 au
346 1627 555 1705 crystallinum
577 1641 615 1685 an
636 1641 790 1686 murreum
803 1640 842 1684 an
857 1625 1030 1686 tiburtinus
1046 1628 1126 1688 calix
1141 1643 1179 1686 an

168 1725 306 1778 amanus
326 1725 479 1782 concava,
501 1709 575 1768 nihil
594 1709 696 1769 refert.
722 1708 827 1769 Finem
843 1709 977 1770 omnium
991 1725 1094 1771 rerum
1109 1727 1178 1788 spe

197 1801 246 1854 cta
260 1800 291 1853 et
305 1807 501 1868 supervacua
514 1791 662 1853 dimittes:
685 1793 782 1854 tames
803 1809 853 1852 me
874 1793 1023 1869 adpellata
1046 1796 1086 1855 ad
1108 1811 1178 1871 pro·

198 1878 280 1937 trima
296 1891 438 1952 quaeque
454 1876 626 1952 porrigatur
640 1893 750 1938 manus
765 1885 795 1938 et
809 1878 879 1952 ipsa
895 1877 968 1937 mihi
983 1879 1178 1939 commcnda-

196 1959 254 2034 bit,
279 1962 497 2036 quodcumque
523 1961 786 2036 conprehendere.
825 1960 899 2021 nihil
923 1960 1087 2022 contemnit
1108 1978 1178 2024 esu-

168 2061 185 2113 5
197 2044 288 2105 riens.
303 2045 380 2119 Quid
393 2046 432 2107 sit
444 2061 527 2121 ergo,
536 2046 619 2122 quod
632 2061 681 2104 me
692 2046 889 2105 delectaverit
902 2044 1047 2122 quaerist
1058 2045 1179 2108 viderur

197 2127 269 2189 mihi
284 2132 407 2205 egregie
422 2131 551 2190 dictumz
583 2129 752 2204 Sapiens
775 2129 1001 2190 divitiarum
1021 2136 1178 2191 natura·

196 2213 287 2273 lium
307 2221 367 2274 est
388 2213 831 2289 quaesitoracerrimus.
853 2213 1042 2289 ‚‚lnanime,
1065 2213 1177 2291 inquis

195 2298 283 2358 lance
297 2314 451 2360 muneras.
475 2298 608 2373 quidest
621 2298 724 2357 istudt
741 2312 800 2371 ego
812 2297 871 2358 iarn
882 2312 1062 2373 paraveram
1072 2297 1178 2360 tiseos.

197 2381 496 2458 circumspiciebam,
516 2383 545 2441 in
568 2382 652 2458 quod
667 2396 813 2441 mamare
827 2381 1035 2456 negotiaturus
1050 2381 1178 2443 inmitte·

194 2481 275 2542 rem,
298 2466 381 2542 quod
393 2466 549 2542 publicum
563 2467 724 2541 agitarem,
746 2481 823 2540 quas
845 2481 1035 2526 aceerserem
1049 2481 1177 2527 merces.

197 2551 340 2626 decipere
354 2557 402 2610 est
414 2549 511 2624 istud,
530 2550 642 2610 docere
654 2556 879 2625 paupertatem,
894 2565 962 2611 cum
974 2549 1098 2612 divitias
1109 2566 1177 2626 pro·

196 2635 347 2694 miseris.“
368 2635 413 2692 lta
427 2641 460 2694 tu
475 2648 643 2709 pauperem
657 2633 792 2709 iudicas,
807 2634 856 2694 eui
868 2633 942 2693 nihil
954 2633 1063 2695 deestt
1082 2633 1177 2708 ,‚Sna,

198 2718 315 2792 inquis,
332 2725 362 2777 et
374 2716 537 2791 patientiae
552 2733 629 2777 suae
642 2716 810 2790 beneficio,
826 2733 888 2778 non
905 2718 1076 2777 fortunae.“
1105 2716 1178 2778 Ideo

195 2815 269 2875 ergo
293 2800 376 2859 illum
397 2816 457 2860 non
478 2800 595 2860 iudicas
617 2799 754 2873 divitem,
779 2801 850 2877 quia
871 2799 993 2860 divitiae
1014 2800 1083 2862 eius
1098 2800 1178 2861 desi·

167 2889 268 2944 6nere
284 2899 345 2944 non
362 2889 516 2958 possunt?
531 2884 638 2944 Utrum
651 2884 748 2944 mavis
764 2884 878 2945 habere
890 2886 1014 2945 multum
1029 2901 1068 2944 an
1084 2885 1180 2945 satis?

196 2967 249 3043 qui
264 2969 388 3027 multum
403 2967 510 3042 habet,
526 2969 596 3044 plus
608 2969 700 3043 eupit
723 2969 805 3043 quod
818 2976 867 3029 est
877 2976 1090 3044 argumentum
1104 2985 1179 3030 non·

195 3053 267 3112 dum
282 3053 365 3112 illum
384 3053 459 3113 satis
474 3053 605 3113 haberes
631 3052 685 3128 qui
699 3052 774 3113 satis
789 3051 895 3127 habet,
920 3060 1107 3114 consecutus
1123 3058 1178 3124 est,

197 3137 280 3213 quod
294 3152 459 3212 numquam
475 3136 588 3197 divitiis
604 3136 886 3210 continuerimus
909 3152 947 3196 an
959 3136 1016 3197 has
1031 3137 1104 3199 ideo
1119 3152 1179 3197 non

196 3228 286 3296 putas
308 3237 380 3281 esse
398 3221 535 3292 divitias,
559 3221 631 3296 quia
652 3229 779 3295 propter
796 3221 865 3281 illas
879 3237 969 3281 nemo
986 3221 1179 3296 proscriptus

195 3311 263 3365 esti
291 3304 364 3380 quia
385 3312 510 3380 propter
530 3303 597 3364 illas
618 3305 692 3365 nulli
710 3321 861 3365 venenum
882 3305 980 3379 filius,
1008 3305 1081 3365 nulli
1102 3319 1180 3366 uxor

194 3387 331 3464 inpogttr
359 3388 432 3465 quia
451 3389 480 3449 in
496 3387 577 3448 bello
592 3394 674 3450 tutae
690 3395 780 3448 sunt?
808 3388 880 3463 quia
898 3389 929 3449 in
946 3403 1023 3464 pace
1038 3388 1180 3450 ohosaet

196 3474 267 3544 qnia
282 3487 338 3532 noc
350 3472 464 3533 habere
484 3471 551 3531 illas
568 3474 774 3548 periculosum
795 3479 844 3534 est
862 3488 920 3533 nec
934 3488 1104 3549 operosum
1119 3472 1178 3534 dis
