2468 3930
145 181 208 246 392
439 182 472 240 L.
495 180 642 240 ANNAEI
662 179 838 240 SENECAE

148 335 237 412 quid,
261 334 286 393 si
308 333 415 393 invitat
435 331 573 407 quidem,
597 331 655 391 sed
675 328 705 389 in
722 330 908 405 perniciem?
934 331 1014 407 sois,
1036 351 1130 409 quarn

146 419 241 479 multa
254 417 333 476 maia
348 415 459 475 blanda
474 413 543 475 sint.
571 429 677 474 verum
698 423 728 474 et
746 413 911 474 verisimile
925 416 1003 474 inter
1019 433 1056 477 εθ
1072 419 1129 479 dis·

147 505 262 563 terunt:
284 501 326 560 ita
340 499 425 574 quod
438 499 553 559 bonurn
570 505 632 573 est,
647 513 722 559 vero
738 499 880 573 iungitur.
909 515 970 560 non
986 507 1034 560 θεῖ
1048 502 1131 563 enim

145 587 260 648 bonurn
279 581 339 642 nisi
360 598 466 642 verunt
487 589 549 641 est:
577 587 608 640 at
629 583 713 656 quod
735 582 841 642 invitat
861 582 902 642 ad
920 599 955 642 se
970 591 1001 644 et
1015 585 1130 646 adlice-

115 671 225 742 tiiaeia
239 667 405 727 verisimile
421 672 483 726 est=
506 666 650 740 subrepit,
669 666 818 740 sollicitat,
835 665 974 726 adtrahit.
998 667 1130 741 Quidam

144 755 185 814 ita
199 752 356 812 finierunt:
379 748 512 825 „bonum
527 758 582 821 θεῖ,
599 750 684 824 quod
698 749 915 824 adpetitionem
931 749 980 810 sui
995 757 1130 813 movet“

144 839 209 911 vei,
226 836 310 911 quod
324 836 460 910 inpetum
474 834 566 894 animi
580 832 732 894 tendentis
747 834 787 893 ad
802 850 837 894 se
849 839 983 895 movet.“
1012 845 1042 897 et
1056 835 1129 897 huie

144 922 225 980 idem
243 919 421 994 obponitur=
443 920 537 979 muita
552 918 631 977 enim
646 918 781 993 inpetum
793 916 886 978 animi
897 926 1030 994 movent,
1047 936 1129 995 quae

145 1009 286 1081 petantur
306 1003 472 1078 petentium
491 1005 581 1062 malo.
625 999 735 1061 Melius
755 1001 812 1077 itti,
833 1001 885 1079 qui
906 1000 947 1062 ita
967 1003 1128 1064 finierunt=

145 1089 279 1163 „bonum
300 1094 359 1162 θεῖ,
383 1086 467 1162 quod
488 1087 528 1146 ad
549 1101 585 1145 εθ
599 1086 735 1161 inpetum
749 1086 840 1146 animi
855 1087 1026 1148 seeundum
1041 1095 1128 1149 natu-

144 1190 210 1232 ram
224 1180 327 1232 movet
341 1173 427 1231 etita
442 1171 564 1231 demunt
583 1171 748 1246 petendum
769 1178 830 1245 θεῖ,
852 1186 921 1232 eurn
937 1171 1040 1246 eoepit
1056 1187 1128 1232 esse

146 1255 382 1331 expetendum.“
402 1256 462 1314 iarn
476 1261 508 1315 et
517 1254 678 1314 honestum
692 1261 755 1314 est=
769 1254 829 1315 hoo
840 1253 920 1315 eninr
931 1263 980 1316 θεῖ
991 1256 1128 1331 perfecte

104 1351 138 1403 10
145 1342 320 1416 petendum.
363 1339 464 1399 Locus
480 1339 548 1413 ipse
563 1353 611 1397 me
623 1339 775 1413 admonet,
791 1346 830 1413 ut,
852 1338 946 1414 quid
965 1339 1128 1400 intersit

145 1426 246 1485 inter
264 1424 404 1484 bonurn
423 1422 723 1498 honestumque,
746 1422 883 1482 dicam=
914 1422 1030 1497 aliquid
1051 1424 1128 1482 inter

147 1524 182 1568 se
193 1509 319 1569 mixtum
330 1505 716 1581 habentetinseparabite=
739 1522 796 1566 nee
809 1514 911 1581 potest
920 1506 1035 1567 bonum
1045 1522 1127 1580 esse,

145 1593 205 1651 nisi
221 1592 269 1651 oui
285 1591 400 1665 aliquid
417 1590 539 1651 honesti
553 1591 646 1665 inest,
670 1597 700 1650 et
711 1590 874 1651 honestum
889 1590 996 1666 utique
1012 1591 1128 1652 bonurn

146 1683 201 1734 θεῖ.
228 1675 302 1748 quid
316 1691 390 1749 ergo
405 1675 483 1734 inter
498 1673 560 1734 duo
575 1675 722 1735 interest?
745 1674 949 1735 honesturn
964 1683 1013 1736 est
1026 1675 1098 1750 peri
1116 1705 1127 1714 -

146 1766 227 1819 otum
237 1758 360 1833 bonum,
380 1773 441 1832 quo
453 1757 543 1816 beata
555 1757 615 1817 vita
628 1759 795 1832 conpletur,
815 1758 901 1818 euius
914 1765 1057 1819 oontaotu
1068 1757 1128 1819 alia

103 1852 136 1904 11
146 1857 271 1917 quoque
283 1843 364 1902 bona
375 1839 461 1900 fiunt.
489 1840 577 1914 Quod
589 1840 668 1914 dieo,
679 1842 739 1901 tale
751 1850 813 1902 θεῖε
829 1849 901 1902 sunt
911 1842 1063 1918 quaedam
1074 1857 1127 1900 ne-

146 1941 206 2001 que
217 1925 299 1984 bona
311 1940 412 1998 neque
423 1925 511 1997 mala,
522 1931 676 1999 tamquam
688 1925 801 2000 militia,
813 1923 935 2001 legatio,
946 1923 1125 1987 iurisdictio.

144 2010 222 2068 haec
238 2024 306 2068 oum
321 2009 451 2069 honeste
467 2007 676 2068 administrata
693 2016 777 2084 sunt,
797 2010 878 2070 bona
893 2025 965 2070 θεεθ
978 2008 1128 2085 incipiunt

145 2101 177 2154 et
194 2109 234 2151 ex
250 2092 344 2153 dubio
365 2093 396 2151 in
412 2092 527 2153 bonurn
547 2100 715 2154 transeunt.
744 2093 883 2154 bonurn
904 2093 1050 2154 societate
1071 2092 1126 2152 ho·

145 2177 224 2236 nesti
246 2177 294 2252 fit,
316 2177 519 2239 honesturn
537 2192 594 2250 per
615 2193 650 2237 se
670 2177 783 2238 bonum
798 2185 854 2239 est.
883 2178 999 2238 bonum
1013 2192 1055 2238 ex
1071 2176 1127 2236 ho·

145 2268 233 2321 nesto
248 2259 330 2335 fluit,
346 2261 508 2323 honestum
522 2276 562 2320 ex
576 2277 611 2321 se
627 2270 683 2322 θεῖ.
709 2262 793 2337 quod
806 2263 921 2324 bonum
935 2268 998 2334 θεῖ,
1014 2261 1126 2321 malum

146 2360 217 2405 esse
238 2347 346 2420 potuit.
381 2347 465 2421 quod
485 2346 648 2406 honestum
671 2353 732 2421 θεῖ,
754 2345 812 2406 nisi
833 2346 948 2406 bonum
969 2359 1041 2404 esse
1062 2361 1126 2405 non

104 2429 250 2505 lrpotuit.
283 2431 370 2490 Hane
392 2431 515 2505 quidam
537 2429 704 2490 finitionem
718 2429 930 2491 reddiderunt:
961 2428 1126 2503 „bonurn

145 2519 219 2587 θεῖ,
237 2514 338 2589 quod
353 2514 563 2575 seeundum
579 2521 751 2574 naturam
765 2518 861 2574 est.“
886 2513 1033 2587 adtende,
1051 2512 1127 2588 qnid

145 2598 260 2656 dicant:
294 2598 377 2672 quod
398 2599 514 2658 bonurn
535 2604 597 2671 est,
624 2597 791 2657 secundum
814 2604 953 2658 naturam
973 2602 1030 2656 est.
1064 2612 1126 2656 non

145 2681 285 2756 protinus
305 2682 389 2755 quod
411 2680 580 2741 seeundum
597 2689 735 2741 naturam
750 2688 812 2755 est,
835 2681 925 2742 etiarn
938 2681 1053 2741 bonurn
1068 2687 1126 2740 est.

145 2764 239 2823 muita
258 2770 385 2823 naturae
401 2763 525 2840 quidem
540 2765 748 2839 consentiunt,
770 2766 827 2825 sed
842 2772 903 2825 tam
918 2765 1029 2840 pusilla
1044 2770 1125 2837 sunt,

145 2853 253 2906 utnon
271 2848 433 2909 conveniat
444 2846 504 2907 iilis
519 2847 592 2909 boni
608 2864 728 2909 nomen.
756 2850 835 2909 levia
848 2849 929 2908 enirn
943 2855 1029 2922 sunt,
1052 2864 1126 2909 oon·

144 2931 321 2989 temnenda
351 2933 465 2991 nullum
487 2938 534 2992 est
553 2931 707 2992 minimum
729 2939 769 3006 [et
788 2933 1056 3004 contemnendum]
1070 2931 1127 2991 bo·

145 3031 227 3075 nurn.
257 3031 325 3074 narn
348 3014 493 3090 quamdiu
513 3016 657 3091 exiguum
677 3024 736 3090 est,
759 3017 873 3077 bonnm
887 3033 948 3076 non
966 3023 1028 3076 est:
1058 3030 1128 3078 oum

144 3099 260 3160 bonurn
276 3116 348 3161 esse
362 3101 479 3175 eoepit,
500 3117 562 3162 non
579 3108 627 3162 est
640 3102 792 3176 exiguum.
820 3101 911 3162 Unde
928 3101 1129 3175 adgnoscitur

105 3183 281 3244 labonumt
310 3185 336 3244 si
348 3186 485 3260 perfecte
499 3186 669 3246 secundum
684 3191 820 3246 naturam
837 3191 892 3246 θεῖ.
919 3184 1066 3258 „Fateris
1081 3184 1128 3245 in·

146 3268 230 3342 quis,
259 3270 343 3343 quod
365 3268 477 3331 bonurn
499 3277 560 3342 est,
586 3270 756 3330 seeundum
777 3276 914 3330 naturam
936 3285 1018 3328 esse.
1048 3267 1128 3328 haee

145 3351 213 3411 eius
229 3353 401 3428 proprietas
417 3362 474 3415 est.
494 3354 598 3415 fateris
611 3359 641 3414 et
653 3353 712 3413 alia
728 3355 896 3414 seeundum
908 3359 1047 3412 naturam
1061 3349 1129 3428 qui·

145 3433 215 3494 dem
230 3452 315 3498 esse.
332 3439 388 3497 sed
399 3438 482 3498 bona
493 3454 555 3499 non
567 3453 654 3499 esse:
672 3438 827 3514 quomodo
839 3452 913 3513 ergo
924 3436 1000 3496 iliud
1011 3436 1128 3497 bonurn
