2468 3930
217 248 281 314 270
502 247 535 306 L.
556 246 703 306 ANNAEI
723 244 899 306 SENECAE

213 399 283 476 quis
301 397 377 459 nolit
390 414 428 457 an
444 398 570 457 nesciat.
605 397 710 457 deerat
724 394 783 456 illis
799 394 926 470 iustitia,
942 396 1048 456 deerat
1064 398 1198 472 pruden-

210 485 260 557 tia',
276 483 382 543 deerat
395 481 597 555 temperantia
611 495 647 539 ac
661 480 816 540 fortitudo.
852 479 994 540 omnibus
1014 479 1199 543 his'virtuti-

209 568 268 628 bus
282 565 416 626 habebat
430 565 544 625 similia
555 563 707 638 quaedam
726 563 813 624 rudis
837 563 912 623 vite:
930 564 1032 624 'virtus
1047 574 1113 626 no'n'
1126 582 1199 628 con-

209 651 297 725 tingit
310 647 412 709 animo
426 648 486 708 nisi
502 647 637 708 instituto
659 647 822 708 et'edocto
844 651 875 707 et'
893 647 934 706 ad
950 655 1105 709 summum'
1116 651 1199 711 adsi·

210 734 272 794 dua
286 733 503 792 exercitatione
515 731 673 806 perducto.
707 730 820 790 adhoc
836 731 966 805 quidem,
984 732 1042 792 sed
1056 733 1125 793 sine
1139 735 1199 796 hoc

209 818 364 877 nascimur
378 823 409 876 et
420 816 451 874 in
467 815 590 891 optimis
612 830 752 890 quoque,
775 821 939 889 antequam
952 816 1090 890 erudias,
1106 819 1202 880 virtu-

209 903 248 962 tis
263 896 398 972 materia,
420 916 481 960 non
496 900 592 959 virtus
608 905 665 958 est.
709 899 796 958 Vale.
966 901 969 908 '

514 1033 734 1111 EPISTULA
755 1036 800 1090 ΙΙΙ.
823 1035 896 1106 (91.)

473 1128 585 1179 Saurea
600 1129 711 1179 Lucrrro
730 1139 782 1178 suo
801 1140 942 1184 sanorem,

182 1255 194 1306 1
270 1234 469 1295 biberetis
491 1239 631 1293 noster
656 1247 755 1292 nunc
778 1233 911 1293 tristis
938 1239 998 1293 est
1020 1235 1199 1296 nuntiato

208 1314 1198 1392 incendio,quoLugdunensiscotoniaexustaest.

209 1396 333 1466 mdaere
347 1401 397 1461 hic
412 1416 504 1461 casus
522 1400 687 1474 quemlibet
701 1407 824 1474 posset,
847 1400 959 1460 nedum
976 1401 1130 1472 hominem
1145 1419 1199 1477 pa-

207 1489 284 1546 triae
301 1501 377 1544 suae
390 1483 641 1545 amantissimum.
684 1499 763 1558 quae
783 1499 834 1544 res
853 1484 960 1559 elficit,
983 1492 1016 1544 ut
1029 1485 1199 1547 firmitatem

208 1571 299 1630 animi
314 1570 362 1629 sui
378 1563 514 1644 quaerat
530 1583 621 1642 quam
636 1567 780 1627 videlicet
795 1567 834 1627 ad
849 1569 894 1642 ea,
918 1584 997 1643 quae
1011 1569 1109 1630 timeri
1124 1575 1198 1644 po's·

208 1652 396 1728 separabat,
419 1651 569 1711 exercuit:
596 1650 656 1711 hoc
669 1665 743 1710 vero
762 1659 823 1711 tum
837 1652 1025 1726 inopinatum
1041 1653 1153 1713 malum
1169 1661 1199 1713 et

208 1752 308 1812 paene
323 1732 491 1795 inauditum
513 1750 575 1793 non
596 1735 689 1794 miror
703 1734 730 1792 si
745 1735 812 1794 sine
827 1741 910 1796 metu
925 1736 1000 1807 luit,'
1029 1752 1098 1797 cum
1111 1745 1198 1798 ¹esset

208 1821 276 1881 sine
301 1819 453 1892 exemplo.
495 1818 604 1877 multas
627 1817 705 1876 enim
723 1818 859 1878 civitates
875 1819 1047 1879 incendium
1065 1822 1196 1894 vexavit,

208 1904 321 1963 nullam
336 1901 468 1962 abstulit.
502 1901 674 1961 nemetiam
689 1899 740 1961 ubi
755 1900 858 1962 hostili
871 1918 964 1962 manu
977 1902 1007 1961 in
1021 1905 1101 1963 tecta
1116 1905 1196 1978 ignis

207 1987 354 2048 inmissus
370 1993 426 2060 est,
443 1986 545 2045 multis
561 1985 637 2046 locis
653 1985 773 2060 deiecit,
790 1994 820 2046 et
836 1986 975 2062 quamvis
995 1985 1128 2046 subinde
1143 2003 1195 2046 ex-

208 2072 331 2144 citetur,
357 2085 428 2130 raro
446 2076 547 2129 tamen
568 2072 614 2130 sic
635 2068 745 2130 cuncta
759 2070 952 2145 depascitur,
976 2078 1010 2131 ut
1023 2070 1098 2129 nihil
1114 2072 1195 2130 terro

207 2156 368 2230 relinquat.
407 2160 557 2214 terrarum
578 2169 703 2229 quoque
724 2154 774 2213 vix
795 2171 937 2230 umquam
959 2161 1021 2215 tam
1041 2153 1146 2230 gravis
1166 2163 1196 2215 et

208 2237 401 2313 perniciosus
416 2237 473 2299 luit
486 2246 603 2311 motus,
628 2244 662 2298 ut
681 2244 745 2299 tota
765 2237 883 2313 oppida
905 2245 1064 2299 everteret.
1109 2254 1194 2298 num-

208 2339 299 2398 quam
314 2322 448 2397 denique
466 2329 525 2382 tam
540 2322 682 2383 infestum
695 2321 748 2381 ulli
764 2322 880 2382 exarsit
893 2321 1083 2397 incendium,
1098 2329 1132 2382 ut
1148 2321 1192 2381 ni·

178 2406 249 2466 nhil
270 2406 355 2467 alteri
381 2402 568 2481 superesset
583 2404 736 2466 incendio.
779 2405 835 2465 Tot
859 2404 1063 2479 pulcherrima
1089 2421 1195 2480 opera,

208 2507 289 2566 quae
305 2491 426 2565 singula
440 2491 603 2552 inlustrare
616 2488 710 2550 urbes
727 2488 864 2562 singulas
873 2495 1023 2562 possent,
1049 2504 1111 2547 una
1131 2505 1195 2550 nox

208 2576 330 2647 stravit,
358 2581 388 2634 et
408 2575 438 2633 in
458 2581 542 2634 tanta
557 2588 634 2649 pace
648 2578 793 2648 quantum
808 2586 847 2629 ne
861 2570 942 2629 bello
958 2570 1081 2645 quidem
1097 2572 1195 2632 timeri

207 2664 320 2733 potest,
337 2657 455 2717 accidit.
489 2657 558 2732 quis
572 2656 632 2716 hoc
648 2656 773 2715 credatt
797 2652 912 2728 ubique
926 2655 1020 2714 armis
1033 2655 1195 2730 quiescen-

205 2741 304 2813 tibus,
327 2756 395 2801 cum
416 2748 480 2802 toto
496 2736 733 2801 orbe-terrarum
747 2735 860 2796 diffusa
875 2739 1025 2799 securitas
1042 2740 1096 2814 sit,
1117 2741 1194 2813 Lug-

207 2825 332 2899 dunum,
349 2826 433 2901 quod
448 2821 665 2884 ostendebatur
677 2822 709 2881 in
725 2821 829 2895 Gallia
846 2822 1010 2897 quaeritur.
1047 2821 1194 2883 Omnibus

208 2909 338 2983 fortuna,
355 2925 435 2985 quos
453 2906 575 2983 publice
590 2904 718 2978 adflixit,
737 2905 821 2980 quod
837 2907 960 2982 passuri
975 2914 1069 2981 erant,
1088 2906 1195 2965 timere

208 2993 355 3068 permisit.
379 2993 461 3053 nulla
473 3007 523 3051 res
536 3005 646 3065 magna
661 3005 723 3050 non
738 2989 866 3065 aliquod
880 2989 986 3050 habuit
1000 2990 1106 3050 ruinae
1114 2995 1195 3048 'suae

208 3078 355 3152 spatium:
381 3077 412 3136 in
426 3075 484 3135 hac
498 3091 560 3136 una
574 3089 636 3134 nox
659 3073 793 3135 interluit
812 3075 890 3136 inter
906 3075 1013 3135 urbem
1032 3073 1195 3132 maximam

207 3168 238 3220 et
253 3162 376 3221 nullam.
416 3160 549 3235 denique
570 3157 683 3220 diutius
699 3159 780 3219 illam
795 3159 984 3234 tibi‘perisse
999 3173 1090 3234 quam
1107 3155 1196 3231 periit

178 3253 308 3306 tnarro.
351 3247 435 3305 Haec
465 3243 567 3304 omnia
587 3243 736 3304 Liberalis
762 3242 858 3304 nostri
878 3243 1031 3303 adlectum
1049 3241 1196 3301 inclinant

206 3329 358 3390 adversus
374 3345 432 3389 sua
447 3329 566 3389 firmum
580 3335 610 3388 et
625 3334 768 3388 erectum.
785 3338 857 3387 'nec
871 3325 939 3387 siria
954 3342 1049 3387 causa
1064 3339 1194 3385 concus-

207 3427 261 3472 sus
289 3421 351 3475 esa
386 3411 663 3488 inexspectata
692 3410 780 3486 plus
807 3411 1032 3485 adgravant
1074 3408 1194 3470 novitas

206 3493 299 3556 adicit
314 3495 536 3557 calamitatibus
551 3497 674 3571 pondus
689 3509 746 3554 nec
767 3492 931 3570 quisquam
946 3493 1118 3555 mortalium
1132 3508 1193 3553 non
