2468 3930
152 195 1079 319 'mmmfflmmwam

107 405 175 458 erat
187 396 231 456 illi
247 397 342 469 bono,
365 411 426 471 quo
441 396 539 457 victor
558 397 671 458 rediret
690 397 720 456 in
740 399 868 472 patriam
883 405 913 458 et
926 414 1079 476 conpone-

106 488 155 543 ret
169 486 298 556 pacem‘l
319 479 428 553 Quidni
447 496 503 555 par
522 480 586 540 sitt
606 481 713 540 eadem
735 482 814 541 enim
832 483 941 542 virtute
956 490 986 542 et
1001 485 1081 544 mala

108 567 232 625 fortuna
244 564 375 623 vincitur
390 570 421 623 ct
435 563 591 624 ordinatur
603 564 694 630 bona.
719 564 815 625 virtus
828 573 1000 627 autemnon
1012 574 1078 641 pot-

108 656 157 709 est
181 646 277 707 maior
298 653 351 706 aul
370 647 470 706 minor
493 646 574 706 lieri:
596 648 686 708 unius
703 653 836 708 staturae
855 655 912 709 est.
948 649 1010 711 Sed
1026 649 1109 710 cml

106 730 270 806 Pompeius
286 731 399 790 amittet
413 729 595 804 exercitum,
610 732 667 791 sed
683 731 758 791 illud
773 732 1007 806 pulcherrimum
1022 734 1079 794 rei·

107 815 250 892 publicae
274 820 480 889 praetextum,
506 813 682 889 optimates,
711 821 742 874 et
766 814 863 890 prima
887 816 970 878 acies
990 817 1078 878 Pom-

110 900 286 976 peianarum
312 899 456 972 partium,
479 903 603 958 senatus
629 899 731 957 ierens
751 915 850 970 arma,
872 917 934 960 uno
963 901 1078 976 proelio

108 981 350 1058 profligabuntur
364 988 394 1042 ct
404 988 463 1040 lam
484 981 586 1055 magni
600 980 685 1040 ruina
700 981 818 1056 imperii
832 981 863 1040 iu
878 988 972 1043 totum
988 984 1078 1044 dissi-

108 1067 160 1126 liet
183 1065 303 1126 orbem=
334 1064 438 1140 aliqua
462 1081 536 1140 pars
568 1066 634 1125 eius
665 1063 696 1123 in
722 1066 882 1143 Aegypto,
915 1067 1018 1140 aliqua
1047 1067 1077 1126 in

106 1147 226 1222 Africa,
247 1149 349 1223 aliqua
363 1148 393 1208 in
406 1148 555 1224 Hispania
570 1149 668 1208 cadet
690 1164 729 1208 ne
743 1148 802 1209 hoc
815 1149 937 1223 quidem
947 1150 1078 1210 miserae

54 1267 57 1277 ·
109 1231 294 1308 reipublicae
320 1233 489 1307 continget,
513 1234 607 1293 semel
631 1247 729 1292 ruere.
763 1229 869 1291 Omnia
893 1232 963 1293 licet
987 1232 1120 1298 liant=10

106 1316 213 1377 Iubam
232 1314 263 1375 in
284 1332 380 1390 reguo
401 1333 458 1376 suo
482 1333 544 1376 non
568 1317 706 1377 locorum
730 1316 835 1376 notitia
855 1315 991 1387 adiuvet,
1015 1331 1077 1376 non

108 1398 302 1476 popularium
320 1417 375 1474 pro
394 1415 467 1475 rege
489 1417 546 1461 suo
566 1401 662 1460 virtus
682 1399 935 1471 obstinatissima,
955 1398 1076 1460 Uticen-

107 1486 184 1545 sium
203 1499 327 1559 quoque
341 1483 420 1544 fides
445 1483 531 1544 malis
553 1485 649 1544 fracta
668 1484 790 1545 deficiat
811 1492 841 1544 et
855 1482 1029 1558 Scipionem
1047 1485 1077 1544 in

104 1568 212 1628 Airita
225 1567 356 1628 nominis
378 1567 426 1627 sui
443 1568 563 1628 fortuna
578 1568 735 1628 destituat:
754 1569 827 1627 olim
849 1568 1005 1643 provisum
1020 1577 1076 1643 est,

106 1649 240 1726 nequid
263 1651 336 1711 Cato
357 1651 526 1712 detrimenti
548 1659 680 1726 caperet.
724 1649 851 1725 „Victus
877 1657 923 1713 est
947 1657 1117 1715 tamen.“ll

106 1735 143 1794 llt
156 1734 216 1796 hoc
230 1751 357 1796 numera
371 1734 449 1795 inter
462 1737 603 1809 repulsas
615 1735 752 1796 Catonis:
774 1743 834 1795 tam
849 1751 960 1809 magno
976 1735 1076 1796 anino

108 1820 185 1879 leret
204 1818 319 1895 aliquid
340 1819 400 1879 sibi
421 1820 462 1878 ad
483 1818 640 1879 victoriam
661 1836 754 1894 quam
775 1820 815 1878 ad
834 1825 1007 1895 praeturam
1023 1820 1075 1879 ob-

107 1901 232 1963 stitisse.
276 1902 341 1976 Quo
359 1902 409 1961 die
422 1903 567 1978 repulsus
582 1909 643 1975 est,
667 1903 747 1964 lusit.
783 1918 844 1978 qua
857 1911 947 1963 nocte
964 1904 1075 1978 peritu-

105 1999 192 2046 turus
207 1986 277 2058 luit,
297 1986 382 2060 legit:
407 1986 515 2046 eodem
531 1987 599 2049 loco
616 1985 722 2048 habuit
743 1988 884 2062 praetura
903 1995 934 2047 et
949 1987 1011 2047 vila
1024 2002 1075 2046 ex-

106 2069 224 2129 cideret
246 2070 361 2143 omnia,
386 2085 466 2144 quae
486 2071 675 2145 acciderent,
703 2070 831 2131 ierenda
855 2086 927 2130 csse
949 2086 1075 2145 persua-

105 2159 190 2213 serat
209 2153 277 2212 sibi.
321 2152 430 2227 Quidni
450 2154 500 2213 ille
524 2154 721 2215 mutationem
745 2154 932 2228 reipublicae
953 2155 1021 2214 lorti
1046 2160 1119 2216 etta

104 2250 207 2310 aequo
222 2243 376 2311 pateretur
398 2237 521 2298 animet
552 2238 626 2313 quid
645 2238 727 2297 enim
746 2238 920 2298 mutationis
937 2239 1073 2312 periculo

104 2324 290 2394 exceptum?
317 2336 377 2379 non
393 2328 488 2394 terra,
509 2338 571 2382 non
587 2321 721 2395 coelum,
737 2336 799 2380 non
814 2327 895 2381 totus
910 2319 959 2380 hio
974 2337 1075 2380 rerum

105 2401 240 2463 omnium
265 2410 436 2480 contextus,
460 2405 600 2480 quamvis
625 2405 684 2464 deo
711 2411 819 2479 agente
844 2404 982 2464 ducatur.
1013 2420 1074 2463 nou

104 2501 228 2561 semper
247 2488 361 2549 tenebit
380 2488 461 2549 hunc
482 2489 634 2562 ordinem,
658 2489 818 2548 sedilium
839 2502 878 2546 ex
897 2487 956 2560 hoc
982 2502 1074 2546 cursu

103 2569 215 2643 aliquis
231 2569 297 2630 dies
312 2572 432 2633 deiciet.
451 2572 547 2633 Certis
559 2580 632 2634 eunt
644 2579 753 2632 cuncta
766 2569 971 2646 temporibus:
986 2568 1073 2629 nasci
1081 2575 1117 2629 13

103 2652 231 2727 debent,
253 2656 408 2728 crescere,
423 2657 585 2731 exstingui.
623 2671 835 2731 quaecumque
851 2669 945 2730 supra
960 2669 1016 2714 nos
1031 2653 1074 2712 vi·

103 2735 161 2796 des
179 2752 314 2812 currere,
337 2747 366 2798 et
385 2738 478 2812 haec,
501 2741 611 2815 quibus
632 2739 749 2800 inmixti
767 2747 859 2815 atque
879 2736 1006 2814 inpositi
1023 2754 1074 2799 su-

101 2835 171 2879 mus
186 2822 278 2882 veluti
292 2822 502 2896 solidissimis,
521 2833 683 2899 carpentur
696 2841 732 2885 ac
748 2826 897 2885 desinent.
924 2821 998 2884 nulli
1013 2838 1074 2882 non

102 2911 248 2966 senectus
263 2920 320 2965 sua
334 2913 395 2966 est:
419 2908 631 2981 inaequalibus
646 2910 704 2969 ista
718 2907 826 2984 spatiis
842 2908 951 2969 eodem
966 2913 1074 2967 natura

102 2985 232 3048 dimittit.
265 2989 412 3065 quicquid
426 2998 487 3063 est,
510 3007 571 3052 non
592 2993 661 3052 erit:
683 3007 741 3052 nec
759 2991 883 3066 peribit,
905 2992 962 3051 sed
976 2989 1073 3049 resol-

101 3076 198 3131 vetur.
242 3072 336 3133 Nobis
350 3074 428 3133 solvi
449 3074 549 3150 perire
569 3082 625 3135 est.
660 3076 800 3151 proxima
814 3075 893 3134 enim
909 3073 1116 3143 intuemur=14

101 3153 306 3217 adulteriora
326 3173 388 3218 non
410 3157 559 3233 prospicit
578 3174 665 3218 mens
685 3158 781 3218 hebes
802 3166 832 3218 et
854 3173 933 3231 quae
957 3171 991 3215 se
1007 3170 1072 3215 cor-

100 3237 170 3311 pori
186 3238 320 3300 addixit=
343 3241 478 3316 alioquin
499 3241 606 3302 lortius
627 3242 718 3302 linem
742 3241 789 3300 sui
816 3254 1004 3314 suorumque
1019 3253 1072 3312 pa-

100 3327 231 3396 teretur,
253 3324 280 3383 si
295 3331 449 3399 speraret,
471 3326 524 3404 [ct]
540 3325 641 3385 omnia
657 3324 723 3397 illa,
754 3324 799 3383 sic
818 3324 911 3382 vitam
932 3329 1073 3383 mortem-

100 3420 161 3479 que
182 3407 343 3480 pervices
363 3408 408 3467 ire
427 3415 458 3469 et
478 3409 638 3484 conposita
659 3407 802 3482 dissolvi,
836 3407 987 3467 dissoluta
1000 3419 1071 3465 con-

97 3487 187 3563 poni,
210 3488 243 3549 in
260 3490 321 3551 hoc
340 3506 436 3567 opere
456 3498 610 3553 aeternam
628 3497 722 3552 artem
745 3498 854 3552 cuncta
873 3488 1073 3567 temperantis
