2468 3930
97 211 525 274 perexcellentium.
539 213 629 274 ΕΡ.3.
641 221 713 288 (95.)
723 250 767 262 -
777 215 856 275 XVI.
868 224 893 276 2.
906 220 977 291 (at.)
1017 215 1080 278 313

99 381 242 439 serum,
258 364 333 426 nisi
349 364 500 440 aliquid
515 382 604 427 esse
619 367 655 425 in
669 383 793 427 rerum
811 377 961 440 natura,
978 369 1081 444 quod

98 456 211 526 putet
225 449 415 509 miserum.
459 450 525 509 Non
543 451 638 510 leram
652 466 709 523 me,
727 466 789 526 quo
805 452 855 512 die
870 453 986 528 aliquid
1001 453 1081 512 lerrc

98 549 160 595 non
176 539 294 608 potero.
337 532 418 592 Male
432 534 536 594 valeo:
560 549 632 608 pars
648 535 700 595 lati
715 543 772 596 est.
800 536 914 596 tamilla
927 535 1079 610 decubuit,

99 619 189 679 lenus
205 616 347 692 offendit,
369 618 480 677 domus
496 617 628 693 crepuit,
651 619 777 694 darnna,
794 621 931 695 volnera,
946 620 1079 694 labores,

99 710 198 763 metus
219 701 464 763 incucurrerunt:
485 702 564 762 solet
584 702 661 761 lieri.
689 703 749 763 hoc
769 711 956 778 parumest:
976 704 1080 763 debuit

99 785 176 847 fleri.
199 786 403 848 decernuntur
417 785 485 860 ista,
499 803 560 846 non
574 784 724 847 accidunt.
754 785 787 846 Si
800 788 872 862 quid
885 788 986 848 eredis
999 786 1109 863 milita

100 869 221 931 intimos
236 870 375 930 adlectus
390 885 478 930 meos
493 870 546 929 tibi
563 885 632 928 cum
646 870 778 928 maxime
794 871 920 945 detego:
942 872 972 930 in
985 872 1080 932 omni-

99 954 174 1028 buS,
201 970 281 1030 quae
301 954 433 1014 adversa
453 953 595 1013 videntur
609 960 639 1013 et
653 953 744 1026 dura,
771 954 817 1013 sic
834 955 981 1015 lormatus
996 972 1079 1015 sum:

99 1054 160 1099 non
178 1052 271 1113 pareo
287 1038 361 1110 deo,
383 1037 439 1097 sed
455 1037 621 1097 adsentior.
650 1053 688 1096 ex
706 1035 807 1098 animo
823 1038 915 1111 illum,
931 1054 992 1097 non
1010 1039 1081 1113 quia

100 1137 231 1183 necesse
251 1128 312 1194 est,
333 1137 458 1196 sequor.
487 1120 561 1180 nihil
581 1136 726 1196 umquam
746 1121 817 1180 mihi
840 1122 967 1193 incidet,
996 1122 1081 1196 quod

99 1204 194 1266 tristis
210 1205 376 1280 excipiam,
399 1205 483 1280 quod
498 1205 578 1264 malo
595 1206 688 1264 voltu.
717 1207 832 1266 nullum
846 1205 990 1265 tributum
1005 1206 1080 1266 invi-

98 1299 148 1352 tus
165 1290 336 1350 conseram:
359 1289 462 1350 omnia
478 1295 592 1359 autem,
610 1289 649 1348 ad
664 1305 744 1363 quae
758 1288 916 1363 gemimus,
933 1304 1013 1363 quae
1028 1305 1079 1348 ax·

100 1374 310 1449 pavescimus,
333 1373 445 1434 tributa
465 1373 546 1433 vitae
569 1380 656 1432 sunt:
681 1373 804 1445 horum,
830 1373 870 1432 mi
884 1373 997 1447 Lucili,
1023 1389 1080 1432 nec

100 1458 275 1533 speraveris
297 1456 503 1518 inmunitatem
525 1471 583 1516 nec
610 1455 744 1530 petieris.
789 1457 919 1516 Vesicae
942 1464 971 1516 te
993 1457 1109 1521 dolore

99 1541 292 1617 inquietavit,
308 1539 457 1616 epistulae
471 1548 620 1600 venerunt
635 1557 741 1615 parum
758 1540 879 1600 dulces:
902 1541 1081 1602 detrimenta

100 1624 253 1687 continua.
282 1626 409 1700 propius
424 1625 584 1685 accedam:
606 1624 760 1700 decapite
776 1625 910 1686 timuisti.
940 1625 1027 1700 quid,
1048 1633 1080 1686 tu

99 1707 261 1770 nesciebas
273 1708 349 1768 haec
360 1716 390 1769 ta
402 1717 518 1785 optare,
532 1724 599 1768 cum
612 1715 736 1783 optares
748 1715 956 1769 senectutem?
974 1707 1080 1770 Omnia

99 1792 159 1853 ista
173 1794 202 1852 in
219 1795 311 1867 longa
325 1793 387 1853 vita
402 1800 488 1865 sunt,
505 1793 659 1867 quomodo
676 1791 705 1852 in
722 1795 815 1868 longa
828 1793 878 1852 via
892 1800 921 1853 et
935 1794 1035 1869 pulvis
1051 1802 1081 1853 et

100 1878 193 1937 lutum
211 1883 240 1936 et
254 1878 367 1952 pluvia.
412 1875 494 1950 „Sed
512 1875 651 1937 volebam
665 1879 784 1951 vivere,
801 1893 907 1937 carere
921 1884 1021 1938 tamen
1036 1877 1077 1938 in·
1091 1884 1109 1937 4

100 1961 270 2021 commodis
286 1962 456 2022 omnibus.“
480 1961 552 2019 Tam
565 1959 739 2022 effeminata
749 1976 813 2020 vox
827 1962 924 2022 virum
941 1962 1078 2023 dedecet.

101 2045 229 2117 alderia,
252 2045 508 2120 quemadmodum
529 2044 589 2104 hoc
608 2052 713 2106 votum
728 2061 829 2104 meum
844 2046 997 2120 excipias:
1021 2061 1078 2120 ego

99 2129 174 2188 illud
188 2145 298 2204 magno
312 2128 421 2202 animo,
440 2145 502 2188 non
517 2135 631 2188 tantum
646 2129 728 2189 bono
745 2129 839 2188 facio:
863 2144 964 2204 neque
982 2130 1012 2189 di
1026 2145 1078 2188 ne-

101 2228 161 2287 que
177 2212 254 2273 deae
270 2213 389 2288 iaciant,
402 2220 436 2274 ut
450 2219 480 2272 te
495 2214 616 2272 fortuna
630 2213 659 2272 in
675 2212 792 2272 deliciis
808 2211 927 2271 habeat.
964 2213 1036 2287 lpse
1051 2217 1108 2272 tes

99 2296 262 2371 interroga,
279 2298 305 2356 si
322 2297 390 2372 quis
407 2303 586 2372 potestatem
601 2295 654 2355 tibi
672 2296 749 2356 deus
766 2295 864 2368 iaciat,
886 2302 985 2354 utrum
1002 2297 1078 2355 velis

99 2381 205 2441 vivere
220 2379 250 2439 in
265 2382 393 2442 macello
409 2399 446 2441 an
463 2381 492 2439 in
509 2380 627 2439 castris.
650 2380 734 2454 atqui
749 2379 867 2449 vivere,
882 2377 988 2450 Lucili,
1004 2379 1078 2437 mili-

100 2475 164 2527 tare
184 2471 241 2525 est.
267 2464 370 2539 itaque
391 2465 437 2536 hi,
459 2463 510 2538 qui
531 2463 681 2523 locuntur
704 2471 734 2523 et
753 2478 809 2537 per
831 2477 965 2537 operosa
987 2469 1080 2536 atque

99 2548 196 2608 ardua
210 2565 331 2609 sursum
350 2564 387 2609 ac
401 2549 546 2608 deorsum
562 2553 634 2607 eunt
649 2554 679 2607 et
699 2546 912 2622 expeditiones
929 2545 1079 2620 periculo-

99 2632 241 2693 sissimas
257 2633 380 2705 obeunt,
399 2634 493 2693 sortes
509 2631 564 2691 viri
580 2639 651 2691 sunt
666 2631 878 2706 primoresque
894 2636 1078 2690 castrorum:

99 2715 165 2790 isti,
187 2733 266 2791 quos
289 2717 394 2792 putida
414 2717 502 2791 quies
524 2713 591 2776 aliis
612 2715 821 2777 laborantibus
836 2715 965 2775 molliter
979 2713 1079 2788 habet,

99 2799 267 2860 turturillae
283 2807 361 2875 sunt,
376 2799 431 2861 tuti
446 2799 646 2860 contumeliae
662 2816 766 2860 causa.
808 2800 896 2860 Vale.

401 2934 614 2994 amaruan
639 2908 672 2992 n.
702 2938 773 3009 (aa.)

351 3032 461 3082 Sunucn
479 3033 589 3083 Lucrino
609 3043 661 3083 suo
681 3044 820 3083 saturnu.

159 3134 262 3208 Erras
277 3135 316 3195 mi
332 3135 436 3209 Lucili,
451 3135 477 3194 si
492 3135 648 3195 existimas
664 3135 761 3194 nostri
776 3133 873 3194 seculi
888 3147 960 3192 esse
975 3130 1081 3191 vitium
1094 3147 1109 3198 1

99 3216 251 3280 luxuriam
266 3227 296 3280 et
311 3219 532 3294 neglegentiam
547 3218 620 3278 boni
635 3217 729 3279 moris
744 3225 774 3278 et
788 3216 856 3290 alia,
875 3231 955 3290 quac
970 3212 1082 3276 obiecit

100 3302 165 3363 suis
183 3302 316 3378 quisque
331 3303 534 3378 temporibus:
555 3301 711 3360 hominum
723 3306 794 3360 sunt
805 3300 872 3372 ista,
889 3315 951 3358 non
964 3305 1080 3373 tempo·

99 3401 176 3446 rum.
204 3388 309 3447 nulla
333 3393 441 3447 aetas
462 3385 621 3446 vaeavit
642 3401 660 3443 a
680 3386 804 3458 culpa.
833 3383 903 3443 etsi
920 3381 1082 3442 aestimare

98 3469 251 3531 licentiam
270 3471 419 3545 cuiusque
439 3468 535 3531 seculi
556 3467 700 3543 incipias,
722 3468 816 3543 pudet
836 3465 952 3540 dicere,
976 3482 1081 3526 nurn-
