2468 3930
141 218 182 284 72
320 267 323 272 Α
424 221 457 279 L.
477 221 632 280 ANNAEL
648 220 822 281 SENECAE

142 370 214 431 vina
235 374 409 432 noscantur.
444 370 511 429 Hoc
531 377 578 430 est
597 386 746 430 summum
765 371 888 432 bonum.
922 372 1048 447 quodsi
1063 389 1103 434 oe

111 460 254 530 eeupas,
274 455 384 529 incipis
399 453 525 513 deorum
539 453 643 514 socius
658 468 743 526 esse,
764 470 825 514 non
841 454 983 531 supplex.
1013 456 1115 531 „Quo-

141 538 250 611 modo‚
273 537 391 612 inquis,
413 537 472 596 isto
489 534 702 610 perveniturt“
735 552 797 596 non
811 552 868 612 per
880 537 1025 598 Petrinum
1041 539 1115 599 Gna·

142 621 243 680 iumve
261 627 393 680 montom
412 635 469 678 nee
491 634 546 694 per
567 620 689 678 deserte
709 618 894 694 candaviae,
923 635 981 702 nee
1004 621 1114 701 Syrtes

142 703 195 763 tibi
210 717 266 762 nee
282 701 386 780 Scylla
400 709 452 762 aut
462 701 632 780 Charybdis
646 701 805 762 adeundae
819 709 904 777 sunt,
922 719 1002 779 quae
1013 711 1114 765 temen

144 784 246 846 omnia
265 785 399 847 transisti
419 785 702 860 procuratiunculae
722 784 836 861 pretio:
865 793 960 846 tutum
978 787 1036 847 iter
1057 797 1115 864 est,

143 868 308 930 iucundum
323 877 384 941 est,
406 867 445 927 ad
457 866 541 943 quod
555 873 705 928 naturate
721 868 869 929 instruxit.
891 867 975 930 dedit
987 871 1040 930 tibi
1054 871 1113 945 illa,

105 964 136 1015 ιο
144 967 223 1027 quae
243 951 351 1013 sinon
372 951 560 1024 deserueris,
584 967 640 1025 par
660 950 719 1010 deo
739 967 857 1026 surges.
893 951 999 1012 Parem
1014 960 1115 1015 autem

144 1035 203 1095 deo
226 1036 356 1109 pecunia
370 1051 432 1094 oon
448 1034 552 1095 faeiem
574 1033 652 1094 deus
666 1033 739 1094 nihil
753 1034 854 1095 habet.
881 1042 1114 1110 praetextanon

144 1118 263 1178 laniata·
276 1119 353 1180 deus
374 1119 476 1179 nudus
496 1124 552 1179 est.
587 1117 667 1177 lama
686 1133 747 1178 non
769 1118 859 1179 iaoiet
879 1133 936 1178 nee
952 1120 1114 1182 ostentatio

143 1200 187 1261 tui
207 1208 236 1261 et
258 1199 289 1260 in
315 1203 448 1277 populos
474 1200 604 1262 nominis
624 1201 750 1261 dinrissa
769 1199 893 1262 notitias
920 1216 1011 1264 nemo
1031 1201 1116 1264 novit

145 1284 249 1359 deum,
270 1285 354 1346 multi
369 1285 409 1345 de
422 1283 473 1345 illo
488 1284 567 1344 male
581 1283 767 1360 existimant,
790 1291 821 1344 et
833 1284 956 1359 inpune.
979 1302 1040 1347 non
1053 1294 1116 1347 tur·

145 1364 184 1426 ba
204 1384 364 1428 servorum
384 1367 521 1427 leetioam
540 1374 622 1427 tuam
642 1383 699 1442 per
717 1368 825 1428 itinera
844 1366 962 1428 urbana
976 1384 1013 1430 ae
1027 1384 1114 1444 pere·

144 1449 230 1523 grina
250 1448 450 1526 portantium=
480 1450 556 1510 deus
580 1447 631 1509 ille
653 1449 803 1511 maximus
824 1450 1115 1528 potentissimusque

144 1533 213 1605 ipse
228 1532 310 1592 vehit
323 1531 432 1593 omnio.
454 1547 494 1591 ne
508 1532 605 1593 iorma
619 1532 740 1608 quidem
755 1540 785 1594 et
797 1534 878 1594 vires
891 1534 1013 1595 beatum
1027 1543 1057 1597 te
1072 1537 1114 1596 la·

103 1623 214 1675 lleere
235 1623 381 1690 possunt:
402 1614 474 1675 nihil
490 1615 597 1675 horum
612 1615 724 1691 patitur
738 1625 926 1679 vetustatem.
962 1618 1114 1692 Quaeren-

144 1699 218 1760 dum
234 1706 295 1774 est,
318 1699 401 1774 quod
416 1715 478 1760 non
493 1699 545 1760 fiat
558 1699 589 1758 in
605 1700 671 1760 dies
686 1701 789 1776 peius,
810 1704 861 1762 eui
872 1700 934 1761 non
948 1700 1049 1777 possit
1061 1702 1115 1762 ob·

146 1780 228 1842 stari.
265 1781 421 1858 quidhoc
446 1788 514 1842 estt
544 1783 678 1857 animus,
711 1783 836 1844 sedhic
858 1791 976 1859 reotuS,
1002 1784 1113 1859 bonus,

145 1881 283 1938 magnus.
319 1865 393 1940 quid
412 1865 495 1925 aliud
514 1881 610 1927 voees
630 1865 711 1927 huno
727 1883 817 1942 quam
832 1867 922 1928 deum
938 1865 970 1928 in
984 1883 1116 1943 corpore

144 1948 276 2009 humano
291 1948 516 2024 hospitantemt
546 1948 602 2008 Hie
616 1950 735 2010 animus
750 1951 849 2011 tamin
861 1951 991 2026 equitem
1003 1951 1114 2013 Roma·

145 2048 215 2090 num
232 2048 322 2107 quam
336 2033 366 2091 in
386 2032 571 2105 libertinum,
599 2048 689 2106 quam
700 2034 731 2092 in
749 2050 871 2094 servum
882 2041 984 2110 potest
994 2035 1116 2095 eadere.

147 2114 220 2188 quid
241 2122 289 2176 est
305 2115 384 2175 enirn
400 2130 496 2190 eques
510 2116 666 2176 Romanus
684 2125 736 2178 aut
748 2116 904 2178 libertinus
919 2124 971 2179 aut
985 2123 1116 2178 servust

145 2197 266 2258 nomina
281 2214 319 2258 ex
333 2199 495 2259 ambitione
510 2207 563 2260 aut
576 2215 615 2259 ex
628 2199 736 2259 iniuria
749 2206 832 2261 nata.
850 2201 991 2262 subsilire
1002 2201 1032 2261 in
1045 2216 1115 2263 eoe-

146 2281 206 2340 lum
221 2297 260 2342 ex
275 2284 387 2358 angulo
401 2282 480 2342 lieet.
506 2297 637 2358 exsurge
651 2284 743 2344 modo

458 2372 527 2427 otte
540 2383 653 2443 quoque
666 2367 788 2442 dtpnum

347 2453 430 2525 finpe
445 2451 508 2510 deo.

147 2533 245 2608 finges
266 2540 445 2594 autemnon
466 2549 541 2593 auro
562 2535 612 2592 vel
632 2540 772 2606 argentm
799 2550 861 2595 nou
883 2540 985 2608 potest
1004 2547 1044 2594 ex
1058 2532 1116 2592 hae

146 2617 271 2677 materia
285 2617 384 2689 imago
400 2616 449 2675 dei
464 2616 592 2688 exprimi
607 2616 728 2676 similis:
751 2618 850 2692 cogita
862 2617 946 2691 illos,
963 2633 1032 2677 eum
1043 2631 1115 2692 pro·

146 2700 211 2773 pitii
226 2705 343 2770 essent,
365 2699 473 2758 fictiles
488 2698 593 2758 luisse.
629 2699 714 2759 Vale.

435 2832 650 2893 EPISTULA
675 2836 723 2892 ΙΙΙ.
743 2837 821 2908 (32.)

396 2925 505 2977 Sennea
523 2927 635 2979 Lucumo
655 2939 707 2980 suo
727 2940 864 2981 saturent.

117 3043 131 3094 1
204 3029 327 3105 inquiro
349 3029 379 3088 in
401 3036 431 3089 te
445 3036 475 3090 et
488 3031 527 3090 ab
542 3031 682 3092 omnibus
701 3030 854 3104 seisoitor,
876 3030 927 3106 qui
943 3031 1115 3091 existere

144 3114 235 3189 gione
253 3113 392 3188 veniunt,
414 3113 489 3188 quid
509 3129 598 3189 agas,
622 3113 674 3175 ubi
695 3121 725 3174 et
751 3131 820 3175 eum
841 3115 951 3190 quibus
976 3115 1114 3175 moreris.

146 3198 239 3258 verba
258 3196 332 3257 dare
352 3213 413 3258 non
434 3206 537 3272 potes=
565 3205 665 3258 tecum
679 3215 756 3258 sum.
791 3196 842 3258 Sic
855 3198 940 3271 vive,
962 3205 1115 3272 tamquam

145 3281 218 3355 quid
231 3281 325 3341 iacias
337 3282 494 3342 auditurus
505 3279 578 3355 sim,
592 3282 682 3341 immo
695 3289 847 3356 tamquam
860 3281 993 3342 visurus.
1018 3280 1115 3354 Quae·

143 3365 185 3423 ris
209 3365 281 3439 quid
301 3380 350 3424 me
370 3365 500 3424 maxime
516 3364 620 3438 exiis,
644 3381 722 3440 quae
737 3365 776 3424 de
790 3374 820 3426 te
834 3364 942 3438 audio,
965 3364 1117 3424 delectett

143 3447 229 3522 quod
247 3447 321 3508 nihil
341 3447 446 3522 audio,
470 3446 554 3524 quod
567 3448 706 3524 plerique
720 3463 758 3508 ex
773 3448 836 3522 his,
858 3463 936 3524 quos
949 3449 1116 3523 interrogo,
