2460 3916
495 221 732 275 PRAEFATIO.
1054 239 1122 276 xxur

102 367 153 416 leci
169 364 375 430 copiosissimum
393 368 418 411 et
431 362 516 424 quoad
527 362 581 410 eius
597 361 651 410 lieri
666 360 749 425 potuit
768 362 879 410 numeris
897 361 1029 424 verbisque
1044 363 1123 426 probe

103 435 280 492 emendatum
303 433 347 495 qui
379 431 447 480 enim
475 429 558 480 adhuc
582 436 636 479 erat
655 428 818 495 plenissimus
843 444 859 479 a
882 428 1122 494 Schweighaeusero

103 503 249 563 coniectus,
275 502 334 550 usui
359 498 423 549 mihi
441 513 558 549 essenon
575 499 660 564 potnit
677 499 727 548 nisi
740 499 806 549 forte
823 506 850 548 ut
865 499 985 549 nonnulla
1002 514 1067 562 quae
1082 516 1122 550 me

103 573 236 638 fugerant,
251 569 411 635 supplerem3
434 575 504 618 erant
520 568 588 616 enim
602 569 629 616 in
642 583 672 617 eo
689 583 739 618 non
757 567 878 617 librorum
897 569 1061 633 capitumque
1076 570 1122 620 sed

102 641 255 706 paginarum
268 637 380 688 numeris
398 635 449 686 loci
464 637 569 687 indicati
582 651 612 686 ac
628 645 760 702 praeterea
780 651 877 686 errores
890 645 915 686 et
933 638 1005 687 multi
1022 645 1046 687 et
1065 655 1123 702 gra-

103 724 150 761 ves
176 707 294 766 admixti3
328 706 391 757 ordo
421 721 521 768 quoque
543 720 627 755 rernm
655 706 702 755 sub
726 706 816 756 eadem
842 722 904 758 voce
929 706 1123 772 comprehensa·

103 793 160 827 rum
177 777 260 840 magis
280 789 341 824 casu
357 776 509 824 constitutus
524 789 600 838 quam
617 774 735 834 consilio;
758 782 870 826 ceterum
893 790 943 825 non
960 778 1064 841 propria
1081 792 1123 827 so·

104 847 158 896 lnm
179 846 285 895 nomina
311 843 443 894 hominum
467 843 629 906 locorumque
657 844 683 892 in
708 845 791 895 indiae
820 844 937 910 ponenda
965 847 1053 910 putavi
1077 848 1123 896 sed

104 914 182 966 verba
200 915 298 973 omnia,
322 928 387 976 quae
405 913 560 977 pertinerent
580 912 613 962 ad
634 913 797 975 antiquitates
821 913 861 963 val
880 912 997 979 publicas
1016 914 1056 964 vel
1071 918 1123 980 pri-

102 991 175 1034 vatas
193 981 233 1033 vel
254 981 288 1032 ad
310 980 449 1031 litterarum
469 979 602 1030 historiam
624 982 770 1045 variamque
794 983 820 1031 in
839 984 906 1032 omni
919 997 1011 1048 genere
1029 982 1123 1034 doctri-

104 1058 204 1103 namet
221 1051 330 1100 maxime
345 1051 378 1100 ad
394 1049 595 1115 philosophiam
616 1051 661 1100 ubi
685 1058 769 1100 antem
784 1048 839 1100 fieri
855 1052 951 1115 potuit,
971 1051 1036 1117 elegi
1054 1051 1124 1102 locos

104 1136 164 1181 eos,
187 1121 231 1183 qni
250 1120 371 1169 haberent
394 1118 502 1168 formam
524 1127 576 1168 arte
595 1126 619 1168 et
637 1119 752 1168 acumine
771 1119 897 1183 insignem
916 1134 996 1182 eoque
1008 1120 1081 1170 effeci
1096 1129 1125 1170 ut

103 1189 283 1241 floridissimae
298 1185 412 1238 Senecae
428 1187 568 1237 sententiae
583 1187 610 1236 in
623 1186 672 1236 lroo
686 1187 769 1236 indice
788 1187 907 1236 collectae
924 1189 984 1237 sint.

174 1258 293 1308 Indicabo
315 1256 364 1306 hoo
387 1255 442 1307 loco
463 1270 560 1305 errores
578 1255 792 1322 typographicos,
817 1270 881 1319 quos
902 1257 928 1306 iu
953 1256 1032 1306 tribus
1048 1257 1124 1307 huius

104 1327 224 1378 editionis
247 1325 418 1376 voluminibus
443 1325 624 1385 animadverti,
648 1339 695 1374 nec
714 1325 807 1374 multos
834 1324 892 1375 illos
916 1339 962 1375 uec
986 1325 1124 1377 admodum

104 1410 209 1462 graves3
234 1395 328 1446 addam
351 1400 481 1459 praeterea
505 1394 629 1456 quasdam
651 1394 840 1444 emendationes
859 1409 916 1444 sero
934 1403 1006 1445 natas
1023 1403 1048 1446 et
1065 1412 1125 1446 con·

103 1467 213 1516 iacturas
230 1462 340 1514 reiculas
356 1463 388 1512 de
404 1462 492 1513 multis
509 1477 618 1527 pancas,
636 1477 699 1526 quas
718 1477 872 1526 quamquam
888 1464 973 1529 sprevi
991 1464 1057 1530 ipse,
1075 1481 1125 1515 uon

105 1542 189 1583 tamen
204 1533 267 1583 adeo
286 1533 374 1582 inanes
393 1546 451 1582 esse
467 1539 543 1597 puto,
564 1540 591 1581 ut
615 1533 786 1597 nonpossint
809 1533 920 1597 aliquam
942 1533 976 1583 ad
1000 1534 1124 1584 tollendas

105 1601 257 1652 offensiones
274 1599 410 1652 utilitatem
428 1600 529 1651 habere.

105 1737 184 1806 ΥθΙ,
204 1737 226 1805 Ι,
262 1737 303 1788 Ad
324 1753 384 1804 pag.
405 1735 516 1788 1-139
534 1737 565 1788 cl.
586 1738 768 1789 Adnotatlonee
784 1740 897 1801 criticas,
919 1754 982 1802 quas
1004 1740 1073 1790 edidi
1099 1742 1125 1790 iu

177 1808 247 1858 iudd.
266 1806 403 1858 lectionum
422 1807 448 1857 iu
465 1809 536 1856 univ.
553 1807 601 1857 litt.
619 1807 755 1859 Vratislav.
772 1822 819 1872 per
833 1815 895 1862 aest.
915 1823 938 1858 a.
961 1808 1036 1860 1852.
1057 1817 1081 1859 et
1100 1825 1124 1864 a.

178 1874 255 1928 1853.
271 1874 455 1929 habendarum.

105 1944 174 1998 Dial.
194 1946 220 2008 I,
238 1946 270 2008 4,
290 1942 316 1994 3.
336 1944 396 1999 iort.
416 1945 492 1998 scrib.
509 1945 541 1994 in
558 1960 620 2007 qna
635 1946 821 1996 universam
839 1947 909 1997 vim.

104 2014 227 2073 niatu,
245 2014 277 2075 7,
296 2015 321 2063 2.
340 2013 446 2065 delenda
460 2028 512 2064 vox
529 2012 612 2080 [κοπῇ
639 2041 675 2053 -
703 2029 725 2064 c.
746 2014 793 2074 10,
809 2017 834 2065 4.
854 2016 938 2067 scribe
960 2031 1040 2079 quae
1064 2030 1126 2065 non

175 2082 299 2132 sentiat
322 2097 356 2132 sa
378 2084 520 2148 perpeti.
537 2109 573 2122 -
590 2100 612 2136 c.
626 2084 674 2145 11,
693 2082 718 2136 3.
737 2083 795 2133 fort.
815 2085 891 2139 scrib.
910 2085 1126 2150 contemptis-

176 2153 280 2201 simus
296 2157 326 2201 et
344 2152 382 2202 ad
399 2151 579 2202 ludibrium
599 2160 657 2205 est.
684 2179 720 2191 -
744 2169 768 2206 c.
787 2152 832 2213 13,
849 2156 874 2204 2.
891 2155 991 2208 scribe:
1013 2154 1124 2203 valeu-

176 2228 229 2271 tes
245 2219 411 2270 coloratos
430 2218 524 2284 [male
540 2219 654 2288 sanos]
670 2236 752 2272 esse.
768 2247 803 2259 -
816 2238 838 2276 e.
855 2223 896 2284 lo,
908 2222 934 2274 3.
951 2224 1032 2273 scribe
1048 2237 1126 2272 oon-

177 2289 327 2351 sipienta
345 2303 392 2354 pro
408 2291 652 2355 conspiciente.
670 2315 705 2326 -
720 2306 742 2344 c.
763 2288 810 2350 18,
829 2291 854 2341 1.
873 2292 931 2341 fort.
948 2293 1023 2344 scrib.
1049 2306 1126 2341 con·

177 2356 378 2407 tumeliosus
396 2357 478 2407 mira
493 2358 633 2410 libidine
651 2359 835 2412 ferebatur.

105 2425 175 2477 Dial.
188 2427 236 2486 llI,
252 2441 276 2481 c.
293 2425 320 2486 8,
336 2427 362 2481 4.
380 2435 439 2492 post
461 2443 486 2479 v.
513 2427 731 2478 advocabatis
751 2427 870 2492 ponenda
887 2427 1005 2478 videntur
1023 2428 1127 2478 lacunae

177 2496 308 2561 sigua-
323 2496 357 2545 ib.
367 2497 391 2558 §.
406 2498 431 2546 7.
445 2497 543 2546 scribet
561 2498 668 2561 „qnid
683 2496 780 2562 crgo?
796 2511 857 2546 uon
871 2522 905 2533 —
918 2496 1126 2546 abstinentl“

178 2560 342 2630 [laniunt]
361 2564 513 2625 Quando?
529 2592 565 2605 -
583 2581 606 2620 c.
626 2566 667 2626 12,
683 2566 707 2616 1.
724 2567 822 2616 scribet
839 2565 948 2628 „Quid
963 2566 1064 2632 ergo?
1079 2567 1127 2615 in-

177 2633 325 2695 quit‚vir
340 2634 366 2686 b.
383 2659 418 2670 —
433 2634 467 2683 ib.
484 2634 509 2696 S.
529 2633 554 2686 3.
574 2642 633 2685 ante
651 2650 727 2686 voces
744 2651 813 2686 cnm
832 2635 893 2685 hoc
908 2635 994 2686 dicis
1010 2636 1127 2701 ponenda

175 2701 281 2751 lacunae
298 2701 381 2767 signa.

105 2768 173 2821 Dial.
188 2769 232 2830 IV,
247 2785 270 2819 c.
284 2770 328 2830 28,
344 2772 368 2823 1.
387 2770 496 2820 lortasse
509 2771 617 2822 delenda
633 2787 682 2822 vox
700 2780 856 2840 tempore.

106 2838 174 2893 Dial.
191 2838 224 2899 V,
239 2852 261 2888 o.
272 2836 299 2898 ll,
313 2837 337 2890 3.
353 2839 414 2889 Dela
430 2836 497 2906 [ac].
515 2865 550 2878 -
568 2856 591 2895 c.
608 2840 650 2902 13,
666 2843 692 2896 4.
710 2843 806 2893 scribet
823 2844 894 2892 dum
911 2841 1126 2904 concipimus.

177 2933 213 2944 -
231 2922 253 2957 c.
276 2905 317 2967 19,
337 2909 360 2961 1.
377 2923 423 2973 pro
441 2907 544 2961 alicui
559 2909 618 2962 fort.
636 2911 713 2961 scrib.
728 2910 852 2974 aliquo.
871 2937 906 2947 -
923 2927 947 2965 c.
965 2909 1014 2973 35,
1034 2910 1059 2960 5.
1078 2923 1126 2958 sor.

179 2977 430 3027 occurrentium.
451 2984 475 3027 et
494 2985 567 3028 antea
581 2978 640 3033 fort.
659 2979 736 3033 scrib.
754 2981 808 3044 qni
822 2995 872 3030 uon
887 2993 1085 3031 mensam-
1102 2993 1126 3029 o.

179 3043 222 3103 39,
239 3046 268 3096 4.
289 3059 385 3111 repone
409 3046 464 3096 aul
485 3061 610 3112 procur.
635 3077 671 3090 -
688 3065 711 3098 c.
729 3049 764 3101 tu
784 3057 848 3100 extr.
865 3049 961 3099 scribe:
980 3048 1036 3097 ubi
1052 3045 1128 3096 Ges·

179 3128 232 3163 sar
246 3115 315 3164 esti
331 3140 367 3152 -
385 3130 407 3164 c.
418 3115 460 3177 41,
478 3115 502 3167 1.
515 3123 585 3167 totns
601 3117 645 3179 qni
662 3124 720 3182 post
735 3117 852 3168 lacunam
867 3118 983 3182 sequitur
998 3115 1069 3165 locus
1086 3128 1129 3163 us·

181 3196 231 3245 que
252 3182 286 3232 ad
307 3181 383 3232 linem
405 3183 464 3234 libri
479 3199 546 3235 nnnc
563 3185 626 3235 mihi
638 3186 740 3236 videtur
753 3201 804 3236 uno
820 3187 952 3237 duobusve
967 3183 1036 3234 loliis
1054 3183 1129 3232 traie-

180 3251 229 3301 ctis
244 3249 295 3301 huc
310 3250 446 3302 translatus
466 3267 522 3303 esse
539 3268 554 3302 a
571 3253 621 3304 line
639 3253 697 3305 libri
716 3257 736 3305 l.

110 3317 177 3371 ntat.
194 3317 238 3384 Vl,
257 3334 281 3369 c.
301 3318 328 3386 3,
346 3319 371 3371 3.
390 3321 472 3371 scribe
489 3323 640 3386 ipsaque.
676 3322 773 3374 Deinde
786 3323 845 3374 fort.
862 3323 938 3373 scrib.
958 3319 1066 3370 invita
1082 3333 1129 3384 pro

179 3387 298 3438 inrisa.
316 3414 351 3426 -
368 3390 403 3440 ib.
421 3390 446 3452 S.
463 3391 489 3443 4.
510 3391 593 3441 scribe
611 3388 656 3457 [ac
673 3389 809 3460 mitiusJ.
824 3418 860 3449 -ψ
876 3406 898 3441 a.
917 3387 944 3451 8,
963 3391 989 3441 2.
1006 3388 1128 3439 reducen-

181 3455 242 3505 dum
258 3457 359 3508 videtur
380 3473 461 3508 nunc
479 3467 508 3508 te
531 3459 605 3524 ipsa
621 3460 786 3511 custodis.
805 3460 859 3515 vid.
879 3474 921 3526 ep.
938 3457 982 3525 63,
1000 3454 1027 3511 3.
1047 3483 1079 3494 -
1105 3471 1129 3510 a.
