2468 3930
211 243 274 308 896
487 244 521 303 L.
543 243 691 303 ANNAEI
711 241 886 303 SENECAE

173 397 355 474 l30uaeris,
373 396 454 472 quali
469 410 590 466 mensa,
607 392 689 469 quali
704 403 847 470 argento,
863 411 954 472 quarn
966 396 1095 471 paribus
1110 395 1195 460 mini·

212 482 313 543 steriis
334 488 364 541 et
383 478 521 540 laevibus
542 479 697 540 adferatur
717 479 824 539 cibust
851 478 925 538 nihil
950 487 1074 555 praeter
1096 481 1194 543 cibum

211 574 319 626 natura
333 565 497 624 desiderat.

312 665 384 708 uum
394 648 458 723 tibi,
472 664 540 708 cum
551 647 661 720 fauces
673 648 736 708 urit
746 650 823 722 sitis,
839 664 935 708 aureo
945 651 1069 725 quoeris

313 729 444 809 poculo?
467 731 1057 808 uumesuro‘eusfusu'disomuioproetor

311 832 455 892 pauonem
468 811 699 890 rhombumque?

169 900 372 964 llambitiosa
384 905 509 961 nonest
523 900 634 970 fames,
657 906 800 960 contenta
814 899 958 959 desinere
970 907 1032 961 est:
1063 917 1126 978 quo
1142 903 1192 963 dc-

210 985 304 1058 sinat,
325 1001 387 1046 non
408 983 497 1044 nimis
522 988 615 1043 curat.
652 982 782 1043 infelicis
804 983 943 1045 luxuriae
967 983 1027 1044 ista
1043 991 1192 1050 tormenta

211 1077 296 1130 sunt:
328 1070 461 1144 quaerit,
484 1067 742 1142 quemadmodum
765 1076 837 1143 post
857 1068 1046 1129 saturitatem
1068 1086 1193 1146 quoque

210 1153 340 1227 esuriat,
357 1152 614 1228 quemadmodum
628 1167 691 1212 non
707 1153 822 1227 inpleat
835 1159 987 1224 ventrem,
1003 1152 1062 1212 sed
1079 1154 1192 1229 farciat,

211 1237 471 1312 quemadmodum
505 1236 584 1295 sitim
614 1235 711 1310 prima
740 1236 865 1311 potione
895 1237 1035 1297 sedatam
1058 1247 1192 1300 revocet

210 1320 333 1397 egregie
347 1321 450 1396 itaque
464 1318 608 1380 Horatius
623 1327 714 1395 negm
728 1321 768 1380 ad
783 1319 863 1380 sitim
878 1320 1047 1395 pertinere,
1062 1338 1126 1398 quo
1142 1339 1193 1399 po·

211 1406 279 1467 culo
299 1421 380 1480 aqua
401 1410 453 1464 aut
473 1420 564 1478 quam
585 1404 716 1477 eleganti
737 1420 830 1464 manu
848 1403 1045 1465 ministretur.
1075 1405 1193 1467 namsi

210 1489 363 1564 pertinere
377 1489 416 1548 ad
431 1494 461 1547 te
475 1486 610 1562 iudicas,
633 1505 723 1562 quam
738 1488 864 1548 crinitus
879 1503 956 1564 puer
970 1495 1001 1548 et
1017 1505 1110 1564 quam
1127 1507 1188 1566 per·

169 1572 343 1639 15lucidum
365 1571 419 1632 tibi
438 1572 583 1646 poculum
606 1572 757 1647 porrigat,
779 1588 841 1633 non
862 1571 939 1633 sitis.
972 1572 1056 1632 Inter
1075 1575 1191 1650 reliqua

209 1656 269 1716 hoc
281 1653 371 1719 nobis
388 1655 536 1730 praestitit
550 1655 658 1715 natura
674 1654 888 1731 praecipuum,
913 1656 999 1732 quod
1015 1658 1192 1720 necessitati

209 1738 364 1799 fastidium
384 1739 529 1798 excussit.
558 1739 709 1815 recipiunt
732 1755 927 1815 supervacua
946 1740 1106 1801 dilectum=
1135 1743 1191 1804 hoc

208 1839 317 1898 parurn
334 1823 458 1883 decens.
486 1823 562 1883 illud
582 1840 690 1899 parum
710 1824 875 1885 laudatum.
906 1825 1014 1884 oculos
1029 1824 1092 1886 hoc
1107 1842 1191 1889 meos

208 1906 316 1967 laedlt=
338 1905 371 1967 id
391 1914 491 1967 actum
511 1916 560 1968 est
579 1908 618 1967 ab
639 1909 691 1966 illo
712 1909 817 1967 mundi
839 1908 1012 1983 conditore,
1035 1911 1090 1986 qui
1105 1910 1189 1973 nobis

209 1991 332 2051 vivendi
346 1993 413 2052 iura
428 1991 607 2067 descripsit,
623 1999 656 2052 ut
671 1991 750 2051 salvi
765 2008 921 2066 essemus,
936 2008 999 2052 non
1010 2000 1046 2054 ut
1064 1993 1190 2057 delicati

209 2075 249 2134 ad
275 2075 402 2137 salutem
429 2075 531 2137 omnia
556 2082 664 2150 parata
689 2083 760 2136 sunt
780 2083 811 2137 et
829 2075 861 2136 in
883 2083 1044 2152 promptu:
1075 2079 1189 2140 deliciis

169 2159 310 2220 toomnia
324 2161 437 2222 misero
451 2176 488 2221 ac
503 2159 633 2220 sollicite
648 2167 864 2236 conparantur.
900 2161 1028 2222 Utamur
1042 2177 1120 2238 ergo
1134 2163 1190 2223 hoc

197 2250 335 2309 ,naturae
352 2244 502 2306 beneficio
521 2245 599 2304 inter
619 2258 730 2318 magna
754 2245 944 2305 numerando
968 2251 999 2304 et
1022 2247 1189 2321 cogitemus

208 2328 292 2389 nullo
310 2329 431 2389 nomine
445 2328 552 2389 melius
567 2327 649 2388 illam
662 2328 813 2390 meruisse
828 2328 867 2388 de
881 2328 986 2403 nobis,
1003 2346 1098 2403 quam
1113 2332 1190 2407 quia,

210 2411 357 2489 quicquid
377 2430 417 2474 ex
437 2410 621 2473 necessitate
642 2411 850 2484 desideratur,
874 2413 941 2472 sine
959 2412 1085 2475 lastidio
1101 2415 1190 2476 sumi·

208 2503 265 2557 tur.
294 2497 382 2557 Vale.

503 2633 721 2690 EPISTULA
742 2633 786 2688 ltl.
807 2633 896 2703 (tao.)

462 2728 572 2780 Saurea
588 2730 699 2780 Lucumo
720 2741 772 2780 suo
792 2741 933 2782 susurru.

182 2841 194 2893 t
290 2827 431 2904 Epistula
453 2837 504 2890 tua
525 2847 580 2905 per
602 2832 707 2906 plures
729 2831 980 2908 quaestiunculas
1002 2841 1117 2909 vagata
1137 2842 1190 2908 est

207 2914 265 2974 sed
291 2913 322 2973 in
346 2930 407 2974 una
432 2913 566 2975 constitit
585 2924 615 2976 et
634 2915 714 2976 hanc
734 2915 874 2992 expediri
895 2915 1068 2978 desiderat:
1098 2935 1192 2995 quo·

207 2999 317 3059 modo
333 2999 379 3058 ad
394 3013 464 3059 nos
480 2999 572 3059 boni
587 2999 981 3077 honestiquenotitia
1000 3017 1192 3076 pervene-

207 3084 278 3144 ritt
303 3083 386 3143 Haec
408 3083 469 3142 duo
490 3084 574 3159 apud
596 3085 673 3145 alios
694 3085 818 3145 diversa
839 3092 924 3158 sunt,
947 3084 1032 3158 apud
1052 3101 1114 3148 uos
1130 3095 1191 3148 tan·

178 3174 269 3231 atum
285 3167 393 3228 divisa.
421 3169 493 3243 quid
508 3167 619 3229 sithoc
635 3169 743 3229 dicam.
768 3169 910 3229 Bonum
926 3175 1034 3244 putant
1049 3185 1124 3232 esse
1141 3168 1192 3230 ali·

208 3253 275 3327 qui,
298 3253 383 3327 quod
399 3251 472 3313 utile
488 3261 543 3313 est.
568 3254 671 3329 itaque
684 3252 744 3313 hoc
759 3260 789 3313 et
803 3251 916 3313 divitiis
932 3259 962 3311 et
976 3268 1059 3328 equo
1075 3261 1108 3315 et
1121 3254 1192 3314 vino

208 3343 238 3395 et
253 3336 358 3396 calceo
381 3352 492 3397 nomen
508 3337 672 3411 inponunt:
701 3344 784 3397 tanta
803 3337 837 3397 fit
856 3337 939 3412 apud
953 3333 1024 3396 illos
1039 3337 1115 3398 boni
1128 3336 1191 3398 vili·

206 3425 255 3480 tas
270 3426 302 3481 et
316 3420 394 3480 adeo
411 3422 440 3480 in
458 3420 585 3481 sordida
598 3437 699 3498 usque
714 3421 882 3481 descendit.
906 3420 1122 3482 Honestum
1136 3438 1191 3497 pu·

207 3507 286 3578 tant,
309 3503 357 3563 eui
371 3502 449 3566 ratio
466 3505 542 3564 recti
557 3504 649 3567 ollicii
667 3511 800 3578 constat,
822 3512 977 3580 tamquam
988 3502 1040 3579 pie
1056 3512 1191 3567 cursum
