2468 3930
206 219 270 287 154
462 215 466 221 ’
491 219 526 279 L.
546 218 694 280 ΑΝΝΑΕΙ
717 217 893 281 SENECAE

207 374 344 448 effugere
360 387 421 432 non
436 371 557 446 possis,
574 387 664 447 quam
681 369 847 432 fortissime
861 372 950 430 ferre.
972 370 1034 432 iltic
1048 381 1097 434 est
1111 389 1184 436 con·

208 455 335 528 stantia,
360 471 440 531 quae
461 454 542 515 deici
561 457 630 514 loco
646 470 707 515 non
724 462 827 530 potest
844 461 875 515 et
890 456 1085 531 propositum
1101 460 1183 520 nulla

206 543 238 601 vi
252 547 454 615 extorquente
470 538 596 599 dimittit.
625 536 685 598 itiic
701 546 749 599 est
762 538 941 600 individuus
957 540 1007 599 ille
1021 540 1183 605 comitatus

206 622 368 685 virtutum:
390 621 537 698 quicquid
558 623 686 683 honeste
706 621 755 697 fit,
776 637 838 683 una
851 623 950 682 virtus
963 621 1049 697 iacit,
1073 627 1184 687 sedon

207 707 329 769 consilii
353 707 512 768 sententia.
554 707 640 780 quod
666 714 766 765 autem
792 705 831 765 ab
856 707 1001 767 omuibus
1024 707 1184 772 virtutibus

208 792 433 867 conprobatur,
456 790 576 850 etiamsi
599 790 638 850 ab
658 805 719 848 una
733 789 800 849 fieri
822 789 957 862 videtur,
978 792 1117 865 optabile
1129 801 1184 856 est.

166 889 199 945 11
208 875 308 952 Quint
331 882 363 935 tu
380 874 538 935 existimas
560 890 597 934 ca
611 879 727 933 tontum
749 873 894 947 optabitia
916 890 1004 947 esse,
1028 891 1109 949 onae
1130 892 1184 952 pm

208 961 398 1034 voluptatem
418 965 448 1019 et
470 958 564 1018 otium
585 957 730 1017 veniuntt
754 972 834 1032 quae
855 956 1048 1032 excipiuntur
1068 960 1184 1021 ionibus

208 1042 346 1106 ornatior
372 1049 443 1102 sunt
464 1040 614 1116 quaedem
634 1040 729 1101 tristis
750 1042 851 1100 vottus
872 1040 963 1100 bono.
1000 1051 1076 1103 sunt
1092 1060 1185 1118 quae

208 1127 279 1189 donn
293 1134 380 1199 vota,
399 1142 478 1200 quac
492 1142 554 1186 non
570 1124 784 1199 gratulantium
798 1129 902 1197 coetu,
917 1125 975 1184 sed
993 1125 1184 1187 adorantium

168 1210 480 1284 lovenerantiumque
503 1208 702 1268 celebrentur.
737 1208 782 1268 ita
806 1213 839 1266 tu
854 1223 914 1267 non
931 1216 1021 1282 putas
1035 1211 1185 1285 Regulum

208 1303 352 1371 optasse,
374 1300 408 1353 ut
433 1291 473 1350 ad
498 1292 619 1353 Poenos
647 1292 840 1366 perveniret?
876 1291 973 1351 indue
1000 1295 1104 1368 magni
1129 1293 1184 1354 viri

209 1380 341 1439 animum
363 1382 392 1435 et
407 1374 445 1434 ab
460 1374 658 1449 opinionibus
674 1375 756 1449 voigi
771 1374 885 1434 secede
898 1374 1065 1450 paulisper.
1098 1393 1184 1453 cape,

210 1469 356 1536 quantam
380 1459 492 1531 debes,
513 1458 632 1518 virtutis
648 1458 872 1532 putcherrimae
891 1474 928 1519 ac
948 1460 1184 1534 magnificentis-

209 1547 307 1604 simae
319 1543 470 1617 speeiem,
486 1557 565 1617 quae
580 1541 669 1602 nobis
686 1559 747 1602 non
762 1542 851 1603 thure
864 1557 921 1603 nec
936 1543 1043 1615 sertis,
1063 1545 1119 1605 sed
1136 1561 1185 1606 su·

169 1629 287 1699 13dorc
313 1634 343 1686 et
368 1626 518 1699 sanguine
547 1627 678 1685 colende
707 1634 763 1686 est.
811 1627 950 1701 Adspice
974 1626 1014 1686 td.
1042 1624 1186 1689 Catonem

155 1720 157 1723 ’
210 1727 301 1772 sacro
322 1710 364 1769 illi
387 1711 504 1784 pectori
523 1710 704 1784 purissimas
720 1726 829 1771 manus
843 1711 1059 1770 admoventem
1076 1717 1107 1772 et
1122 1713 1185 1772 vol·

209 1810 301 1866 nera,
329 1810 435 1868 parum
457 1800 557 1854 nutem
585 1793 721 1854 demissa
739 1794 902 1855 laxantem.
945 1803 1046 1855 utrum
1064 1797 1186 1856 tandem

210 1879 253 1937 itti
269 1878 405 1938 dicturus
420 1893 470 1936 es:
484 1878 644 1951 „vellem
662 1893 760 1952 quae
774 1878 932 1938 velles.“
955 1885 987 1938 et
1001 1879 1186 1954 „moleste

65 1964 73 1975 ’
168 1963 332 2031 14iero.“
366 1977 421 2019 an:
444 1961 638 2034 „feliciter
660 1961 763 2037 quod
785 1961 909 2035 egisr‘
943 1961 1187 2024 Hocloeomibi

210 2043 382 2105 Demetrius
408 2052 512 2105 noster
538 2045 684 2117 occurrit,
712 2044 765 2120 qui
780 2044 874 2104 vitam
896 2059 1036 2106 securam
1059 2054 1092 2108 et
1121 2047 1187 2107 sine

210 2129 280 2188 ullis
296 2129 436 2189 fortunae
452 2128 684 2190 occursionibus
700 2145 804 2201 „mure
815 2134 987 2189 mortuum“
1010 2138 1110 2192 vocat.
1137 2129 1187 2189 Ni·

210 2212 251 2271 hil
263 2211 392 2287 babere,
408 2213 447 2272 ad
464 2213 548 2288 quod
563 2211 723 2286 exciteris,
740 2213 778 2271 ad
794 2212 877 2287 quod
889 2219 920 2272 te
934 2213 1084 2288 concites,
1101 2214 1186 2275 cuius

211 2296 439 2358 denuntiatione
465 2304 495 2357 et
517 2297 643 2356 incursu
671 2294 845 2356 firmitatem
871 2295 965 2356 animi
983 2297 1027 2356 tui
1046 2303 1188 2374 temptes,

210 2381 267 2439 sed
288 2381 318 2439 in
341 2379 402 2440 otio
424 2381 611 2441 inconcusso
627 2381 728 2440 iacere
747 2396 807 2440 non
825 2386 874 2439 est
890 2380 1110 2455 tranquillitas:
1125 2397 1188 2441 ma-

170 2479 202 2534 15
209 2465 288 2524 tucia
306 2471 363 2524 est.
398 2465 519 2524 Attalus
535 2463 658 2525 Stoicus
681 2463 784 2523 dicere
801 2463 934 2524 sotebat=
948 2466 1050 2538 „meto
1063 2481 1114 2525 me
1127 2466 1188 2525 for-

209 2555 283 2608 tuna
304 2546 334 2606 in
360 2548 468 2608 castris
495 2548 559 2608 suis
578 2563 670 2622 quam
690 2547 720 2605 in
739 2546 856 2607 deliciis
876 2546 997 2609 habeat
1032 2555 1188 2624 torqueor,

211 2630 267 2689 sed
289 2630 420 2689 sortiter:
442 2629 521 2689 bene
538 2638 596 2690 est.
629 2630 768 2703 occidor,
792 2631 848 2691 sed
863 2631 997 2690 fortiter:-
1016 2632 1190 2694 beneest“

210 2713 283 2771 audi
291 2713 467 2786 Epicurum,
476 2712 571 2772 dicet=
586 2720 644 2785 „et
658 2713 771 2773 dulce
786 2717 878 2775 est.“
895 2730 953 2789 ego
968 2722 1029 2774 tam
1040 2715 1190 2777 honestae

169 2794 255 2863 torci
276 2811 311 2854 nc
331 2803 459 2856 severae
480 2812 646 2872 numquam
662 2797 754 2857 molle
775 2813 886 2858 nomen
907 2799 1063 2874 inponam
1098 2801 1188 2873 Uror,

211 2878 269 2938 sed
283 2878 425 2940 invictus.
462 2880 567 2954 quidni
588 2880 670 2958 [hoc]
687 2882 821 2956 optabite
843 2881 903 2942 sitt
923 2883 1189 2958 [apparationem

210 2978 271 3022 non
288 2963 373 3038 quod
389 2963 448 3023 urit
461 2979 511 3023 me
524 2964 619 3040 iguis,
636 2966 693 3026 sed
714 2965 798 3040 quod
813 2982 873 3025 non
889 2964 993 3026 vincit.
1029 2965 1103 3028 nihil
1119 2973 1190 3042 [est]

210 3046 319 3108 virtute
341 3049 563 3122 praestantius,
593 3048 666 3108 nihii
689 3049 856 3123 pulchrius.
898 3057 930 3109 et
950 3049 1068 3110 bonum-
1092 3059 1142 3113 est
1162 3061 1193 3114 et

211 3131 361 3208 optabile,
384 3130 532 3207 quicquid
547 3148 587 3192 ex
600 3133 692 3193 liuius
707 3133 821 3208 geritur
835 3132 976 3208 imperio.
1011 3135 1101 3196 Vale.

507 3267 724 3327 EPISTULA
744 3271 793 3328 VI.
815 3273 886 3344 (68.)
1030 3348 1032 3353 .

461 3363 573 3416 Seneca
591 3367 705 3418 Lucrnro
726 3379 777 3419 suo
795 3380 937 3422 sanorum.

183 3472 200 3529 1
274 3465 409 3527 consilio
424 3474 480 3528 tuo
498 3470 630 3530 accedo:
652 3471 855 3533 absconde
875 3479 912 3534 te
932 3471 969 3532 in
990 3469 1082 3534 otio.
1123 3473 1194 3536 sed
