2468 3930
209 240 273 306 350
497 241 531 300 L.
551 240 700 299 ANNAEI
720 239 897 301 SENECAE

207 396 285 456 hanc
307 401 467 469 sequatur,
495 391 564 452 huic
585 397 701 466 pareat
734 399 764 450 et
783 407 995 467 quaecumque
1016 391 1111 467 fiunt,
1136 394 1184 454 do

206 477 312 540 baisse
332 476 397 537 lieri
415 483 500 551 putet
520 491 578 535 nec
592 475 664 535 velit
679 473 840 550 obiurgare
855 483 1002 536 naturam.
1033 475 1184 552 Optimum

206 571 253 623 est
273 561 350 637 pati,
373 560 457 635 quod
472 560 635 619 emendare
658 575 719 620 non
741 559 861 634 possis,
882 566 912 619 et
927 559 1037 633 deum,
1055 577 1119 636 quo
1135 578 1184 623 au·

206 652 290 706 olore
316 651 426 705 cuneta
449 643 648 719 proveniunt,
677 643 745 703 sine
769 642 1007 704 murmuratione
1031 645 1183 706 comitari:

206 731 303 789 malus
331 727 418 788 miles
448 735 515 801 est,
562 727 614 801 qui
641 727 855 802 imperatorem
880 741 1007 800 gemens
1036 729 1183 804 sequitur.

166 813 304 887 loduarc
324 811 435 887 inpigri
455 817 547 886 atque
568 812 686 871 alacres
708 809 897 885 excipiamus
919 810 1050 886 imperia
1063 814 1183 874 necde-

206 912 345 956 seramus
366 896 447 956 hunc
471 894 574 970 operis
596 895 791 970 pulcherrimi
811 909 948 969 cursum,
969 893 1019 955 cui
1035 896 1183 973 quicquid

206 981 350 1057 patimur,
372 980 519 1040 intextum
540 985 596 1038 est.
627 986 658 1039 et
677 979 723 1039 sic
739 979 940 1053 adloquamur
954 979 1075 1053 Iovem,
1097 981 1182 1042 cuius

205 1065 413 1140 gubernaculo
434 1065 531 1123 moles
549 1064 607 1123 ista
630 1061 781 1138 dIrigitur‚
805 1062 1065 1137 quemadmodum
1080 1063 1182 1124 clean·

205 1149 272 1210 thes
294 1156 398 1209 noster
419 1148 559 1208 versibus
580 1146 790 1208 disertissimis
805 1146 991 1222 adloquitur,
1010 1163 1092 1222 quos
1115 1147 1183 1210 mihi

205 1231 235 1292 in
257 1241 395 1294 nostrum
415 1246 588 1293 sermonem
608 1236 724 1291 mutare
746 1229 926 1306 permittitur
946 1229 1120 1307 Ciceronis,
1141 1231 1183 1293 di·

205 1317 365 1378 sertissimi
380 1316 451 1388 viri,
466 1316 618 1389 exemplo.
651 1315 677 1374 si
692 1314 877 1391 placuerint,
892 1314 964 1375 boni
979 1316 1138 1377 consules.
1159 1315 1183 1376 si

205 1399 426 1477 displicuerint,
438 1398 612 1459 sciesmein
623 1397 683 1459 hoc
691 1398 1183 1476 secutumciceronisexemplum.

165 1486 195 1539 ll
287 1486 361 1558 nuc,
375 1500 392 1545 o
400 1499 517 1559 parent
530 1485 656 1557 celsique
669 1483 834 1544 dominator
842 1485 914 1559 polr‘,

288 1584 469 1645 quocumque
477 1569 610 1642 placuit:
630 1570 716 1628 nullo
728 1568 862 1644 parendi
874 1582 957 1627 moro
969 1573 1022 1628 est·

289 1654 395 1712 adsum
409 1653 536 1727 lnpiper.
562 1651 628 1711 Fac
640 1653 731 1725 nolle,
746 1651 905 1712 comitabor
914 1667 1037 1726 uomens

288 1737 441 1810 malusque
451 1738 572 1810 patior,
586 1735 667 1810 quod
678 1737 747 1812 poti
758 1738 841 1796 licuit
855 1736 937 1796 hono.

288 1820 555 1881 Bucuotvolentem
563 1818 648 1894 foto,
663 1821 807 1881 nolentem
817 1820 948 1880 trahunt.

165 1902 256 1963 ltSic
273 1903 429 1977 vivamuS,
447 1903 493 1963 sic
513 1904 689 1977 loquamur:
712 1910 836 1978 paratos
857 1919 915 1964 nos
935 1903 1070 1963 inveniat
1090 1910 1184 1979 atque

204 1986 342 2063 inpigros
358 1987 461 2048 iatum.
477 1987 526 2047 hic
541 1994 588 2049 cst
603 2003 733 2063 magnus
749 1987 884 2062 animus,
901 1987 953 2061 qui
967 2001 1002 2047 se
1016 1984 1075 2047 deo
1090 1986 1184 2047 tradi·

205 2071 263 2132 dit:
293 2078 324 2131 at
344 2080 450 2133 contra
471 2073 521 2132 ille
535 2071 667 2146 pusillus
685 2079 715 2132 et
729 2072 877 2146 degener,
901 2071 953 2145 qui
967 2070 1140 2132 obluctatur
1156 2077 1185 2131 et

205 2156 244 2216 de
260 2155 367 2216 ordine
383 2157 486 2216 mundi
501 2157 580 2215 male
594 2156 746 2217 existimat
756 2162 786 2216 et
798 2155 961 2215 emendare
975 2155 1091 2216 mavtdt
1108 2154 1183 2215 deos

206 2256 298 2317 quam
313 2255 358 2301 se.
379 2242 468 2301 Vale.

499 2376 718 2435 EPISTULA
738 2377 774 2432 V.
802 2378 891 2449 (108.)

460 2472 570 2524 sunnon
585 2473 695 2524 Lucnro
713 2484 764 2524 suo
782 2484 920 2525 saturnu.

178 2587 188 2637 l
268 2577 318 2650 ld,
334 2576 373 2635 de
389 2591 450 2648 quo
465 2575 605 2650 quaeris,
621 2591 660 2635 ex
673 2574 723 2635 his
740 2581 803 2647 est,
820 2589 899 2649 quae
914 2571 995 2633 seire
1010 2578 1126 2633 tantum
1137 2586 1184 2645 eo,

206 2668 238 2720 ut
252 2659 348 2733 scias,
365 2656 503 2732 pertinet
525 2658 582 2719 sed
597 2658 807 2730 nihilominus,
824 2657 896 2732 quia
913 2657 1055 2732 pertinet,
1072 2670 1184 2731 prope·

206 2759 256 2802 rus
277 2757 333 2801 nec
356 2739 402 2801 vis
418 2748 601 2817 exspectare
620 2741 729 2813 libros,
751 2757 916 2818 quoscum
930 2741 1062 2801 maxime
1076 2739 1185 2801 ordino

206 2826 396 2887 continentes
416 2834 510 2887 totam
530 2828 675 2888 moralem
696 2825 909 2902 philosophiae
929 2832 1058 2901 purtem.
1085 2823 1185 2885 statim

206 2907 384 2986 expediam:
412 2911 486 2971 illud
505 2919 604 2972 tamen
624 2910 710 2986 prius
732 2909 917 2985 scribam,
939 2909 1184 2984 quemadmo-

206 2994 290 3056 dum
312 2993 382 3056 tibi
401 2994 461 3055 ista
482 2995 680 3071 cupiditas
703 2994 900 3069 discendi,
922 2993 1184 3070 quailagrarc

207 3088 242 3142 te
269 3078 401 3153 video,
430 3076 646 3154 digerenda
671 3076 737 3153 sit,
762 3095 807 3138 ne
828 3079 916 3153 ipsa
936 3093 978 3138 se
997 3076 1185 3152 inpediat.

171 3168 187 3220 t
203 3164 266 3225 Nec
281 3163 398 3240 passim
412 3162 568 3239 carpendo
581 3171 653 3225 sunt
664 3179 721 3223 nec
734 3163 823 3224 avide
837 3162 1012 3224 invadenda
1025 3161 1185 3222 universae

207 3264 261 3326 per
277 3255 381 3325 portes
396 3248 591 3324 pervenietur
604 3247 644 3308 ad
658 3253 763 3309 totum.
792 3247 890 3321 aptari
905 3262 985 3307 onus
1000 3243 1119 3307 viribus
1133 3244 1185 3304 dc·

204 3334 257 3394 bet
270 3349 327 3394 neo
343 3334 412 3409 plus
427 3333 588 3408 occupari,
605 3348 697 3409 quam
712 3329 761 3392 cui
776 3331 920 3392 sulficere
935 3328 1104 3406 possimus.
1122 3343 1187 3390 non

205 3427 349 3494 quantum
364 3417 426 3492 vis,
442 3416 499 3477 sed
514 3424 659 3493 quantum
673 3416 759 3492 copis
774 3415 974 3478 hauriendum
988 3422 1050 3476 est:
1071 3412 1187 3474 bonum

206 3499 589 3563 autumniautumni
616 3499 722 3579 capias
745 3509 891 3577 quantum
903 3502 1003 3562 voles.
1036 3514 1100 3576 quo
1116 3496 1187 3575 plus
