2468 3930
105 255 143 292 xx
500 232 732 288 PRAEFATIO.

105 379 243 446 depravata
260 383 346 437 erant,
371 375 539 440 corrigerem,
560 387 636 436 quam
655 373 760 422 adrem
781 377 882 436 praeter
898 369 1050 420 Dresdensis
1066 369 1125 421 libri

105 451 258 514 scripturam
284 446 315 496 ab
341 441 442 493 Osanno
464 442 557 492 editam
576 441 681 492 adhibui
703 449 754 490 tres
776 439 851 491 codd.
871 438 1087 490 Vratlslaviansee
1112 455 1126 490 c

105 518 166 569 bibl.
185 517 341 580 academica,
356 526 463 577 quorum
478 524 544 562 unua
563 518 601 561 est
616 511 756 564 membran.
776 509 886 574 scriptus
904 523 928 559 ιι.
940 508 1018 560 1375.
1038 509 1126 574 sigua-

104 595 146 636 tua
161 586 204 636 IV.
225 584 271 640 fol.
289 582 331 635 39.
349 584 404 633 eius
424 580 485 632 lolia
501 581 561 640 duo,
577 581 610 631 77
628 588 653 630 et
671 577 719 640 78,
737 580 832 629 amissa
846 585 918 639 suut,
935 578 1027 642 quibua
1046 578 1127 628 contl-

105 656 212 706 uebatur
226 653 285 703 duis
302 652 361 703 libri
378 650 540 701 demonibus
559 657 583 699 et
598 649 700 699 initium
718 648 776 698 libri
793 647 825 697 de
842 661 906 696 rem.
925 646 1002 707 iort.;
1027 653 1065 696 est
1081 661 1126 697 au·

104 732 156 774 tem
179 724 201 772 is
223 723 296 788 ipse,
318 736 368 784 quo
391 719 522 770 Fickertus
545 719 572 768 in
593 717 651 768 aliis
668 716 780 768 Senecae
799 716 948 767 librisusua
971 722 1019 765 est.
1056 715 1128 766 Alter

106 792 188 842 codex
206 800 244 842 ast
262 791 375 843 chartac.
400 802 452 839 sec.
472 789 529 839 XV.
551 789 667 854 signatus
688 788 732 838 IV.
759 787 788 847 Q.
809 785 851 840 66.
873 787 965 849 inquo
981 783 1126 836 additiones

105 861 231 926 leguntur.
269 860 371 911 Tertius
389 865 428 908 est
446 859 506 908 item
523 856 632 907 chartac.
652 871 704 907 aec.
722 855 780 912 XV.
796 857 912 921 signatus
930 856 949 905 Ι.
969 854 1000 915 Q.
1019 854 1081 906 412.
1100 855 1126 905 iu

106 944 156 993 quo
175 929 349 992 colloquentes
368 935 425 976 sunt
443 925 538 977 Seneca
556 933 582 977 et
599 927 676 980 Nero.
711 925 795 976 Habui
811 932 942 991 praeterea
954 924 1012 975 edd.
1027 932 1127 975 vetares

105 999 273 1059 Tarvisinam,
289 998 413 1048 Venetam
428 1011 452 1051 a.
468 994 542 1046 1492.
564 996 727 1061 Lipsiensam
744 994 830 1056 illam,
850 995 883 1045 de
900 1009 950 1058 qua
968 1008 1047 1059 supra
1062 994 1126 1055 dixi,

105 1067 204 1117 Erasmi
222 1069 339 1132 primam,
358 1065 431 1126 alias,
449 1079 513 1128 quae
527 1065 648 1130 deinceps
666 1071 768 1116 secutae
787 1069 859 1124 suut3
871 1064 965 1127 quibus
976 1063 1057 1129 copiis
1067 1077 1127 1128 par-

106 1135 164 1200 feci,
183 1143 211 1186 ut
226 1137 355 1199 aliquanto
373 1135 424 1185 iarn
438 1134 595 1185 emendatior
611 1133 655 1184 hic
672 1133 738 1184 liber
757 1133 880 1199 prodeat,
904 1147 1057 1197 quamquam
1074 1146 1126 1181 uon

104 1206 176 1270 potui
195 1219 360 1269 omnesquae
377 1205 496 1255 diuturno
508 1205 560 1255 altu
574 1205 699 1254 contraxit
712 1201 827 1253 maculas
843 1200 945 1263 eluere3
958 1216 1042 1265 neque
1058 1201 1126 1252 enim

104 1273 169 1324 tales
187 1274 290 1325 luerunt
314 1273 415 1324 codices
438 1274 504 1334 mei,
527 1287 637 1337 quorum
658 1271 745 1323 nullus
765 1273 911 1338 integritate
936 1271 1047 1322 excellit.
1089 1271 1127 1321 De

106 1342 348 1394 additionibus
364 1357 424 1392 vero
441 1355 493 1391 nou
511 1342 649 1392 admodum
664 1340 791 1399 laboravi,
811 1356 917 1404 quarum
935 1341 980 1403 qui
995 1339 1060 1391 mihi
1077 1340 1126 1391 soli

105 1412 188 1462 fontes
212 1419 283 1463 erant
299 1425 366 1461 unus
386 1411 468 1460 codex
490 1425 537 1459 ms.
557 1417 581 1461 ct
601 1410 642 1460 ed.
665 1411 753 1474 Lipa,
776 1409 925 1475 plerumque
944 1410 1009 1461 inter
1023 1424 1053 1460 se
1068 1422 1127 1460 oon-

106 1481 229 1530 sentiunt:
258 1479 322 1529 illud
345 1486 430 1529 tamen
449 1493 501 1528 nou
521 1480 595 1543 parvi
618 1478 652 1529 ad
671 1486 750 1528 totam
767 1494 821 1530 rem
839 1479 961 1530 momenti
980 1485 1032 1540 est,
1056 1478 1125 1541 quod

106 1563 196 1598 versus
214 1548 271 1598 ille:
290 1551 360 1598 coelo
377 1548 478 1613 tepitur,
497 1550 540 1613 qai
555 1562 604 1598 non
615 1547 692 1599 dubet
702 1563 800 1614 umam,
817 1549 861 1612 qui
877 1547 957 1614 vulgo
969 1549 1034 1613 ipsis
1049 1545 1115 1598 Sene

107 1632 151 1666 cae
166 1618 251 1668 verbis
268 1618 431 1682 interpositus
456 1632 478 1667 c.
498 1618 531 1681 5,
555 1618 571 1666 2
596 1624 654 1668 ante
676 1632 753 1669 voces
776 1619 838 1684 quid
857 1618 966 1668 interest
985 1617 1125 1683 legebatur,

106 1685 162 1736 loco
182 1686 227 1736 illo
252 1686 365 1737 deiectus
389 1695 413 1737 et
434 1686 462 1735 in
479 1685 629 1736 dddltiones
649 1687 785 1737 translatus
810 1693 862 1746 est;
883 1702 934 1737 non
957 1687 1052 1737 habent
1067 1701 1126 1736 eum

106 1769 189 1818 neque
211 1755 285 1806 codd.
312 1770 374 1805 mas.
397 1770 478 1819 neque
499 1754 557 1805 add.
581 1764 679 1806 veteres
702 1771 765 1818 quas
785 1757 854 1816 dixi;
880 1757 976 1807 scilicet
996 1770 1012 1805 u
1029 1753 1127 1806 Seneca

105 1826 161 1888 ipso
177 1825 221 1873 vix
239 1826 328 1875 credas
346 1839 404 1874 eum
419 1825 482 1890 ponl
497 1825 625 1889 potuisse,
645 1838 702 1874 cum
719 1827 754 1876 sit
771 1827 869 1876 Lucani
886 1825 977 1876 Phara.
989 1825 1044 1885 Vll,
1061 1823 1123 1875 819.

106 1893 192 1955 itaque
213 1892 349 1943 verisimile
372 1901 410 1943 est
435 1909 468 1944 ex
487 1893 626 1945 Additioua
645 1909 704 1945 eum
725 1903 854 1960 arreptum
877 1910 949 1960 esse,
973 1907 1126 1957 quamquam

107 1962 190 2027 potuit
208 1960 311 2012 librario
330 1961 407 2012 alicui
424 1964 499 2012 etiam
522 1962 586 2013 ultro
603 1978 749 2016 succurrere
767 1965 808 2016 val
828 1980 860 2014 ex
877 1964 959 2029 ipsiua
975 1962 1074 2014 Lucani
1089 1962 1127 2014 le·

106 2031 190 2080 ctione
206 2031 247 2082 vel
264 2047 297 2082 ex
311 2030 382 2089 aliie,
403 2033 492 2095 quiec
508 2032 636 2098 uslsunt,
657 2033 728 2086 velut
751 2049 785 2084 ex
806 2032 999 2083 Bartholomaeo
1016 2031 1126 2098 Angllco

107 2099 139 2150 dc
154 2100 351 2165 proprietatibus
368 2116 452 2151 rerum
469 2099 515 2154 lib.
535 2099 606 2169 XIX,
624 2117 646 2152 o.
667 2102 727 2156 129.

177 2169 268 2219 Adieci
291 2170 383 2220 deiude
412 2171 578 2236 Excerpta
606 2171 643 2221 de
666 2177 866 2236 paupertate
892 2186 925 2221 ex
951 2171 1127 2237 superioribus

106 2237 164 2287 edd.
185 2252 319 2303 expressa3
343 2253 424 2302 neque
445 2241 512 2290 euim
534 2255 621 2290 eorum
641 2239 722 2291 ullum
738 2241 794 2291 cod.
813 2255 862 2290 ms.
877 2240 969 2302 habui3
991 2241 1081 2292 addidi
1099 2241 1127 2290 in

105 2307 221 2373 margine
240 2322 358 2358 numeros
376 2308 556 2374 epistularum,
576 2310 642 2359 unde
660 2310 740 2375 petita
755 2315 827 2369 suut,
845 2319 874 2359 ut
891 2309 1050 2361 commodius
1065 2323 1128 2376 poe·

106 2377 140 2426 sit
156 2377 298 2442 scripturae
315 2378 487 2444 discrepantia
503 2379 621 2443 reperiri,
636 2394 711 2442 quam
728 2379 861 2429 Fickertua
878 2393 936 2430 raro
950 2380 1056 2429 notavit.

175 2443 293 2510 Sequitur
310 2447 346 2498 de
363 2447 507 2498 Moribus
529 2447 629 2506 liber,
646 2448 777 2513 Excerptia
795 2447 860 2506 illis,
878 2456 906 2498 ut
924 2448 1041 2508 videtur,
1056 2445 1127 2498 lrend

104 2513 182 2578 paulo
203 2516 342 2578 vetustiorg
367 2518 459 2566 citatur
479 2517 547 2566 enim
564 2514 676 2568 Senecae
698 2518 801 2568 nomine
826 2532 858 2567 ex
881 2532 911 2568 ao
936 2517 1063 2567 sententia
1082 2514 1125 2568 86.

105 2584 157 2632 iam
170 2598 236 2633 anuo
253 2584 313 2635 567.
327 2586 354 2634 in
372 2583 467 2634 Concil.
486 2584 582 2634 Turou.
603 2585 633 2633 11.
660 2600 716 2635 cen.
736 2587 777 2636 14.
797 2588 823 2636 iu
846 2586 889 2640 ed.
907 2586 1004 2637 Labbei
1022 2585 1073 2638 vol.
1092 2585 1126 2645 V,

104 2666 165 2717 pag.
184 2650 244 2703 866.
264 2653 304 2702 vel
322 2653 349 2701 iu
367 2653 408 2706 ed.
424 2652 507 2703 Mausi
523 2652 575 2704 vol.
595 2652 638 2713 IX,
657 2669 720 2721 pag.
736 2655 796 2708 795.
816 2655 925 2706 eundem
945 2655 1036 2705 librum
1055 2654 1128 2705 novit

104 2720 255 2770 Vincentius
276 2719 463 2772 Bellovacensis
486 2727 511 2771 et
532 2721 590 2786 alii;
619 2738 649 2774 ac
677 2723 768 2775 vellem
794 2724 828 2776 ad
851 2739 909 2775 enm
938 2723 1127 2776 emendandum

104 2787 179 2852 plura
203 2787 299 2839 auxilia
322 2797 423 2854 praesto
448 2790 571 2852 fuissent3
601 2806 667 2843 nuuc
691 2793 754 2844 nihil
778 2793 856 2844 habui
874 2794 924 2843 nisi
943 2793 1003 2847 edd.
1020 2799 1082 2846 vett.
1100 2797 1129 2842 ct

102 2871 181 2918 quem
201 2858 255 2908 dixi
277 2873 354 2924 supra
376 2859 489 2910 codicem
506 2861 611 2911 Vratisl.
634 2863 679 2925 qui
703 2863 790 2913 delicit
812 2863 839 2912 in
859 2863 984 2913 sententia
1000 2861 1044 2913 49.
1063 2875 1127 2913 voce

103 2926 221 2988 incipiam
246 2941 293 2978 nec
306 2928 402 2993 proluit
418 2929 442 2979 ai
465 2930 530 2980 libro
551 2930 594 2984 Io.
617 2929 708 2982 (leur.
727 2929 888 2992 Orellius,
908 2933 952 2994 qui
970 2931 1051 2982 edidit
1067 2945 1127 2980 enm

104 2995 170 3044 inter
189 2992 319 3060 Opuscula
340 2995 494 3050 Graecorum
516 3007 577 3050 vett.
603 3001 759 3050 sententiosa
771 3006 796 3050 et
814 3000 921 3050 moralia
937 3008 999 3051 tom.
1015 3002 1034 3050 I.
1061 3014 1125 3065 pag.

104 3061 156 3115 269
172 3079 229 3127 sqq.
261 3066 356 3117 Verum
376 3076 427 3129 est,
445 3069 512 3131 quod
531 3069 555 3117 in
576 3069 632 3123 cod.
652 3069 757 3123 Vraticl.
776 3069 914 3134 adscripsit
933 3083 1023 3119 manus
1038 3083 1126 3119 receu-

103 3133 165 3182 tior:
185 3133 242 3184 Non
266 3142 305 3186 eet
325 3136 366 3187 dic
384 3137 503 3189 dicendae
520 3137 600 3188 liber:
626 3139 774 3190 recollectae
788 3139 851 3190 enim
869 3145 927 3189 aaut
949 3138 1072 3205 quaedam
1092 3136 1126 3187 ad

104 3202 188 3266 aliquo
207 3212 344 3268 emoerptae
369 3222 404 3257 ee
422 3206 494 3257 tium
511 3204 637 3268 Senecae,
662 3207 712 3257 nisi
728 3207 797 3272 quod
815 3221 866 3258 non
885 3223 916 3259 ex
934 3207 998 3258 solis
1014 3205 1127 3258 Senecae

103 3269 175 3321 libris
193 3273 313 3326 collectae
330 3277 471 3326 sententiae
486 3281 564 3334 ‘snut3
585 3282 661 3338 atque
680 3291 712 3326 ex
731 3279 763 3327 iis
780 3277 898 3341 quidem,
916 3277 962 3340 qul
980 3281 1125 3341 supersunt,

104 3341 152 3389 etsi
169 3342 264 3392 similia
279 3343 389 3408 proferri
406 3343 486 3394 multa
503 3350 624 3408 possunt,
641 3345 705 3409 ipsis
723 3354 809 3397 tamen
823 3347 909 3397 verbis
928 3360 993 3409 quae
1008 3351 1126 3396 accurate

104 3411 267 3471 conveniant,
290 3426 340 3462 nou
362 3413 499 3464 admodum
518 3410 599 3462 multa
621 3427 678 3463 esse
702 3415 793 3475 credo;
819 3414 898 3464 veluti
917 3414 1036 3476 dubites,
1059 3415 1126 3464 sitne

114 3485 167 3529 ent.
181 3478 216 3530 48
229 3480 309 3544 petita
327 3497 358 3532 ex
373 3498 413 3548 ep.
434 3481 458 3542 3,
476 3484 502 3532 2.
521 3482 582 3530 item
600 3482 633 3533 ad
650 3490 715 3533 seut.
730 3484 773 3535 65.
792 3482 825 3533 cl.
845 3498 886 3548 ep.
899 3482 942 3544 97,
960 3481 1001 3534 13.
1020 3482 1078 3544 105,
1098 3480 1123 3533 8.
