2468 3930
143 221 186 285 30
428 221 461 280 L.
482 221 631 281 ANNAEI
653 220 828 284 SENECAE

134 373 232 449 'longe
243 373 282 433 ab
294 371 345 432 illa
356 372 481 447 regione
494 371 657 433 verticibus
669 371 773 433 infami
785 389 909 435 cursum
920 380 1012 436 tenet.
1033 375 1122 438 Idem

141 457 213 518 lacit
231 456 376 532 sapiense
402 456 570 517 nocituram
594 457 761 531 potentiam
786 458 876 533 vitat,
904 458 964 519 hoc
990 460 1122 534 primum

141 557 270 612 cavens,
299 555 338 599 ne
358 539 454 600 vitare
474 541 624 601 videatur.
657 557 731 616 pars
752 540 832 600 enim
853 540 1025 604 securitatis
1040 550 1071 604 et
1088 546 1122 605 in

139 625 200 685 hoc
222 630 270 684 est
289 640 350 684 non
372 639 411 682 ex
431 625 575 700 prolesso
597 638 664 683 eam
679 629 760 697 [non]
783 633 903 699 petere,
928 626 1014 701 quia,
1040 643 1123 703 quae

111 709 211 784 aquis
231 707 322 783 fugit,
349 708 481 768 damnat.
522 707 831 783 circumspiciendum
854 724 929 784 ergo
950 708 1041 771 nobis
1062 719 1121 785 est,

142 792 298 868 quomodo
315 792 438 868 avolgo
455 792 507 856 tuli
522 806 595 852 esse
610 791 776 865 possimus.
806 792 939 853 Primum
951 793 1025 854 nihil
1038 793 1122 856 idem

141 876 413 949 concupiscamus:
440 873 509 935 rixa
529 882 576 935 est
595 875 673 936 inter
687 876 905 950 conpetitores.
941 876 1062 938 Deinde
1074 878 1120 939 ui·

140 959 182 1019 hil
202 958 386 1034 habeamus²
409 959 580 1035 quodcum
595 974 705 1034 magno
721 960 925 1021 emolumento
947 961 1121 1024 insidiantis

141 1043 216 1119 eripi
230 1044 338 1119 possit.
360 1059 450 1119 quam
464 1043 619 1103 minimum
634 1042 675 1103 sit
689 1043 718 1103 in
731 1059 861 1119 corpore
874 1051 927 1106 tuo
939 1043 1121 1120 spoliorum.

139 1128 235 1189 Nemo
256 1129 296 1187 ad
316 1127 482 1188 humanum
497 1127 677 1202 sanguinem
692 1132 819 1202 propter
832 1129 934 1203 ipsum
951 1127 1049 1204 venit,
1068 1137 1123 1192 aut

141 1212 305 1273 admodum
318 1212 419 1288 pauci.
442 1214 547 1287 plures
561 1219 728 1286 conputant
739 1228 831 1286 quam
842 1213 982 1273 oderunt.
1003 1213 1120 1273 nudum

141 1297 218 1357 latro
239 1294 420 1358 transmittit.
450 1297 541 1357 etiam
560 1294 590 1354 in
612 1296 744 1356 obsessa
764 1295 815 1356 via
836 1296 965 1371 pauperi
985 1311 1049 1371 pax
1063 1303 1121 1357 est.

101 1381 209 1446 loTria
224 1380 336 1440 deinde
350 1395 389 1438 ex
404 1385 570 1454 praecepto
586 1379 679 1438 veteri
695 1379 882 1454 praestanda
896 1386 968 1440 sunt
980 1386 1013 1439 ut
1024 1380 1120 1440 viten-

141 1471 204 1524 tur:
227 1463 345 1535 odium,
362 1462 490 1534 invidia,
509 1468 712 1535 contemptus.
745 1462 905 1535 Quomodo
920 1463 980 1524 hoc
995 1463 1057 1538 fiat,
1072 1479 1121 1524 sa·

142 1543 256 1623 pientia
267 1547 335 1606 sola
346 1544 534 1606 monstrabit
556 1545 680 1605 diilloile
691 1546 770 1606 enim
782 1554 1053 1622 temperamentum
1063 1554 1120 1620 est.

141 1629 387 1704 verendumque,
401 1645 441 1689 ne
451 1629 480 1688 in
494 1634 699 1705 contemptum
710 1646 768 1691 nos
779 1630 912 1693 invidiae
922 1631 1011 1692 timor
1022 1637 1121 1691 trans-

143 1715 234 1785 ierat,
258 1729 297 1772 ne
314 1714 386 1774 dum
402 1715 521 1774 calcare
536 1714 693 1788 uolumus,
714 1714 872 1775 videamur
886 1731 982 1790 posse
998 1715 1121 1776 calcari.

142 1797 244 1859 multis
261 1796 386 1857 timendi
400 1798 506 1858 adtulit
519 1813 631 1858 causas
649 1795 746 1857 timeri
761 1814 867 1872 posse.
902 1799 1047 1874 Undique
1060 1813 1120 1859 nos

101 1882 341 1942 11reducamus=
364 1897 425 1942 non
437 1881 536 1941 minus
549 1881 700 1941 contemni
712 1899 803 1957 quam
815 1883 931 1959 suspici
942 1888 1042 1944 nocet.
1069 1881 1121 1943 Ad

142 1965 369 2042 philosophiam
390 1981 463 2040 ergo
486 1965 724 2039 confugiendum
745 1972 806 2026 est:
834 1967 893 2026 hae
914 1966 1037 2040 literae,
1058 1980 1122 2027 uon

143 2050 212 2109 dico
228 2050 312 2126 apud
328 2049 445 2123 bonos,
469 2049 525 2110 sed
540 2050 623 2124 apud
636 2049 830 2111 mediocriter
845 2053 944 2112 malos
958 2049 1121 2111 infidorum

143 2135 213 2195 loco
236 2141 317 2195 sunt.
349 2150 419 2193 uam
441 2134 574 2194 lorensis
593 2133 768 2208 eloquentia
789 2142 820 2194 et
835 2149 1047 2210 quaecumque
1061 2135 1121 2194 alia

144 2219 292 2293 populum
313 2225 430 2291 movet,
458 2215 653 2279 adversarios
673 2217 778 2278 habeo
806 2218 883 2278 haec
905 2218 1008 2293 quieta
1023 2223 1054 2279 et
1074 2217 1121 2278 sui

142 2302 257 2377 negotii
269 2302 421 2363 contemni
435 2319 496 2364 non
509 2308 620 2378 potest,
637 2302 686 2362 cui
698 2301 736 2361 ab
749 2302 890 2363 omnibus
902 2302 1019 2363 artibus
1030 2301 1121 2362 etlam

144 2387 227 2462 apud
247 2386 401 2462 pessimos
423 2387 524 2448 honor
545 2393 602 2447 est.
641 2386 813 2461 Numquam
826 2386 858 2445 in
874 2393 989 2447 tantum
1008 2400 1120 2447 conva-

143 2473 239 2532 lescet
259 2471 408 2547 nequitia,
435 2486 601 2545 numquam
621 2470 667 2530 sic
687 2477 793 2531 contra
806 2470 933 2532 virtutes
949 2467 1122 2530 coniuraui-

143 2561 206 2628 tur,
226 2561 260 2615 ut
274 2572 335 2614 non
350 2554 565 2630 philosophiae
579 2567 690 2614 nomen
702 2553 875 2614 venerabile
886 2561 916 2614 et
926 2569 1048 2614 sacrum
1059 2567 1121 2612 ma-

144 2646 223 2698 neat.
267 2637 406 2698 Ceterum
426 2636 622 2711 philosophia
642 2637 711 2711 ipsa
731 2639 892 2712 tranquille
918 2637 1122 2711 modesteque

102 2733 135 2787 12
144 2720 299 2782 tractanda
320 2727 376 2781 est.
413 2720 512 2794 „Quid
535 2727 630 2795 ergo?
654 2721 771 2796 inquis,
794 2721 915 2782 videtur
931 2721 984 2793 tibi
998 2719 1121 2780 Marcus

145 2805 217 2864 Cato
238 2803 378 2864 modeste
398 2803 626 2880 philosophari,
656 2807 708 2880 qui
728 2806 840 2867 bellum
865 2804 953 2865 civile
971 2802 1123 2865 sententie

143 2887 300 2962 reprimite
328 2885 381 2962 qui
406 2888 567 2950 lucentium
588 2889 758 2965 principum
777 2888 868 2970 armis
890 2889 1009 2948 medius
1030 2888 1122 2948 inter·

145 2971 247 3032 venit?
273 2972 326 3046 qul
348 2972 415 3032 aliis
435 2972 613 3048 Pompeium
634 2973 860 3035 offendentibus
876 2973 944 3033 aliis
959 2972 1123 3032 Caesarem

103 3056 233 3123 lesimul
259 3056 384 3117 lacessit
411 3057 490 3118 duos
499 3061 534 3116 Ψ(
572 3056 677 3118 Potest
698 3057 809 3134 aliquis
832 3057 990 3130 disputare
1010 3071 1049 3114 an
1069 3055 1122 3115 illo

144 3148 281 3217 tempore
297 3142 489 3216 capessenda
504 3140 594 3202 luerit
607 3141 737 3216 sapienti
752 3141 936 3216 respublica.
977 3139 1055 3220 Quid
1069 3135 1124 3199 tibi

62 3224 66 3231 '
146 3224 192 3284 vis
213 3224 317 3286 Marce
338 3224 433 3288 cato?
453 3225 596 3289 lemnon
617 3223 715 3300 agitur
733 3226 772 3286 de
786 3225 938 3286 libertate:
962 3223 1034 3285 olim
1051 3237 1123 3298 pes·

144 3311 285 3372 sumdata
299 3318 355 3374 est
382 3311 545 3388 quaeritur,
570 3317 670 3371 utrum
686 3309 798 3370 Caesar
812 3326 850 3368 an
866 3308 1032 3384 Pompeius
1048 3323 1123 3382 pos-

144 3396 244 3457 sideat
270 3397 510 3470 rempublicam:
546 3393 621 3469 quid
650 3394 703 3454 tibi
729 3409 797 3453 cum
822 3395 882 3454 ista
907 3392 1124 3454 contentione?

144 3481 245 3542 nullae
260 3489 363 3556 partes
377 3488 448 3541 tuae
462 3487 541 3540 sunt.
564 3477 707 3540 dominus
722 3475 856 3552 eligitur:
879 3476 954 3552 quid
967 3484 1034 3551 tue,
1055 3481 1125 3536 uter
