2468 3930
239 256 408 319 EPISTUL.
424 256 517 318 molt.
537 258 609 318 LIB.
624 258 701 319 XIII.
723 258 779 335 Ep.
796 269 822 320 2.
846 265 917 333 (87.)
1011 261 1077 330 ἳ41,

93 419 123 473 et
138 426 233 486 supra
248 425 319 470 cara
333 408 512 469 mortalibus
535 410 688 470 conlocat:
721 425 777 470 nec
805 427 857 486 ea,
884 427 963 487 quae
987 411 1078 484 bona,

93 511 152 556 nec
167 510 219 568 ea,
245 507 325 568 quae
338 493 418 551 mala
432 498 593 566 vocantur,
614 501 666 553 aut
680 493 764 568 cupit
776 495 865 555 nimis
881 503 932 556 aut
946 509 1078 570 expave-

94 580 160 640 scit.
190 576 345 650 Chelidon,
360 591 439 636 unus
455 592 495 635 ex
506 575 685 651 cleopatrae
699 578 852 651 mollibus,
865 579 1078 653 patrimonium

93 662 211 739 grande
236 657 387 735 possedit.
433 673 531 734 nuper
555 659 670 720 Natalis
696 668 756 720 tam
782 659 930 736 inprobae
957 663 1078 738 linguae

100 760 186 823 quam
201 745 338 819 impurae,
362 742 391 802 in
409 743 495 803 cuius
514 758 568 802 ore
584 743 713 802 feminae
730 746 943 819 purgabantur,
959 752 990 806 et
1003 747 1078 806 mul·

94 839 194 891 torum
212 828 302 887 heres
318 827 372 886 luit
391 834 422 885 et
440 826 551 886 multos
572 825 677 885 habuit
697 826 837 886 heredes.
886 829 964 902 Quid
984 837 1080 904 ergo?

93 921 194 974 utrum
210 911 294 971 illum
309 907 440 985 pecunia
455 925 566 985 purum
581 908 683 969 effecit
704 926 743 968 an
760 908 830 985 ipse
851 913 1013 985 pecuniam
1035 913 1079 972 in·

95 995 272 1072 spurcavitt
301 1008 379 1069 quae
396 992 441 1053 sic
462 993 491 1052 in
516 993 666 1069 quosdam
687 992 826 1054 homines
849 995 1005 1069 quomodo
1025 997 1079 1056 de·

95 1080 197 1140 narius
213 1080 242 1138 in
258 1078 393 1138 cloacam
417 1075 506 1137 cadit.
541 1076 647 1137 Virtus
662 1093 756 1151 super
770 1078 829 1136 Ista
844 1079 991 1140 consistit.
1021 1087 1121 1143 suoll

95 1179 165 1224 aere
186 1169 338 1223 censetur.
379 1159 453 1219 nihil
475 1175 512 1220 ex
538 1160 604 1221 istis
626 1160 761 1235 quolibet
780 1159 1003 1222 iocurrentibus
1025 1163 1079 1223 bo-

96 1264 166 1308 num
186 1245 309 1305 iudicat.
349 1242 501 1304 Medicina
521 1251 552 1304 et
570 1244 749 1318 gubernatio
770 1261 830 1305 non
849 1245 1001 1305 interdicit
1021 1245 1079 1306 sibi
1168 1253 1170 1257 ’

95 1347 130 1391 ac
145 1330 211 1391 suis
227 1328 426 1390 admiratione
440 1328 543 1387 talium
559 1343 669 1387 rerum.
704 1328 756 1402 qui
772 1345 831 1389 non
847 1335 895 1389 est
908 1328 1079 1402 virbonus,

95 1420 197 1490 potest
210 1413 404 1474 nihilominus
419 1411 557 1471 medicus
573 1426 659 1485 esse,
674 1418 777 1486 potest
789 1413 989 1486 gubernator,
1011 1421 1079 1488 pot-

94 1506 141 1558 est
154 1497 369 1572 grammaticus
384 1503 445 1556 tam
461 1494 652 1555 mehercules
668 1511 760 1570 quam
776 1511 903 1571 coquus.
938 1497 991 1557 Cui
1006 1513 1079 1558 con-

94 1581 158 1658 tigit
171 1580 286 1640 habere
300 1596 364 1639 rem
383 1596 444 1640 non
461 1577 638 1654 quamlibet,
661 1578 742 1639 hunc
763 1596 825 1640 non
847 1580 1013 1655 quemlibet
1035 1581 1079 1641 di-

94 1667 192 1725 xeris:
221 1665 323 1740 qualia
345 1662 477 1738 quisque
497 1662 604 1735 habet,
628 1663 696 1722 tells
715 1671 772 1723 est.
811 1662 920 1725 Fiscus
935 1665 1009 1725 tanti
1024 1673 1079 1739 est,
1089 1670 1122 1724 18

95 1757 239 1824 quantum
264 1746 370 1808 habet:
398 1747 488 1806 immo
510 1746 540 1805 in
561 1746 771 1807 accessionem
790 1747 856 1808 eius
871 1749 969 1823 venit,
996 1749 1079 1824 quod

94 1832 194 1893 habet.
227 1831 296 1907 quis
311 1833 403 1906 pleno
419 1830 543 1891 sacculo
559 1831 652 1891 ullum
668 1831 796 1906 pretium
811 1831 904 1906 ponit,
924 1831 982 1892 nisi
995 1832 1080 1907 quod

95 1914 245 1991 pecuniae
271 1914 302 1974 in
327 1930 365 1976 eo
394 1914 535 1975 conditae
555 1930 699 1976 numerus
721 1914 843 1974 effecit?
877 1915 956 1976 idem
978 1916 1080 1977 evenit

96 2016 272 2074 magnorum
294 1999 426 2059 dominis
448 1998 713 2073 patrimoniorum=
737 2001 935 2060 accessiones
959 1999 1079 2060 illorum

94 2092 125 2144 et
145 2081 335 2160 appendices
358 2088 437 2144 sunt.
483 2083 582 2156 Quare
607 2098 680 2156 ergo
707 2081 832 2157 sapiens
857 2099 986 2158 magnus
1011 2090 1080 2145 estt

95 2167 167 2243 quia
181 2183 324 2242 magnum
338 2167 471 2227 autmum
485 2165 586 2225 habet.
620 2181 726 2226 verum
742 2173 789 2225 est
803 2181 892 2240 ergot
909 2167 993 2242 quod
1006 2183 1078 2228 con-

95 2251 298 2327 temptissimo
314 2251 425 2326 cuique
440 2249 594 2324 contingit,
609 2249 721 2308 bonum
737 2265 797 2309 non
819 2257 876 2309 est.
913 2251 1020 2325 Itaque
1034 2252 1079 2310 in·
1088 2258 1121 2314 19

95 2335 258 2395 dolentiam
283 2351 449 2410 numquam
470 2333 584 2393 bonum
606 2333 720 2392 dIcam:
748 2331 841 2392 habet
860 2333 940 2392 illam
963 2334 1079 2408 cicada,

93 2417 186 2479 habet
199 2419 303 2495 pulex.
334 2435 373 2478 ne
388 2419 519 2494 quietem
535 2416 658 2491 quidem
680 2426 711 2477 et
731 2417 871 2477 molestia
891 2432 1002 2476 vacare
1022 2416 1064 2477 bo

94 2518 166 2562 num
181 2503 296 2562 dicam:
314 2502 389 2578 quid
405 2509 452 2562 est
468 2502 597 2562 otiosius
613 2507 736 2561 uerme‘l
780 2501 916 2574 Quaeris
933 2515 1078 2577 quaeres

95 2586 263 2659 sapientem
284 2587 395 2647 laciatt
427 2601 506 2661 quae
527 2585 628 2645 deum.
663 2585 722 2644 des‘
741 2592 863 2659 oportet
884 2585 925 2644 illi
941 2585 1077 2645 divinum

94 2667 224 2744 aliquid,
241 2669 386 2743 coeleste,
408 2669 611 2744 magnificum.
649 2685 710 2729 non
733 2669 763 2727 ln
779 2685 884 2729 omnes
899 2669 1013 2730 bonum
1028 2685 1076 2728 ca·

94 2752 137 2811 dit
152 2769 210 2813 nec
226 2755 392 2828 quemlibet
405 2769 620 2828 possessorem
637 2753 759 2828 patitur.
796 2752 876 2814 Vide
1084 2758 1121 2810 20

134 2843 164 2897 et
181 2839 255 2912 quid
275 2854 408 2912 quaeque
422 2837 506 2911 ferat
524 2840 607 2911 reato
629 2843 659 2898 et
670 2838 745 2912 putul
756 2853 890 2913 quaeque
903 2846 1035 2901 recuset:

134 2921 183 2981 In'c
195 2928 319 2995 saperes,
336 2924 398 2983 illic
412 2923 532 2981 veniunt
542 2921 663 2995 feticius
677 2938 761 2981 uvae.

134 3006 254 3065 arborei
263 3004 345 3078 fctus
362 3007 435 3066 alibi
447 3011 534 3078 atque
547 3007 659 3066 iniusso
672 3008 820 3066 virescunt

131 3092 283 3162 prandea.
314 3105 411 3150 nonne
423 3089 519 3161 vides,
533 3104 651 3149 croceos
664 3097 697 3149 ct
713 3088 829 3149 Tmolus
842 3089 955 3162 odores,

133 3172 227 3233 India
241 3174 436 3246 minutatur,
458 3175 558 3232 molles
574 3189 630 3232 suo
644 3178 713 3231 lura
726 3168 855 3233 Sabaei?

135 3261 168 3316 at
181 3257 325 3333 Chalybes
338 3258 415 3317 nudi
425 3256 555 3331 ferrum.

93 3337 154 3399 Ista
168 3339 199 3399 in
214 3340 356 3414 regiones
372 3341 526 3414 descripta
541 3344 619 3411 sunt,
635 3345 668 3399 ut
678 3338 887 3400 necessarium
898 3336 1117 3397 mortalibusal.

93 3428 177 3482 esset
191 3423 270 3484 Inter
284 3423 369 3499 ipsos
386 3423 609 3494 commercium,
626 3419 654 3482 si
668 3419 797 3482 invicem
813 3421 891 3482 alius
906 3420 1021 3497 aliquid
1037 3421 1075 3481 ab

94 3505 152 3567 alio
167 3513 301 3582 peteret:
327 3522 477 3568 summum
500 3506 575 3567 illud
590 3506 703 3567 bonum
721 3513 751 3566 et
764 3506 865 3582 ipsum
880 3521 967 3567 suam
984 3504 1075 3566 habet

134 3610 238 3650 seneca
250 3610 319 3649 rum.
337 3596 381 3651 III.
879 3598 915 3652 ttl
