2468 3930
134 239 198 303 402
424 238 458 296 L,
479 236 626 296 ANNAEI
649 234 824 296 SENECAE

133 390 208 467 quid
223 387 380 448 'vitandum
395 386 447 459 sit,
472 400 540 445 cum
556 384 717 460 didiceris,
734 383 809 460 quid
830 391 956 446 naturae
970 392 1043 447 tuae
1063 387 1120 449 de·

104 475 217 534 lbeas.
261 471 362 546 „Ego,
385 469 501 544 inquis,
524 470 596 530 volo
611 469 749 544 discere,
771 468 927 544 quomodo
946 469 1049 531 minus
1066 487 1117 532 cu·

133 557 230 633 piam,
252 555 351 614 minus
370 550 506 612 timeam=
528 553 776 627 superstitionem
797 551 869 613 mihi
890 559 1010 614 excute.
1038 555 1119 616 doce

132 641 201 699 leve
222 653 294 699 esse
314 651 489 710 vanumque
508 636 583 709 hoc,
605 636 688 710 quod
719 635 846 696 felicitas
869 635 992 697 dicitur:
1022 655 1119 699 unam

132 723 175 782 illi
200 721 352 797 syllabam
372 720 512 780 facillime
538 720 718 780 accedere.“
760 718 922 780 Desiderio
946 727 999 781 tuo
1025 723 1119 784 satis-

133 807 242 866 faciam
257 813 288 865 et
301 805 427 864 virtutes
449 802 634 864 exhortabor
651 811 682 864 et
697 802 769 863 vitia
781 804 1023 865 converberabo.
1044 807 1118 867 licet

133 890 244 964 aliquis
259 888 384 949 nimium
403 887 688 960 inmoderatumque
703 886 734 946 in
749 886 808 946 hac
826 895 912 962 parte
927 903 977 947 me
990 889 1117 964 iudicet,

133 990 195 1033 non
212 973 359 1033 desistam
375 972 521 1047 persequi
543 971 708 1047 nequitiam
728 977 758 1031 et
778 971 918 1032 adfectus
936 971 1117 1034 efferatissi-

133 1073 200 1117 mos
219 1056 357 1115 inbibere
372 1062 403 1116 et
418 1057 591 1130 voluptates
606 1055 701 1115 ituras
721 1055 750 1112 in
770 1054 908 1115 dolorem
923 1071 1117 1131 conpescere

133 1149 163 1203 et
176 1140 256 1200 votis
272 1140 461 1214 obstrepere.
487 1138 613 1213 quidnit
634 1153 704 1198 cum
717 1138 848 1197 maxima
862 1140 1010 1199 malorum
1028 1147 1116 1215 opta-

132 1224 266 1284 verimus
279 1229 309 1283 et
320 1238 359 1281 ex
370 1223 569 1296 gratulatione
581 1228 683 1282 natum
694 1222 740 1294 sit,
750 1221 898 1297 quicquid
909 1221 1115 1298 adloquimur.

104 1308 252 1368 olntcrim
269 1307 407 1380 permitte
421 1305 493 1366 mihi
511 1321 562 1379 ea,
579 1321 658 1380 quae
676 1307 767 1380 paulo
784 1305 925 1366 videntur
938 1307 1116 1381 remotiora,

132 1397 292 1451 excutere:
314 1389 547 1463 quaerebamus,
569 1405 613 1448 an
630 1397 714 1450 esset
735 1388 913 1450 omnibus
934 1390 1116 1450 animali·

132 1476 203 1540 bus
230 1468 533 1534 constitutionis
559 1480 834 1533 suaesensust
862 1488 934 1534 esse
954 1480 1058 1535 autem
1075 1490 1116 1535 ex

133 1574 170 1619 eo
192 1558 323 1616 maxime
342 1558 484 1632 adparet,
506 1558 591 1632 quod
607 1556 742 1616 membra
757 1563 829 1630 apte
846 1563 877 1617 et
890 1557 1037 1632 expedite
1051 1573 1116 1618 rno-

131 1647 205 1700 vent
226 1656 287 1701 non
307 1640 395 1701 aliter
416 1657 506 1714 qnam
528 1640 558 1698 in
578 1639 638 1700 hoc
660 1640 788 1700 erudita.
816 1639 890 1700 nulli
903 1657 966 1701 non
981 1640 1116 1716 partium

134 1740 257 1785 suarum
272 1723 390 1798 agilitas
406 1731 467 1783 est:
488 1724 597 1783 artilex
610 1723 809 1784 instrumenta
823 1740 881 1784 sua
893 1730 1002 1785 tractat
1016 1740 1057 1786 ex
1071 1726 1115 1786 fa-

134 1807 192 1868 cili.
219 1815 322 1868 rector
341 1808 429 1867 navis
451 1807 509 1867 scit
528 1807 767 1881 gubernaculum
783 1805 918 1868 flectere.
947 1808 1047 1883 pictor
1063 1825 1115 1870 co-

132 1894 224 1966 lores,
246 1907 324 1966 quos
338 1892 375 1950 ad
387 1891 576 1951 reddendam
588 1890 812 1952 similitudinem
825 1893 935 1952 multos
946 1892 1115 1967 variosque

133 1982 204 2035 ante
220 1991 254 2035 se
269 1975 387 2050 posuit,
410 1974 567 2034 celerrime
582 1974 707 2034 denotat
719 1981 749 2034 et
764 1975 840 2033 inter
855 1990 954 2034 ceram
969 1990 1115 2050 opusque

133 2059 214 2120 facili
227 2060 312 2119 voltu
328 2074 365 2118 ac
379 2075 471 2119 manu
483 2064 648 2118 commeat:
664 2058 709 2117 sic
723 2057 834 2118 animal
845 2058 877 2116 in
891 2073 1010 2118 ornnem
1021 2075 1114 2119 usum

103 2144 180 2210 osui
196 2142 307 2203 mobile
322 2148 395 2216 [esti.
427 2141 529 2201 Mirari
545 2143 681 2202 solemus
696 2143 829 2203 saltandi
840 2142 967 2218 peritos,
981 2143 1067 2217 quod
1078 2142 1113 2202 in

133 2242 253 2287 omnem
269 2224 521 2301 significationem
532 2240 632 2286 rerum
645 2232 674 2285 et
684 2227 860 2286 adfectuum
871 2233 980 2301 perata
993 2226 1113 2288 illorum

133 2318 181 2371 est
207 2327 315 2370 manus
341 2317 373 2371 et
391 2311 554 2370 verborum
577 2310 769 2371 velocitatem
789 2316 896 2385 gestus
918 2310 1111 2384 adsequitur:

132 2394 217 2471 quod
237 2395 297 2455 illis
318 2409 369 2453 ars
390 2400 540 2469 praestat,
562 2393 610 2453 his
634 2401 750 2454 natura.
779 2410 869 2454 nemo
884 2408 978 2468 aegre
993 2394 1112 2455 molitur

132 2486 217 2539 artus
233 2494 318 2551 suos,
334 2493 423 2536 nemo
440 2477 469 2537 in
485 2494 545 2536 usu
556 2477 604 2537 sui
614 2477 721 2538 haesit.
744 2479 783 2538 ad
798 2477 858 2537 hoc
875 2478 958 2537 edita
972 2478 1111 2552 protinus

132 2563 256 2622 faciunt.
284 2577 352 2621 cum
368 2560 425 2619 hac
443 2562 571 2621 scientia
591 2563 751 2636 prodeunt.
779 2559 915 2621 instituta
935 2569 1111 2623 nascuntur.

103 2647 235 2721 'l„lde0,
250 2645 361 2719 inquit,
385 2652 488 2719 partes
507 2661 580 2705 suas
595 2646 737 2706 animalia
752 2653 822 2720 apte
837 2651 969 2718 movent,
988 2646 1070 2720 quia,
1086 2642 1111 2704 si

133 2728 220 2789 aliter
233 2728 398 2802 moverint,
419 2729 556 2790 dolorem
578 2744 708 2790 sensura
730 2733 833 2790 sunt.“
874 2729 934 2803 lta,
948 2735 983 2789 ut
994 2745 1054 2790 vos
1069 2727 1111 2790 di·

133 2811 217 2886 citis,
243 2820 392 2886 coguntur
415 2821 577 2888 metusque
602 2812 654 2872 illa
678 2813 707 2872 in
732 2821 862 2888 rectum,
888 2829 950 2873 non
970 2814 1111 2874 voluntas

132 2903 249 2970 movet,
273 2899 357 2973 quod
371 2903 419 2959 est
434 2899 552 2959 falsum.
580 2897 668 2956 tarda
682 2898 763 2957 enim
781 2904 860 2971 sunt,
878 2911 959 2972 quae
974 2894 1111 2958 necessi·

131 2986 194 3041 tate
213 2982 414 3057 inpelluntur=
440 2981 557 3056 agilitas
579 2989 690 3055 sponte
711 2981 802 3042 motis
827 2987 884 3041 est.
912 2979 993 3041 adeo
1013 2988 1112 3041 autem

133 3081 195 3126 non
210 3065 304 3142 adigit
317 3064 369 3128 ille
383 3067 424 3126 ad
437 3066 497 3126 hoc
512 3063 628 3125 doloris
643 3064 746 3138 timor,
768 3072 801 3125 ut
820 3061 851 3125 in
866 3063 1035 3125 naturalem
1048 3079 1112 3123 mo·

104 3150 196 3211 atum
219 3150 311 3211 etiam
334 3149 514 3226 prohibente
532 3148 639 3209 dolore
661 3150 802 3210 nitantur.
847 3147 898 3209 Sic
917 3147 1035 3223 infans,
1061 3146 1113 3222 qui

134 3241 215 3295 stare
229 3234 390 3296 meditatur
404 3241 434 3294 et
448 3235 528 3294 ferre
542 3248 577 3295 se
588 3233 753 3306 adsuescit,
769 3232 859 3293 simul
870 3237 1022 3305 temptare
1031 3230 1112 3292 vires

133 3333 206 3378 suas
223 3319 339 3393 coepit,
364 3319 445 3378 cadit
458 3323 488 3377 et
502 3333 571 3378 cum
585 3316 660 3379 lietu
675 3316 786 3378 totiens
803 3314 945 3390 resurgit,
962 3315 1064 3376 donec
1078 3329 1114 3376 se

132 3416 190 3476 per
204 3401 341 3462 dolorem
356 3402 396 3462 ad
411 3401 451 3476 id,
469 3402 554 3483 quod
564 3408 671 3463 natura
682 3402 792 3477 poscit,
804 3399 951 3461 exercuit.
970 3398 1114 3461 animalia

132 3484 285 3562 quaedam
299 3486 375 3562 tergi
390 3483 522 3547 durioris
537 3484 662 3547 inversa
676 3485 791 3548 mmdiu
803 3501 840 3546 se
853 3487 998 3559 torquent
1010 3497 1049 3545 ec
1059 3499 1113 3561 pe
