2468 3930
336 235 506 298 EPISTUL.
521 236 615 297 MOR.
637 237 708 297 LlB.
724 237 746 295 l.
766 236 822 298 ΕΡ.
835 244 862 298 9.
1043 233 1083 300 17

101 389 207 452 hostili
222 389 363 450 custodia
376 389 493 449 liberet.
530 390 585 464 Qui
602 407 636 452 se
651 397 770 466 spectat
783 397 813 450 et
827 397 954 465 propter
967 390 1028 452 hoc
1043 392 1083 451 ad

104 471 268 536 amicitiam
282 473 379 546 venit,
394 476 472 533 male
487 475 608 548 cogitat.
630 475 887 550 quemadmodum
904 472 1020 549 coepit,
1037 475 1081 536 sio

102 558 238 620 desinet:
261 557 381 632 paravit
395 559 523 617 amicum
538 558 703 618 adversum
717 560 818 618 vincla
832 559 959 618 laturum
974 575 1081 633 opem=

102 641 322 717 cumprimum
344 642 496 716 crepuerit
517 647 639 717 catena,
660 642 807 702 discedet.
839 642 905 701 Hae
924 648 994 702 sunt
1008 644 1114 703 ami-9

102 727 206 798 ciliae,
231 741 309 799 quas
330 725 592 800 temporarias
615 728 751 800 populus
764 727 912 802 adpellata
936 729 987 801 qui
1002 726 1079 787 utili·

102 811 171 871 tatis
188 824 283 869 causa
295 808 478 883 adsumptus
494 816 554 880 est,
571 808 686 869 tamdiu
702 810 849 884 placebit,
866 811 1010 886 quamdiu
1024 811 1080 870 uti-

102 895 138 954 lis
155 893 255 953 luerit.
282 893 346 952 Hac
361 908 394 952 re
410 891 556 953 lloreutes
574 893 740 953 amicorum
754 894 843 955 turba
861 893 1079 955 cir·cumsedet=

102 979 186 1037 circa
207 991 335 1036 eversos
352 976 461 1050 ingens
482 976 616 1036 solitudo
632 985 693 1050 est,
715 984 746 1036 et
763 978 835 1036 inde
847 977 936 1038 amici
951 977 1078 1053 lugiunt,

101 1061 154 1121 ubi
170 1060 347 1136 probantur.
376 1059 433 1120 lrac
454 1077 488 1120 re
502 1061 561 1120 ista
574 1065 619 1120 tot
633 1060 749 1119 nefaria
763 1062 904 1135 exempla
919 1070 991 1122 sunt
1005 1063 1078 1121 alio-

102 1160 168 1205 rum
187 1150 268 1204 metu
282 1144 531 1219 relinquentium,
554 1145 680 1203 aliorum
696 1149 777 1202 metu
793 1144 993 1217 prodentium.
1025 1161 1079 1204 ne·

102 1243 193 1290 cesse
214 1235 262 1288 est
276 1228 359 1288 initia
379 1228 458 1287 inter
477 1243 512 1288 se
528 1235 558 1287 et
572 1227 673 1287 exitus
688 1236 871 1301 congruant:
894 1227 946 1302 qui
962 1227 1078 1287 amicus

102 1327 173 1372 esse
189 1312 305 1385 coepit,
322 1314 404 1386 [quic
420 1312 542 1387 expedit
548 1357 556 1384 ‚
576 1317 606 1371 ct
619 1311 741 1388 desinet]
763 1312 835 1385 quia
849 1310 988 1386 expedit:
1015 1311 1078 1384 pla-

102 1397 182 1455 cebit
196 1395 224 1454 ei
240 1394 367 1469 aliquod
379 1394 508 1470 pretium
520 1401 626 1456 contra
638 1395 814 1469 amicitiam,
836 1393 862 1454 si
878 1395 970 1455 ullum
984 1393 1015 1454 in
1028 1394 1079 1454 illa

101 1481 203 1555 placet
218 1485 339 1553 praeter
352 1479 461 1554 ipsam.
493 1479 526 1537 In
544 1479 618 1553 quid
633 1479 761 1539 amicum
775 1485 872 1553 paro?
893 1485 926 1538 ut
938 1478 1119 1553 habeam,10

101 1581 158 1639 pro
181 1579 242 1638 quo
264 1561 341 1623 mori
359 1563 492 1637 possim,
519 1568 553 1622 ut
571 1561 716 1636 habeam,
739 1578 829 1637 quem
843 1563 872 1621 in
889 1562 1013 1622 exilium
1029 1577 1077 1620 se-

102 1663 194 1723 quar,
220 1647 307 1706 cuius
330 1661 378 1706 me
399 1646 487 1706 morti
508 1652 559 1720 [et]
583 1646 737 1720 obponam
756 1653 786 1706 et
805 1645 984 1721 inpendam=
1009 1646 1076 1718 ista,

101 1724 193 1806 quam
209 1737 242 1790 tu
257 1729 421 1800 describis,
444 1731 608 1804 negotiatio
624 1736 686 1804 est,
702 1746 763 1790 non
779 1730 924 1802 amicitia,
942 1744 1021 1805 quae
1038 1728 1078 1787 ad

101 1814 295 1875 commodum
319 1813 451 1887 accedit,
478 1830 556 1889 quae
578 1814 652 1889 quid
667 1822 870 1875 consecutura
889 1814 929 1873 sit
949 1819 1077 1888 spectat

100 1899 168 1958 Nou
184 1897 276 1957 dubie
294 1897 386 1957 habet
407 1896 521 1972 aliquid
543 1897 640 1958 simile
655 1898 804 1958 amicitiae
819 1898 959 1957 adlectus
976 1913 1076 1956 aman·
1087 1901 1117 1959 ll

99 1982 184 2045 tium.
213 1981 317 2056 possis
335 1981 437 2041 dicere
452 1982 532 2040 illam
549 1997 619 2041 esse
634 1980 773 2042 insanam
788 1981 962 2042 amicitiam:
992 1996 1077 2039 num·

102 2065 176 2142 quid
197 2081 271 2139 ergo
288 2065 476 2142 [quisquam]
492 2072 573 2124 amat
587 2065 663 2125 lucri
678 2072 794 2126 causat
821 2065 968 2141 numquid
982 2064 1076 2124 ambi·

100 2148 192 2210 tionis
208 2157 260 2210 aut
274 2149 411 2224 gloriae?
437 2150 506 2224 ipse
521 2165 576 2223 per
592 2165 626 2209 se
641 2166 726 2210 amor
742 2150 874 2210 omnium
889 2148 1014 2209 aliarum
1029 2163 1076 2206 re-

101 2249 167 2295 rum
189 2235 356 2308 neglegens
377 2230 496 2293 animos
516 2234 547 2292 ln
574 2231 768 2308 cupiditatem
790 2235 906 2293 formae
926 2249 988 2292 non
1011 2231 1077 2291 sine

102 2334 158 2393 spe
172 2324 294 2377 mutuae
310 2317 441 2377 caritatis
457 2317 604 2377 accendit.
638 2316 716 2390 Quid
731 2323 828 2390 ergot
847 2333 886 2376 ex
900 2314 1077 2375 honestiore

102 2417 196 2462 causa
211 2402 272 2462 coit
286 2400 383 2474 turpis
398 2400 559 2462 adlectus?
577 2401 663 2474 „Non
679 2400 791 2474 agitur,
810 2399 926 2474 inquis,
942 2413 1023 2458 nunc
1038 2395 1119 2458 dela

100 2485 174 2560 hoc,
190 2501 228 2544 an
244 2482 376 2544 amicitia
389 2492 516 2560 propter
532 2500 566 2544 se
581 2486 679 2559 ipsam
696 2483 871 2559 appetenda
885 2481 954 2541 sit.“
981 2481 1077 2540 lmmo

102 2585 174 2629 vero
189 2568 263 2629 nihil
277 2567 375 2642 magis
387 2569 577 2643 probandum
590 2575 645 2629 est.
667 2567 774 2628 namsi
791 2574 917 2642 propter
930 2581 964 2625 se
979 2565 1077 2639 ipsam

101 2654 276 2728 expetenda
299 2658 362 2726 est,
392 2660 494 2728 potest
515 2652 555 2711 ad
576 2651 656 2712 illam
679 2652 841 2725 accedere,
869 2649 920 2725 qui
947 2665 982 2710 se
1006 2647 1076 2724 ipso

102 2743 263 2799 contentus
279 2744 335 2797 est.
365 2737 549 2810 „Quomodo
566 2751 639 2811 ergo
657 2737 695 2796 ad
712 2737 792 2795 illam
815 2733 977 2795 acceditt“
1001 2749 1075 2808 quo-

101 2820 193 2880 modo
209 2821 249 2880 ad
263 2836 328 2879 rem
345 2821 591 2894 pulcherrimam,
606 2837 666 2881 non
682 2822 767 2880 lucro
783 2828 891 2894 captus
906 2833 963 2877 nec
977 2816 1075 2876 varie-

101 2911 162 2964 tate
187 2904 326 2965 lortunae
347 2905 540 2978 perterritus:
569 2903 699 2964 detrahit
718 2902 868 2963 amicitiae
888 2903 1075 2962 maiestatem

101 3003 204 3062 suam,
225 2989 276 3063 qui
297 2988 378 3046 illam
398 2997 486 3064 parat
499 2986 539 3047 ad
557 2987 657 3050 bonos
675 3004 777 3048 casus.
801 2986 849 3047 Se
870 2984 1121 3045 contentus13

101 3078 162 3132 ost
177 3072 350 3146 sapiens.
377 3072 451 3146 hoc,
473 3073 513 3132 mi
528 3072 638 3148 Lucili,
656 3072 792 3148 plerique
808 3086 968 3146 perperam
986 3068 1076 3127 inter·

99 3162 271 3231 pretentum
296 3155 464 3230 sapientem
482 3155 619 3231 undique
641 3156 823 3217 submovent
844 3161 874 3214 et
887 3153 965 3212 intra
978 3159 1076 3210 cutem

100 3254 189 3301 suam
205 3246 328 3314 cogunt.
357 3239 604 3315 distinguendum
625 3247 724 3300 autem
745 3247 807 3314 est,
830 3236 904 3313 quid
925 3244 956 3296 et
971 3240 1076 3309 quate-

100 3339 158 3384 uus
173 3340 236 3385 vox
251 3323 311 3384 ista
325 3325 493 3397 promittat;
517 3340 552 3384 se
567 3329 726 3384 contentus
739 3330 786 3383 est
796 3322 921 3395 sapiens
936 3319 975 3378 ad
988 3318 1078 3377 beate

100 3407 282 3482 vivendum,
303 3423 365 3467 non
380 3409 418 3468 ad
434 3409 609 3468 vivendum.
637 3408 750 3468 adhoc
765 3406 843 3466 enim
859 3403 960 3464 multis
974 3399 1016 3462 illi
1031 3416 1077 3460 re-

101 3490 160 3552 bus
182 3507 264 3567 opus
286 3497 349 3565 est,
371 3493 409 3552 ad
432 3492 504 3554 illud
525 3498 641 3553 tantum
661 3491 762 3552 auimo
784 3505 860 3550 sano
883 3496 912 3550 et
931 3493 1033 3547 erecto
1049 3488 1080 3546 et

143 3595 245 3634 aaaron
260 3595 330 3634 rau.
345 3579 389 3635 Ill.
897 3581 918 3636 d
