2468 3930
144 225 208 290 aba
433 221 467 283 L.
489 220 637 287 ANNAEI
660 219 836 283 SENECAE

145 395 250 442 corum
274 375 464 453 supellectile
484 390 541 435 nec
561 381 606 436 tot
626 372 819 435 ferramentis
839 381 932 450 atque
949 374 1132 453 pyxidibus.

146 465 278 538 simplex
293 468 357 522 erat
377 476 416 519 ex
437 475 532 520 causa
552 458 684 535 simplici
705 460 855 519 valitudn=
876 461 988 520 multos
1002 460 1132 522 morbos

106 570 137 624 19
146 551 238 609 multa
253 547 370 607 iercula
384 545 529 604 iecerunt.
574 543 670 619 Vide,
688 551 836 618 quantum
849 559 952 603 rerum
967 559 1024 618 per
1037 560 1132 606 unam
1170 557 1174 565 ’

144 633 246 708 gulam
256 628 495 699 ,transiturarum
511 627 694 702 permisceat
707 628 841 700 luxuria,
859 636 1008 690 terrarum
1022 629 1131 694 maris·

146 732 207 791 que
233 713 391 775 vastatrix.
424 727 555 772 neccsse
575 719 624 773 est
643 712 747 788 itaque
766 712 846 771 inter
868 718 984 772 setam
1007 712 1133 775 diversa

146 800 317 860 dissideant
331 803 362 856 et
382 797 494 856 hausta
507 797 586 855 male
601 796 778 870 digerantur
795 794 863 856 aliis
877 796 937 857 alio
953 795 1131 860 nitentibus.

145 899 203 944 nec
223 883 346 955 mirum,
368 882 454 954 quod
472 880 651 941 inconstans
667 881 836 955 variusque
855 895 894 941 cx
908 879 1048 942 discordi
1063 882 1131 942 cibo

144 969 271 1029 morbus
292 973 341 1026 est
360 973 390 1025 et
404 965 456 1025 illa
471 980 511 1024 ex
529 964 689 1026 contrariis
704 972 831 1025 naturae
846 965 985 1038 partibus
999 964 1032 1025 in
1048 981 1131 1027 eum·

146 1053 216 1112 dem
239 1052 390 1125 conpulsa
408 1050 591 1110 redundant.
634 1048 708 1109 Inde
728 1055 790 1110 tam
804 1046 820 1086 *
835 1050 919 1110 nullo
935 1056 1131 1123 aegrotamus

103 1151 259 1212 acgenere
273 1151 365 1211 quam
379 1133 522 1194 vivimus.
557 1132 711 1193 Maximus
723 1133 774 1192 ille
789 1133 979 1194 medicorum
994 1141 1026 1195 61
1039 1133 1132 1195 huius

147 1219 293 1281 scientiae
315 1218 457 1280 conditor
470 1216 592 1278 feminis
606 1232 664 1276 nec
682 1218 811 1292 capillos
827 1215 965 1278 defluere
982 1218 1060 1278 dixit
1075 1233 1132 1281 nec

146 1306 244 1380 pedes
266 1304 423 1364 laborare:
448 1303 531 1375 atqui
552 1308 583 1361 et
598 1301 718 1376 capillis
733 1301 940 1363 destituuntur
953 1308 984 1362 et
998 1300 1131 1378 pedibus

147 1405 257 1464 aegrae
272 1395 351 1448 sunt.
380 1402 442 1447 non
456 1392 571 1446 mutata
587 1385 765 1446 feminarum
780 1392 902 1460 natura,
918 1387 978 1446 sed
991 1386 1057 1448 vita
1069 1393 1131 1447 esta

146 1490 216 1534 nam
231 1488 300 1532 oum
316 1472 449 1531 virorum
464 1469 614 1531 licentiam
636 1468 851 1544 aequaverint,
873 1486 1039 1545 corporum
1056 1487 1132 1546 quo

104 1579 137 1633 21
147 1573 208 1633 que
225 1557 355 1617 virilium
368 1553 564 1615 incommoda
578 1561 758 1629 aequarunt.
802 1554 869 1616 Non
884 1554 985 1615 minus
1000 1555 1132 1631 pervigi-

146 1643 218 1714 lant,
242 1658 304 1702 non
319 1639 419 1699 minus
434 1645 555 1713 potant,
576 1645 607 1698 et
621 1639 690 1699 oleo
705 1645 835 1700 elmere
849 1639 934 1699 viros
951 1645 1133 1714 provocant.

147 1740 246 1799 aeque
268 1723 368 1784 invitis
386 1723 506 1797 ingesta
524 1721 697 1795 visceribus
716 1740 772 1800 per
786 1740 823 1785 os
837 1724 971 1784 reddunt
984 1731 1016 1784 et
1029 1722 1133 1784 vinum

148 1825 237 1869 omne
257 1808 373 1869 vomitu
387 1807 594 1868 remetiuntur.
617 1823 717 1883 aeque
731 1810 832 1868 nivem
846 1807 974 1882 rodunt,
990 1809 1135 1869 solatium

147 1893 297 1954 stomachi
323 1892 500 1952 aestuantis.
533 1891 660 1952 libidine
685 1908 758 1954 vero
784 1909 824 1953 ne
847 1892 982 1953 maribus
1007 1892 1134 1968 quidem

148 1978 274 2038 cedunt:
297 1977 359 2051 pati
375 1983 481 2049 natae,
504 1976 536 2036 di
552 1976 620 2037 illas
636 1977 776 2054 deaeque
791 1978 870 2037 male
885 1977 1030 2054 perdenti
1050 1977 1134 2036 adeo

147 2078 328 2138 perversum
354 2069 544 2122 commentae
568 2076 667 2136 genus
690 2062 889 2138 inpudicitiae
910 2062 993 2123 viros
1014 2061 1132 2122 ineunt.

148 2148 222 2223 quid
239 2163 312 2222 ergo
328 2146 497 2207 mirandum
512 2152 561 2206 est
574 2146 739 2206 maximum
754 2146 943 2208 medicorum
956 2161 994 2206 ac
1005 2154 1134 2208 naturae

146 2232 365 2307 peritissimum
385 2233 415 2291 in
435 2231 595 2291 mendacio
619 2231 744 2307 prendi,
776 2247 844 2291 aum
859 2238 905 2292 tot
925 2230 1058 2291 feminae
1078 2245 1133 2306 po·

147 2317 291 2392 dagricae
315 2318 484 2390 calvaeque
510 2314 591 2376 sinti
621 2315 804 2377 beneficium
832 2331 928 2377 sexus
956 2313 1023 2376 suis
1051 2313 1133 2375 vitiis

147 2403 347 2478 perdiderunt
365 2408 409 2472 et,
439 2402 511 2476 quia
530 2400 672 2460 lerninam
690 2408 852 2472 exuerant,
879 2401 1042 2461 damnatae
1063 2404 1134 2460 66111

104 2486 263 2554 1111611111
282 2485 431 2546 virilibus.
474 2484 600 2558 Antiqui
621 2485 731 2544 medici
746 2485 927 2545 nesciebant
941 2485 1015 2544 dare
1031 2484 1134 2544 cibum

147 2572 274 2647 saepius
296 2578 326 2630 et
346 2571 417 2629 vino
439 2569 545 2628 lulcire
564 2584 660 2628 venas
684 2570 839 2631 cadentes.
867 2569 1048 2630 nesciebant
1062 2583 1133 2630 san·

146 2656 269 2730 guinem
284 2652 403 2713 mittere
424 2659 454 2712 61
469 2651 617 2713 diutinam
631 2654 869 2727 aegrotationem
883 2654 995 2713 balneo
1011 2652 1133 2714 sudori·

146 2739 268 2813 busque
280 2739 393 2797 laxare.
416 2736 595 2798 nesciebant
607 2753 729 2798 crurum
741 2739 862 2798 vinculo
875 2734 1134 2814 brachiorumque

146 2824 289 2882 latentem
305 2822 365 2880 vim
386 2828 416 2881 61
430 2820 460 2879 11
476 2821 576 2881 medio
592 2823 750 2883 sedentem
766 2823 806 2883 ad
822 2830 960 2883 extrema
972 2834 1132 2882 16166616.

147 2921 209 2965 non
224 2913 289 2966 erat
304 2921 434 2966 necesse
450 2905 687 2982 circumspicere
702 2909 795 2968 multa
809 2906 993 2969 auxiliorum
1006 2919 1131 2980 genera,

104 3003 215 3060 aarum
237 2999 343 3052 essent
368 2991 573 3067 periculorum
596 2992 798 3068 paucissima=
832 3007 913 3052 nunc
937 3006 1014 3051 vero
1041 3004 1133 3065 quam

146 3078 238 3151 longe
254 3082 474 3153 processerunt
489 3077 568 3137 mala
585 3076 774 3138 valitudinis!
797 3075 855 3137 has
864 3091 978 3137 usuras
989 3075 1131 3150 volupta-

146 3160 220 3222 tium
237 3162 399 3237 pendimus
413 3161 631 3223 ultramodum
645 3162 756 3237 fasque
776 3161 1016 3236 concupitarum.
1045 3159 1132 3219 innu-

145 3248 308 3308 merabiles
331 3263 403 3308 esse
423 3246 548 3307 morbos
569 3263 632 3307 non
651 3245 826 3306 miraberis:
856 3259 975 3320 coquos
995 3258 1132 3304 numera.

147 3339 250 3393 cessat
270 3349 361 3393 omne
383 3330 518 3392 studium
541 3338 572 3392 et
585 3326 729 3393 ‘liberalia
748 3328 884 3408 proiessi
906 3329 974 3390 sine
993 3329 1057 3390 ulla
1073 3328 1132 3387 ire·

148 3417 272 3490 quentia
289 3417 419 3479 desertis
437 3414 556 3490 angulis
574 3416 759 3490 praesident.
787 3415 817 3475 in
837 3415 994 3476 rhetorum
1010 3427 1048 3474 66
1066 3409 1133 3488 phi·

147 3499 347 3575 losophomm
359 3499 475 3560 scholis
489 3500 624 3561 solitudo
636 3505 697 3560 este
716 3506 746 3560 at
759 3515 850 3577 quam
861 3500 1001 3561 celebres
1013 3496 1133 3560 ouhnae
