2468 3930
241 217 412 280 ιιιειιιι.
426 215 521 279 non
542 217 705 279 ιιιιιιι.
724 218 820 282 ιιι.
842 179 915 295 (oo.)
1019 221 1082 284 aot

99 387 165 436 aaut
183 365 370 431 altitudinem
392 383 516 429 crocum
528 363 698 429 'latentibus
719 369 829 431 fistulis
845 371 1008 445 exprimat,
1032 373 1083 447 qui

99 447 227 531 euripos
241 453 343 515 subito
358 468 507 525 aquarum
522 451 628 526 inpetu
643 452 739 526 inplet
752 460 805 514 aut
818 453 915 514 siccat
935 462 964 514 et
977 470 1081 516 versa·

98 541 163 603 tilia
176 536 557 611 coenationumlaquearia
571 536 612 597 tta
620 543 821 610 coagmentat,
837 544 871 597 ιιι
881 538 1014 599 subinde
1024 540 1083 599 alia

101 617 198 686 facies
218 628 312 697 atque
333 622 393 680 alia
413 620 563 680 succedat
582 626 613 679 et
632 620 744 681 totiens
758 628 839 681 uota
857 631 932 696 quot
933 623 999 682 iens
1014 623 1088 683 feri·'

102 700 171 770 'cula
184 704 352 777 mutentur,
374 720 413 764 au
428 720 514 778 eunt,
540 702 637 779 quiet
652 703 720 763 aliis
735 712 764 763 et
778 705 836 764 sibi
850 704 910 766 hoc
924 713 1082 780 monstrat,

102 806 194 867 quam
213 787 288 873 nihil
297 784 399 849 nobis
418 795 526 849 natura
547 788 656 846 durum
681 803 718 847 ac
738 786 863 848 difficile
882 790 1083 865 imperaverit,

101 884 197 961 p'osse
211 888 270 934 nos
283 869 421 933 habitare
437 871 505 932 sine
525 870 724 932 marmorario
741 872 895 948 aciemn,
914 890 1012 949 posse
1026 891 1084 935 nos

101 952 230 1020 vestitos
250 971 322 1017 esse
342 957 410 1016 sina
431 954 614 1017 commercio
632 955 816 1029 sericorum,
836 972 933 1031 posse
953 973 1011 1017 nos
1031 957 1087 1017 ha-

101 1036 302 1125 barensibus
323 1040 438 1101 nostris
458 1039 652 1113 necessaria,
674 1039 701 1098 si
723 1041 855 1100 contenti
876 1040 1055 1101 fuerimus'
1037 1057 1084 1113 ιιι,

102 1118 182 1200 quae
200 1133 282 1185 terra
302 1124 433 1199 posuit
425 1141 455 1184 ιιι
476 1129 619 1184 summor
646 1123 780 1199 quamsi
800 1123 906 1183 audire
920 1123 1085 1184 humanum

101 1202 199 1285 'genus'
214 1209 361 1280 voluerit,
377 1216 438 1270 tarn
454 1222 682 1282 supervacuum
697 1208 775 1268 sciet
790 1204 849 1266 sibi
864 1223 996 1283 coquum
1013 1224 1084 1269 esse

103 1308 194 1368 quam
207 1291 343 1352 militem.
371 1292 417 1351 Illi
432 1293 588 1367 sapientes
604 1292 725 1351 fuerunt
736 1297 882 1351 autcerte
894 1290 1127 1367 sapientibusrn

103 1378 233 1451 similes,
260 1374 373 1450 quibus
393 1376 537 1450 expedita
558 1382 623 1434 erat
646 1375 740 1435 tutela
765 1375 916 1450 corporis.
954 1374 1086 1450 simplici

103 1476 176 1521 cura
193 1465 336 1520 constant
350 1455 541 1520 necessaria:
563 1459 593 1517 in
614 1458 740 1518 delicias
762 1458 926 1519 laboratur.
956 1475 1016 1519 non
1032 1460 1085 1520 de·

103 1542 255 1625 siderabis
275 1543 423 1614 artifices,
447 1544 474 1603 si
495 1559 628 1618 sequere
648 1547 795 1603 naturam.
830 1544 881 1603 illa
897 1544 992 1603 noluit
1014 1552 1086 1605 esse

103 1628 268 1689 districtos.
283 1627 323 1687 ad
334 1643 546 1703 quaecumque
561 1644 619 1688 nos
630 1628 768 1702 cogebat,
783 1628 935 1688 instruxit.
956 1627 1085 1703 „Frigus

102 1711 293 1772 intolerabile
307 1719 355 1772 est
369 1712 491 1787 corpori
508 1712 600 1772 nudo
603 1717 622 1745 “
650 1712 723 1787 quid
739 1718 835 1787 ergot
855 1728 915 1771 non
929 1715 1071 1786 pellese
1041 1713 1071 1773 fe
1073 1744 1084 1755 -

102 1812 204 1856 rarum
228 1802 259 1857 et
283 1796 411 1856 aliorum
432 1795 606 1856 animalium
628 1813 647 1856 a
667 1797 781 1871 frigore
802 1795 877 1858 satis
900 1795 1085 1872 abundeque

103 1879 269 1940 defendere
282 1887 416 1956 queunte
429 1897 492 1940 non
500 1880 665 1941 corticibus
678 1880 820 1942 arborum
834 1882 1001 1956 pleraeque
1012 1897 1085 1956 gen·

102 1956 149 2024 tes
169 1959 275 2039 tegunt
294 1959 447 2039 corporat
476 1981 538 2025 non
560 1964 662 2024 avium
685 1966 833 2040 plumae
826 1982 857 2024 ιιι
878 1981 968 2026 usum
989 1963 1085 2025 vestis

103 2055 328 2109 conseruntur?
351 2062 420 2110 non
433 2044 589 2124 hodieque
609 2065 719 2124 magna
735 2048 918 2127 Scytharum
940 2065 1013 2124 pars
1028 2057 1086 2110 ter-

102 2130 151 2207 gis
164 2132 301 2206 vulpium
316 2131 450 2193 induitur
464 2148 501 2192 ac
518 2149 652 2203 murum,
676 2147 755 2206 quae
775 2139 858 2193 tactu
875 2133 977 2192 mollia
998 2133 1049 2193 et
1041 2150 1084 2192 rna

102 2215 304 2291 penetrabilia
319 2212 419 2277 nentis
435 2212 529 2277 suntt
563 2216 669 2291 „Opus
684 2221 845 2276 esttamen
861 2217 994 2275 calorem
1010 2216 1128 2280 solist‘l

104 2296 213 2359 aestivi
225 2299 334 2360 umbra
349 2301 502 2361 crassiore
521 2300 703 2374 propellere.
706 2304 724 2332 “
753 2299 826 2395 quid
842 2305 938 2373 ergo?
956 2316 1085 2360 nonve

103 2389 202 2444 tustas
221 2384 315 2442 multa
336 2383 453 2444 abdidit
472 2386 557 2455 loca,
580 2399 661 2481 quae
680 2383 758 2442 vel
752 2381 860 2443 iniuria
875 2384 1022 2456 temporis
1037 2384 1086 2443 vel

104 2465 164 2527 alio
180 2465 319 2551 quolibet
333 2484 408 2528 casu
424 2468 595 2529 excavata
587 2484 617 2527 ιιι
632 2482 759 2542 specum
773 2474 989 2527 recesserunt?
1012 2465 1087 2540 quid

104 2542 201 2626 ergot
222 2567 283 2611 non
305 2552 460 2626 quaelibet
479 2553 584 2626 virgea
598 2556 629 2612 in
647 2558 760 2611 cratem
775 2558 937 2611 texuerunt
952 2565 1043 2610 manu
1057 2555 1088 2610 et

104 2634 156 2694 vili
170 2634 343 2696 obliverunt
356 2638 434 2707 luto,
451 2636 562 2696 deinde
577 2637 616 2696 de
629 2635 741 2709 stipula
752 2635 883 2711 aliisque
894 2633 1086 2695 silvestribus

106 2734 257 2793 operuere
274 2718 427 2795 fastigium
448 2726 479 2779 et
500 2718 611 2794 pluviis
632 2736 688 2794 per
703 2720 823 2779 devexa
837 2719 1009 2780 labantibus
1023 2717 1088 2778 hie·

104 2817 182 2861 mern
198 2800 346 2863 transiere
361 2804 484 2863 securi?
513 2804 587 2878 quid
602 2810 699 2878 ergo?
724 2820 785 2864 non
807 2802 837 2863 in
853 2804 908 2864 def
906 2820 981 2864 osso
996 2806 1088 2864 latent

106 2883 248 2969 Syrticae
268 2895 376 2962 gentes
399 2887 574 2963 quibusque
595 2895 722 2963 propter
742 2888 854 2949 nimios
867 2889 943 2949 solis
959 2888 1087 2948 ardores

104 2962 221 3030 nullum
242 2976 447 3045 tegumentum
467 2972 542 3032 satis
563 2972 749 3047 repellendis
775 2972 929 3032 caloribus
955 2972 1089 3031 solidum

104 3044 154 3112 es't'
166 3052 238 3113 uisi
241 3054 311 3129 ipsa
329 3070 420 3114 arens
434 3054 566 3115 humus?
597 3057 664 3115 Non
686 3057 741 3116 fuit
756 3063 817 3114 tarn
836 3055 956 3115 inimica
972 3061 1130 3126 naturate

104 3127 151 3211 ut,
168 3152 238 3198 cum
252 3138 395 3199 omnibus
411 3138 478 3199 aliis
495 3139 674 3200 animalibus
690 3139 810 3199 facilem
823 3147 924 3199 actum
938 3138 1019 3197 vitae
1035 3137 1089 3196 da-

104 3227 161 3294 rat,
182 3221 275 3282 homo
296 3223 383 3282 solus
399 3239 459 3282 non
475 3231 583 3298 posset
597 3223 664 3283 sine
683 3229 728 3282 tot
742 3221 858 3282 artibus
872 3223 987 3281 vivere.
1017 3218 1089 3278 nihil

105 3301 213 3364 horum
233 3304 272 3366 ab
287 3305 338 3365 illa
352 3305 442 3367 nobis
456 3306 637 3382 imperatum
655 3313 718 3377 est,
738 3305 812 3364 nihil
830 3320 923 3378 aegre
937 3318 1089 3378 quaeren-

107 3385 196 3462 dum,
216 3395 250 3450 ut
265 3389 372 3465 'possit
388 3391 450 3450 vita
471 3391 615 3466 produci=
634 3388 675 3448 ad
690 3395 796 3463 parata
809 3389 871 3448 nati
887 3404 1009 3448 sumus=
1030 3403 1088 3447 nos

107 3471 210 3533 omnia
234 3471 325 3534 nobis
351 3472 487 3534 difficilia
511 3473 644 3534 facilium
669 3471 792 3532 fastidio
819 3472 956 3532 fecimus.
997 3471 1089 3531 Tecta
