2468 3930
251 258 421 320 EPISTUL.
436 258 530 320 MOR.
551 259 712 320 Liaxlx.
734 260 830 324 EP.8·
851 267 940 337 (117.)
1025 262 1088 326 385

104 413 219 490 Speras
235 428 283 472 me
299 412 449 472 dicturum
463 428 525 471 non
540 426 612 470 esse
626 411 708 471 aliud
721 427 853 485 cursum,
869 412 952 473 aliud
965 428 1116 481 curreres

103 514 161 558 neo
176 497 260 556 aliud
276 497 418 568 calorem,
434 495 517 555 aliud
533 495 633 554 calere
648 511 706 555 neo
721 495 803 556 aliud
818 498 926 571 lucem,
942 498 1024 557 aliud
1040 501 1086 559 lu·

103 596 190 642 cere:
214 581 351 641 concedo
373 580 432 639 ista
453 579 512 638 alia
528 594 614 659 esse,
640 579 773 639 sednon
793 581 885 640 sortis
900 581 1035 641 alterius.
1059 583 1085 643 si

102 663 239 726 valitudo
257 663 435 723 indifferens
458 669 519 736 est,
545 663 624 722 bene
646 665 747 722 valere
767 664 946 725 indifferens
972 672 1029 726 est.
1059 667 1086 726 si

103 751 202 810 lorma
216 747 396 808 indifferens
408 754 464 822 est,
480 753 510 805 et
521 747 690 807 formosum
702 762 783 806 esse.
806 749 832 806 si
846 748 960 808 iustitia
970 749 1086 810 bonum
1131 754 1133 758 ’

103 840 160 907 εει,
176 838 206 892 ει
217 832 329 893 iustum
342 846 423 891 esse.
445 830 637 904 siturpitudo
649 832 760 891 mulum
772 839 827 905 est,
843 839 873 891 ει
883 839 1002 907 turpem
1015 850 1087 894 esse

103 918 215 977 malum
230 921 286 990 est,
301 922 362 976 tam
377 914 567 974 mehercules
584 930 684 989 quam,
702 912 730 974 si
744 916 893 991 lippitudo
906 918 1018 978 malum
1030 925 1086 993 est,

102 1009 133 1062 et
146 999 258 1075 lippire
276 1014 409 1075 quoque
417 1000 529 1059 malum
544 1005 605 1058 est:
628 998 687 1059 hoo
703 1008 737 1060 ut
751 1000 842 1072 scias,
859 1008 997 1061 neutrum
1014 1018 1086 1062 esse

102 1086 170 1145 sine
184 1086 280 1144 altero
296 1089 412 1160 potest:
436 1081 489 1158 qui
504 1082 593 1157 sapit,
610 1081 736 1157 sapiens
748 1091 804 1144 est.
828 1085 879 1159 qui
892 1085 1017 1160 sapiens
1030 1094 1085 1160 est,

103 1170 199 1244 sapit:
222 1169 300 1228 adeo
316 1184 378 1227 non
393 1172 497 1242 potest
511 1166 658 1241 dubitari,
680 1183 734 1241 an,
756 1169 846 1243 quale
860 1169 934 1228 illud
949 1169 1003 1242 sit,
1026 1171 1086 1230 tale

102 1253 162 1313 hoc
185 1253 237 1324 sit,
265 1260 298 1312 ut
318 1251 503 1327 quibusdam
526 1258 688 1325 utrumque
713 1268 807 1313 unum
832 1251 973 1313 videatur
993 1261 1085 1329 atque

102 1337 194 1396 idem.
225 1335 287 1396 Sed
302 1337 375 1396 illud
390 1336 518 1396 libenter
533 1335 726 1410 quaesierim,
745 1352 812 1396 oum
829 1336 931 1396 omnia
945 1343 997 1397 aut
1008 1340 1114 1401 mala9

103 1420 164 1481 sint
179 1427 231 1480 aut
244 1420 325 1480 bona
341 1426 393 1479 aut
405 1417 618 1491 indifferentia,
635 1435 746 1494 sapere
761 1421 791 1478 in
807 1436 868 1496 quo
884 1437 1010 1480 numero
1027 1420 1087 1481 sitt

101 1506 217 1566 bouum
236 1511 348 1578 negant
367 1519 448 1564 esse.
478 1505 589 1562 malum
608 1503 715 1578 utique
734 1520 795 1564 non
814 1511 876 1564 est:
900 1505 1039 1578 sequitur
1054 1512 1087 1565 ut

101 1590 236 1648 medium
251 1588 299 1647 sit.
321 1589 352 1647 id
365 1593 464 1647 autem
475 1587 608 1647 medium
624 1594 716 1662 atque
730 1586 910 1647 indifferens
927 1604 1084 1662 vocamus,

103 1673 187 1749 quod
208 1679 269 1731 tam
291 1673 371 1731 malo
391 1670 568 1746 contingere
589 1687 680 1746 quam
695 1671 778 1732 bono
796 1673 908 1747 possit,
930 1678 1085 1748 tamquam

101 1757 251 1832 pecunia,
267 1757 378 1828 torma,
394 1756 552 1815 nobilitas:
575 1755 644 1829 hoo,
659 1763 693 1817 ut
707 1756 815 1831 sapiat,
835 1756 1012 1831 contingere
1026 1757 1085 1816 nisi

100 1841 185 1901 bono
211 1856 272 1900 non
299 1846 414 1914 potest:
443 1855 517 1914 ergo
539 1839 718 1901 indifferens
740 1856 800 1900 non
825 1847 882 1900 est.
927 1842 1021 1916 Atqui
1047 1857 1086 1899 ne

102 1925 212 1986 malum
236 1924 358 1998 quidem
380 1930 442 1996 est,
473 1924 558 1999 quod
580 1925 757 1999 contingere
777 1925 857 1984 malo
880 1940 941 1984 non
967 1932 1084 2000 potest:

101 2024 175 2082 ergo
188 2008 304 2068 bonum
319 2015 375 2068 est.
413 2007 502 2080 Quod
517 2007 576 2067 nisi
590 2009 691 2068 bonus
706 2025 767 2068 non
782 2008 882 2079 habet,
898 2009 1012 2069 bonum
1028 2017 1085 2070 est.

102 2107 214 2167 sapere
229 2091 363 2151 nonnisi
378 2092 478 2152 bonus
489 2090 595 2151 habet:
618 2107 691 2166 ergo
703 2091 818 2152 bonum
830 2098 887 2150 est.
910 2093 1085 2166 „Accidens
1097 2099 1128 2151 10

102 2184 163 2249 εει,
186 2176 297 2252 inquit,
320 2174 517 2250 sapientiae.“
560 2174 627 2235 Hoc
642 2190 731 2249 ergo,
754 2175 948 2250 quodvoeas
964 2192 1085 2252 sapere,

100 2268 201 2320 utrum
224 2261 296 2320 iacit
322 2259 503 2334 sapientiam
524 2274 561 2317 an
582 2257 715 2333 patitur?
746 2260 812 2318 sive
832 2257 904 2318 iacit
923 2259 997 2319 illud
1019 2259 1086 2320 sive

101 2343 223 2419 patitur,
239 2351 371 2417 utroque
385 2342 478 2402 modo
491 2357 605 2416 corpus
618 2350 674 2403 est.
692 2359 763 2402 nam
775 2351 805 2403 ει
818 2342 902 2417 quod
914 2343 948 2402 fil
959 2349 989 2402 et
1001 2344 1086 2418 quod

101 2427 188 2499 lacit,
212 2444 325 2503 corpus
341 2433 403 2488 est:
427 2428 454 2487 si
470 2442 584 2501 corpus
599 2433 661 2499 εει,
683 2427 798 2488 bouum
813 2433 869 2486 est.
896 2442 989 2486 unum
1004 2426 1084 2486 enim

102 2511 142 2571 illi
155 2512 269 2586 deerat,
285 2511 461 2588 quominus
474 2511 586 2570 bonum
599 2518 692 2584 esset,
707 2512 791 2587 quod
802 2511 997 2585 incorporale
1009 2519 1083 2571 erat.

99 2595 309 2670 Peripateticis
324 2599 426 2672 placet
446 2594 520 2655 nihil
535 2596 685 2655 interesse
702 2598 780 2658 inter
794 2584 975 2670 sapientiam
991 2602 1022 2656 et
1036 2593 1125 2655 sa-ll

102 2695 193 2754 pere,
222 2696 290 2740 cum
312 2683 342 2741 in
362 2681 505 2741 utrolibet
528 2695 635 2740 eorum
658 2687 688 2740 et
708 2683 834 2742 alterum
855 2679 903 2740 sit.
935 2680 1085 2756 numquid
1177 2677 1179 2682 ’

101 2764 181 2824 euim
204 2779 390 2839 quemquam
412 2764 569 2825 existimas
591 2781 717 2840 sapere,
744 2765 804 2826 nisi
827 2765 879 2840 qui
905 2764 1085 2841 sapientiam

99 2847 214 2907 habeta
235 2848 382 2922 numquid
399 2864 593 2924 quemquam,
613 2847 665 2923 qui
680 2849 770 2925 sapit,
788 2867 849 2910 non
865 2856 955 2924 putas
970 2849 1085 2910 habere

102 2929 305 3005 sapientiam?
347 2929 504 2991 Dialectici
525 2939 646 2994 veteres
668 2933 727 2995 ista
738 2933 948 3008 distinguunt:
972 2934 1009 2994 ab
1024 2931 1127 2993 iltislt

100 3014 214 3075 divisio
234 3029 336 3088 usque
357 3015 396 3074 ad
414 3013 536 3076 Stoicos
554 3018 646 3077 venit.
676 3017 775 3092 qualis
798 3019 837 3078 sit
850 3017 942 3091 haec,
969 3016 1084 3076 dicam:

100 3099 183 3158 aliud
201 3103 249 3157 εει
263 3113 352 3172 ager,
368 3097 451 3159 aliud
464 3115 571 3174 agrum
587 3100 717 3175 habere,
738 3101 865 3176 quidni?
886 3117 955 3160 curn
970 3099 1085 3159 habere

101 3199 208 3257 agrurn
227 3183 267 3242 ad
290 3183 467 3256 habentem,
492 3200 554 3245 non
576 3185 615 3244 ad
632 3200 739 3259 agrum
755 3184 913 3259 pertineat.
939 3183 984 3242 sio
1002 3181 1085 3242 aliud

102 3273 150 3327 est
164 3267 323 3341 sapientia,
339 3267 421 3328 aliud
437 3283 558 3343 sapere.
579 3274 654 3342 puto
667 3268 820 3328 concedes
833 3269 894 3327 duo
911 3281 982 3326 esse
997 3265 1083 3341 haec,

101 3351 148 3422 id,
172 3352 255 3425 quod
271 3350 413 3426 habetur,
432 3361 462 3413 et
476 3368 562 3426 eum,
584 3351 636 3426 qui
651 3351 757 3411 habet:
780 3350 908 3411 habetur
923 3350 1083 3425 sapientia.

100 3433 193 3495 habet
208 3434 260 3510 qui
278 3437 368 3511 sapit.
398 3436 549 3511 snpientia
564 3444 612 3496 est
625 3451 712 3496 meus
728 3436 864 3510 perlecta
884 3435 932 3494 vel
947 3436 987 3495 ad
1002 3450 1084 3495 sum·

100 3533 184 3578 mum
204 3519 412 3596 optimumque
433 3521 590 3596 perducta.
620 3535 670 3581 ars
692 3520 772 3580 enim
793 3520 873 3581 vitae
889 3527 944 3581 εει.
973 3535 1086 3595 sapere

145 3619 246 3661 εεεεεε
260 3624 330 3662 ruit.
345 3608 392 3662 Ill.
891 3611 931 3664 nt
