2468 3930
203 234 264 301 398
496 233 528 295 L.
548 231 696 295 ANNAEI
716 230 891 293 SENECAE

202 392 261 454 tias
274 407 365 467 quam
377 403 537 452 venenum.
553 383 667 463 „Viva
680 383 786 461 inquit,
798 383 949 446 beneficio
959 398 1046 457 meo,
1058 382 1183 463 Pyrrhe,

203 484 233 537 et
259 475 374 550 gaude,
408 471 493 547 quod
520 469 623 531 adhuc
643 468 786 543 dolebas,
810 466 984 530 Fabricium
1004 483 1067 530 non
1089 484 1187 544 posse

174 558 388 632 teorrumpi.“
422 554 566 617 Horatius
583 553 691 615 coeles
715 555 801 616 solus
822 552 950 627 inplevit
967 552 1071 627 pontis
1091 568 1185 628 angu-

203 643 279 704 stias
294 641 449 716 adimique
469 655 489 699 a
504 646 594 713 tergo
605 637 664 699 sibi
679 637 824 710 reditum,
845 636 1011 703 dummodo
1033 637 1091 701 iter
1105 636 1186 699 hosti

203 727 386 799 auferretur,
407 723 499 785 iussit
517 731 548 783 et
568 729 628 782 tam
648 721 700 782 din
716 720 924 795 prementibus
937 720 1061 794 restitit,
1086 721 1187 786 donec

202 812 327 870 revulsa
340 810 456 884 ingenti
467 806 555 868 ruina
568 804 653 881 tigna
667 812 845 868 sonuerunt
869 811 1034 880 postquam
1047 805 1187 881 respexit

203 902 233 955 et
246 900 333 954 extra
349 892 517 968 periculum
532 905 603 951 esse
618 889 747 965 patriam
758 886 895 964 periculo
912 905 970 951 suo
986 889 1100 951 sensit=
1114 904 1186 965 „ve

202 979 280 1052 nial,
302 978 328 1037 si
350 977 420 1052 quis
441 977 518 1049 vult,
541 974 654 1050 inquit,
680 973 725 1035 sio
740 981 860 1035 euntem
876 971 985 1048 sequi‘
1004 973 1138 1050 iecitque
1152 987 1187 1036 se

202 1064 233 1122 in
249 1075 415 1136 praeceps,
437 1066 467 1120 et
487 1075 547 1119 non
568 1059 669 1119 minus
688 1056 839 1120 sollicitus
859 1055 890 1118 iu
905 1058 956 1120 illo
971 1057 1082 1132 rapido
1097 1058 1185 1121 alveo

203 1143 353 1218 fluminis,
377 1151 410 1204 ut
432 1149 567 1204 armatus
589 1158 680 1216 quem
701 1148 735 1203 ut
756 1143 862 1204 salvus
877 1140 987 1214 exiret,
1005 1148 1124 1206 retento
1139 1157 1186 1203 ar·

203 1245 322 1289 mamm
338 1227 507 1288 victricium
521 1227 635 1286 decore
651 1233 711 1286 lem
727 1233 808 1288 tutus
822 1225 925 1296 rediit,
943 1225 1079 1299 quamsi
1093 1233 1203 1301 ponte-

175 1313 350 1379 svenisset.
372 1312 457 1371 Haec
474 1316 504 1370 et
521 1307 698 1371 huiusmodi
712 1310 792 1371 laetu
807 1308 970 1384 imaginem
981 1308 1071 1372 uobis
1085 1317 1186 1372 osten·

205 1397 278 1456 dere
298 1396 428 1456 virtutis.
463 1392 609 1465 suisium,
637 1393 721 1469 quod
743 1393 851 1456 mirum
877 1395 1011 1457 tortasse
1032 1394 1184 1458 videatur·

204 1481 284 1541 mala
303 1478 455 1540 interdum
476 1478 613 1553 speciem
632 1477 755 1540 honesti
774 1477 912 1540 obtulere
934 1484 964 1541 et
985 1477 1134 1552 optimum
1149 1495 1187 1541 eu

205 1563 356 1624 contrario
377 1563 472 1623 nituit.
502 1569 574 1623 sunt
587 1560 681 1634 enim,
702 1567 737 1622 ut
750 1561 828 1635 sels,
851 1562 1011 1625 virtutibus
1026 1561 1100 1625 vitia
1114 1577 1187 1629 eon·

204 1647 278 1706 tinia
299 1654 329 1707 et
350 1648 477 1723 perditis
493 1662 618 1721 quoque
635 1661 673 1707 ac
692 1646 833 1721 turpibus
849 1646 925 1709 recti
941 1645 1107 1711 similitudo
1126 1655 1187 1713 est=

206 1731 251 1790 sie
269 1732 411 1792 mentitur
431 1729 580 1806 prodigus
600 1729 771 1804 liberalem,
791 1745 860 1791 cum
883 1730 1045 1804 plurimum
1060 1729 1188 1806 intersit,

204 1822 304 1877 uuum
319 1816 389 1891 quis
404 1816 478 1875 dare
495 1815 574 1875 sciat
589 1830 627 1875 en
641 1829 767 1877 servare
782 1816 909 1879 neseiat.
936 1815 1035 1888 multi,
1051 1814 1187 1891 inquam,

206 1906 292 1973 sunt,
313 1897 424 1973 Lucili,
449 1898 502 1974 qui
523 1914 585 1960 non
599 1898 730 1972 donant,
753 1899 810 1959 sed
831 1898 992 1973 proiciunt
1026 1913 1091 1962 nort
1109 1915 1188 1965 voco

206 1999 264 2058 ego
286 1981 442 2044 liberalem
462 1983 611 2058 pecuniae
631 1998 707 2042 snae
723 1980 842 2044 iratum.
873 1981 1003 2046 imitatur
1021 1984 1188 2057 neglegen-

178 2069 247 2127 9tia
270 2066 459 2138 facilitatem,
480 2067 634 2128 temeritas
654 2066 869 2128 fortitudinem.
905 2068 989 2129 Haec
1010 2081 1069 2131 nos
1084 2067 1187 2131 simili·

204 2151 279 2212 tudo
291 2151 393 2227 coegit
404 2151 570 2212 adtendere
581 2157 612 2211 et
626 2151 812 2226 distinguere
823 2152 928 2226 specie
941 2149 1065 2226 quidem
1076 2150 1186 2224 vicina,

205 2249 239 2294 re
250 2242 351 2296 autem
365 2235 622 2312 plurimuminter
636 2251 671 2295 se
687 2235 877 2298 dissidentia.
898 2236 969 2295 dum
985 2236 1187 2301 observamus

206 2335 277 2392 eos,
295 2335 375 2396 quos
388 2318 526 2395 insignes
541 2320 696 2396 egregium
712 2335 792 2394 opus
809 2320 937 2392 iecerat,
961 2319 1121 2394 coepimus
1135 2319 1187 2381 ad·

205 2410 327 2479 notare,
343 2401 492 2479 quierem
507 2403 641 2480 aliquam
654 2419 807 2478 generoso
823 2404 924 2465 animo
940 2403 1068 2467 lecisset
1082 2410 1114 2467 et
1124 2419 1187 2467 me·

205 2503 267 2562 gno
288 2489 404 2564 inpetu
435 2489 492 2549 sed
513 2489 602 2549 simul
621 2487 704 2549 huno
725 2486 856 2548 vidimus
872 2488 901 2546 in
917 2486 997 2549 bello
1013 2488 1139 2560 fortem,
1159 2488 1188 2546 in

206 2572 274 2632 iore
295 2573 448 2645 timidum,
468 2573 607 2633 animose
628 2579 839 2647 paupertatem
854 2571 1016 2644 serentem,
1037 2571 1189 2635 humiliter

205 2653 376 2715 infamiam=
419 2656 531 2717 laetum
566 2656 772 2728 laudavimus,
806 2654 1049 2730 contempsimus
1080 2655 1187 2721 virum

166 2737 306 2802 toAlium
321 2738 453 2798 vidimus
468 2740 620 2799 adversus
637 2739 753 2800 amicos
768 2739 947 2814 benignum,
963 2739 1117 2803 adversus
1132 2738 1205 2817 iniq

206 2818 305 2881 micus
325 2829 540 2896 temperatum,
562 2829 593 2882 et
610 2822 787 2898 publicam
809 2824 926 2899 privata
945 2830 1052 2887 sancte
1068 2839 1106 2887 ac
1120 2823 1187 2886 reli·

206 2903 295 2978 giose
314 2905 591 2980 administrantem,
613 2923 675 2967 non
697 2907 810 2968 deesse
830 2908 858 2967 ei
878 2906 909 2967 in
928 2907 993 2982 his,
1017 2923 1098 2983 quae
1111 2908 1186 2970 tole·

205 2989 304 3049 randa
314 2996 414 3065 erant,
428 2990 616 3066 patientiam,
628 2992 659 3051 in
670 2991 735 3067 his,
749 3008 827 3067 quae
838 2992 973 3066 agenda,
985 2991 1188 3066 prudentiam.

206 3073 353 3146 vidimus,
376 3075 428 3136 ubi
441 3075 636 3137 tribuendum
651 3084 748 3150 esset,
773 3078 863 3151 plena
877 3092 970 3137 manu
984 3075 1122 3150 dantem,
1136 3074 1188 3137 ubi

205 3158 424 3235 laborandum,
440 3162 626 3236 pertinacem
642 3168 673 3222 et
685 3161 831 3222 obnixum
848 3168 878 3221 et
891 3160 1105 3223 lassitudinem
1122 3175 1188 3223 cor·

206 3244 292 3319 poris
308 3245 409 3309 animo
424 3246 647 3306 sublevantem
671 3253 831 3321 praeterea
845 3244 927 3306 idem
942 3252 1008 3305 erat
1021 3259 1146 3320 semper
1159 3251 1190 3304 et

206 3328 238 3389 in
255 3329 337 3392 omni
351 3338 422 3391 actu
436 3347 492 3406 par
505 3329 579 3405 sibi,
600 3330 660 3391 iam
674 3346 737 3391 non
750 3329 879 3391 consilio
894 3329 1009 3403 bonus,
1030 3327 1089 3391 sed
1104 3342 1190 3391 more

208 3428 245 3473 eo
266 3414 448 3489 perductus,
477 3423 509 3476 ut
535 3431 597 3476 non
617 3420 734 3475 tantum
753 3421 837 3475 recte
856 3413 959 3474 faeere
980 3420 1105 3488 posset,
1133 3410 1189 3475 sed

206 3494 266 3557 nisi
286 3503 369 3558 reete
392 3500 494 3560 iacere
514 3514 576 3560 non
597 3505 719 3575 possets
751 3497 954 3561 intelleximus
974 3497 1072 3560 inille
1088 3496 1187 3574 petie
