<?xml version="1.0" encoding="UTF-8"?>
<!DOCTYPE html PUBLIC "-//W3C//DTD XHTML 1.0 Transitional//EN"
    "http://www.w3.org/TR/xhtml1/DTD/xhtml1-transitional.dtd">
<html xmlns="http://www.w3.org/1999/xhtml" xml:lang="en" lang="en">
 <head>
  <title>
</title>
<meta http-equiv="Content-Type" content="text/html;charset=utf-8" />
  <meta name='ocr-system' content='tesseract 3.04.00' />
  <meta name='ocr-capabilities' content='ocr_page ocr_carea ocr_par ocr_line ocrx_word'/>
</head>
<body>
  <div class='ocr_page' id='page_1' title='image "./lannaeisenecaeo00haasgoog_0306.png"; bbox 0 0 2468 3930; ppageno 0'>
   <div class='ocr_carea' id='block_1_1' title="bbox 243 223 1081 300">
    <p class='ocr_par' dir='ltr' id='par_1_1' title="bbox 243 223 1081 300">
     <span class='ocr_line' id='line_1_1' title="bbox 243 223 1081 300; baseline 0.005 -15"><span class='ocrx_word' id='word_1_1' title='bbox 243 223 413 285; x_wconf 83' lang='lat' dir='ltr'><strong>EPISTUL.</strong></span> <span class='ocrx_word' id='word_1_2' title='bbox 428 223 521 284; x_wconf 87' lang='lat' dir='ltr'><strong>MOR.</strong></span> <span class='ocrx_word' id='word_1_3' title='bbox 543 224 617 283; x_wconf 89' lang='lat' dir='ltr'><strong>LIB.</strong></span> <span class='ocrx_word' id='word_1_4' title='bbox 627 223 706 283; x_wconf 85' lang='lat' dir='ltr'><strong>XIV.</strong></span> <span class='ocrx_word' id='word_1_5' title='bbox 728 224 785 284; x_wconf 85' lang='grc' dir='ltr'><strong>ΕΡ.</strong></span> <span class='ocrx_word' id='word_1_6' title='bbox 795 232 822 287; x_wconf 74' lang='grc' dir='ltr'><strong>ὃ.</strong></span> <span class='ocrx_word' id='word_1_7' title='bbox 844 230 915 300; x_wconf 85' lang='grc'>(91.)</span> <span class='ocrx_word' id='word_1_8' title='bbox 1019 223 1081 290; x_wconf 81' lang='lat'><strong>273</strong></span> 
     </span>
    </p>
   </div>
   <div class='ocr_carea' id='block_1_2' title="bbox 98 374 1125 3614">
    <p class='ocr_par' dir='ltr' id='par_1_2' title="bbox 98 374 1125 3614">
     <span class='ocr_line' id='line_1_2' title="bbox 101 374 1082 455; baseline -0.003 -14"><span class='ocrx_word' id='word_1_9' title='bbox 101 385 272 455; x_wconf 88' lang='lat' dir='ltr'><strong>surgerent</strong></span> <span class='ocrx_word' id='word_1_10' title='bbox 317 376 497 451; x_wconf 78' lang='lat' dir='ltr'>Timagenes</span> <span class='ocrx_word' id='word_1_11' title='bbox 527 374 659 435; x_wconf 75' lang='lat' dir='ltr'><strong>felicitati</strong></span> <span class='ocrx_word' id='word_1_12' title='bbox 687 374 773 436; x_wconf 92' lang='lat' dir='ltr'><strong>urbis</strong></span> <span class='ocrx_word' id='word_1_13' title='bbox 807 375 946 436; x_wconf 91' lang='lat' dir='ltr'><strong>inimicus</strong></span> <span class='ocrx_word' id='word_1_14' title='bbox 982 376 1082 439; x_wconf 87' lang='lat' dir='ltr'><strong>aiebat</strong></span> 
     </span>
     <span class='ocr_line' id='line_1_3' title="bbox 100 458 1081 535; baseline -0.003 -11"><span class='ocrx_word' id='word_1_15' title='bbox 100 464 218 524; x_wconf 82' lang='lat' dir='ltr'><strong>Romae</strong></span> <span class='ocrx_word' id='word_1_16' title='bbox 229 458 288 521; x_wconf 90' lang='lat' dir='ltr'><strong>sibi</strong></span> <span class='ocrx_word' id='word_1_17' title='bbox 299 459 441 520; x_wconf 88' lang='lat' dir='ltr'><strong>incendia</strong></span> <span class='ocrx_word' id='word_1_18' title='bbox 451 459 491 518; x_wconf 91' lang='lat' dir='ltr'><strong>ob</strong></span> <span class='ocrx_word' id='word_1_19' title='bbox 503 459 563 518; x_wconf 90' lang='lat' dir='ltr'><strong>hoc</strong></span> <span class='ocrx_word' id='word_1_20' title='bbox 576 475 670 518; x_wconf 89' lang='lat' dir='ltr'><strong>unum</strong></span> <span class='ocrx_word' id='word_1_21' title='bbox 683 459 782 519; x_wconf 87' lang='lat' dir='ltr'><strong>dolori</strong></span> <span class='ocrx_word' id='word_1_22' title='bbox 797 474 878 532; x_wconf 90' lang='lat' dir='ltr'><strong>esse,</strong></span> <span class='ocrx_word' id='word_1_23' title='bbox 896 459 1081 535; x_wconf 88' lang='lat' dir='ltr'><strong>quodsciret</strong></span> 
     </span>
     <span class='ocr_line' id='line_1_4' title="bbox 101 541 1119 619; baseline 0.001 -13"><span class='ocrx_word' id='word_1_24' title='bbox 101 547 229 607; x_wconf 78' lang='lat' dir='ltr'><strong>meliora</strong></span> <span class='ocrx_word' id='word_1_25' title='bbox 243 549 419 604; x_wconf 88' lang='lat' dir='ltr'><strong>surrectura</strong></span> <span class='ocrx_word' id='word_1_26' title='bbox 435 558 526 617; x_wconf 91' lang='lat' dir='ltr'><strong>quam</strong></span> <span class='ocrx_word' id='word_1_27' title='bbox 548 541 707 601; x_wconf 76' lang='lat' dir='ltr'><strong>arsissent.</strong></span> <span class='ocrx_word' id='word_1_28' title='bbox 735 542 770 601; x_wconf 94' lang='lat' dir='ltr'><strong>ln</strong></span> <span class='ocrx_word' id='word_1_29' title='bbox 787 543 846 602; x_wconf 90' lang='lat' dir='ltr'><strong>hac</strong></span> <span class='ocrx_word' id='word_1_30' title='bbox 864 558 990 619; x_wconf 87' lang='lat' dir='ltr'><strong>quoque</strong></span> <span class='ocrx_word' id='word_1_31' title='bbox 1005 545 1119 607; x_wconf 72' lang='lat' dir='ltr'><strong>urbelt</strong></span> 
     </span>
     <span class='ocr_line' id='line_1_5' title="bbox 100 626 1081 702; baseline -0.003 -12"><span class='ocrx_word' id='word_1_32' title='bbox 100 626 266 690; x_wconf 83' lang='lat' dir='ltr'><strong>verisimile</strong></span> <span class='ocrx_word' id='word_1_33' title='bbox 287 633 336 686; x_wconf 91' lang='lat' dir='ltr'><strong>est</strong></span> <span class='ocrx_word' id='word_1_34' title='bbox 356 632 523 688; x_wconf 76' lang='lat' dir='ltr'><strong>certaturos</strong></span> <span class='ocrx_word' id='word_1_35' title='bbox 544 641 671 699; x_wconf 89' lang='lat' dir='ltr'><strong>omnes,</strong></span> <span class='ocrx_word' id='word_1_36' title='bbox 700 632 734 685; x_wconf 89' lang='lat' dir='ltr'><strong>ut</strong></span> <span class='ocrx_word' id='word_1_37' title='bbox 752 626 868 687; x_wconf 92' lang='lat' dir='ltr'><strong>maiora</strong></span> <span class='ocrx_word' id='word_1_38' title='bbox 888 626 1081 702; x_wconf 83' lang='lat' dir='ltr'><strong>certioraque</strong></span> 
     </span>
     <span class='ocr_line' id='line_1_6' title="bbox 101 706 1080 790; baseline -0.002 -17"><span class='ocrx_word' id='word_1_39' title='bbox 101 728 194 790; x_wconf 90' lang='lat' dir='ltr'><strong>quam</strong></span> <span class='ocrx_word' id='word_1_40' title='bbox 202 712 341 783; x_wconf 88' lang='lat' dir='ltr'><strong>amisere,</strong></span> <span class='ocrx_word' id='word_1_41' title='bbox 354 706 559 770; x_wconf 90' lang='lat' dir='ltr'><strong>restituantur.</strong></span> <span class='ocrx_word' id='word_1_42' title='bbox 575 709 903 770; x_wconf 90' lang='lat' dir='ltr'><strong>sintulinamdiuturna</strong></span> <span class='ocrx_word' id='word_1_43' title='bbox 914 710 1080 772; x_wconf 89' lang='lat' dir='ltr'><strong>etmeliori-</strong></span> 
     </span>
     <span class='ocr_line' id='line_1_7' title="bbox 100 788 1082 868; baseline -0.002 -11"><span class='ocrx_word' id='word_1_44' title='bbox 100 788 160 857; x_wconf 86' lang='lat' dir='ltr'><strong>bus</strong></span> <span class='ocrx_word' id='word_1_45' title='bbox 173 792 322 868; x_wconf 87' lang='lat' dir='ltr'><strong>auspiciis</strong></span> <span class='ocrx_word' id='word_1_46' title='bbox 330 793 360 852; x_wconf 92' lang='lat' dir='ltr'><strong>in</strong></span> <span class='ocrx_word' id='word_1_47' title='bbox 373 807 482 852; x_wconf 89' lang='lat' dir='ltr'><strong>aevum</strong></span> <span class='ocrx_word' id='word_1_48' title='bbox 490 793 611 866; x_wconf 90' lang='lat' dir='ltr'><strong>longius</strong></span> <span class='ocrx_word' id='word_1_49' title='bbox 624 791 761 852; x_wconf 86' lang='lat' dir='ltr'><strong>condita!</strong></span> <span class='ocrx_word' id='word_1_50' title='bbox 778 791 925 853; x_wconf 89' lang='lat' dir='ltr'><strong>nambuic</strong></span> <span class='ocrx_word' id='word_1_51' title='bbox 942 794 1082 855; x_wconf 87' lang='lat' dir='ltr'><strong>coloniae</strong></span> 
     </span>
     <span class='ocr_line' id='line_1_8' title="bbox 100 874 1081 954; baseline -0.002 -14"><span class='ocrx_word' id='word_1_52' title='bbox 100 879 140 941; x_wconf 88' lang='lat' dir='ltr'><strong>ab</strong></span> <span class='ocrx_word' id='word_1_53' title='bbox 152 876 270 954; x_wconf 79' lang='lat' dir='ltr'><strong>origine</strong></span> <span class='ocrx_word' id='word_1_54' title='bbox 288 892 346 936; x_wconf 87' lang='lat' dir='ltr'><strong>sua</strong></span> <span class='ocrx_word' id='word_1_55' title='bbox 357 874 541 936; x_wconf 90' lang='lat' dir='ltr'><strong>centesimus</strong></span> <span class='ocrx_word' id='word_1_56' title='bbox 552 890 651 935; x_wconf 86' lang='lat' dir='ltr'><strong>annus</strong></span> <span class='ocrx_word' id='word_1_57' title='bbox 662 881 725 948; x_wconf 89' lang='lat' dir='ltr'><strong>est,</strong></span> <span class='ocrx_word' id='word_1_58' title='bbox 741 881 825 934; x_wconf 90' lang='lat' dir='ltr'><strong>aetas</strong></span> <span class='ocrx_word' id='word_1_59' title='bbox 838 891 877 934; x_wconf 90' lang='lat' dir='ltr'><strong>ne</strong></span> <span class='ocrx_word' id='word_1_60' title='bbox 888 876 1003 938; x_wconf 91' lang='lat' dir='ltr'><strong>homini</strong></span> <span class='ocrx_word' id='word_1_61' title='bbox 1016 877 1081 953; x_wconf 90' lang='lat' dir='ltr'><strong>qui·</strong></span> 
     </span>
     <span class='ocr_line' id='line_1_9' title="bbox 100 957 1082 1033; baseline -0.003 -9"><span class='ocrx_word' id='word_1_62' title='bbox 100 963 171 1024; x_wconf 89' lang='lat' dir='ltr'><strong>dem</strong></span> <span class='ocrx_word' id='word_1_63' title='bbox 184 968 332 1022; x_wconf 83' lang='lat' dir='ltr'><strong>extrema.</strong></span> <span class='ocrx_word' id='word_1_64' title='bbox 356 957 499 1018; x_wconf 89' lang='lat' dir='ltr'><strong>aPlanco</strong></span> <span class='ocrx_word' id='word_1_65' title='bbox 514 958 646 1018; x_wconf 87' lang='lat' dir='ltr'><strong>deducta</strong></span> <span class='ocrx_word' id='word_1_66' title='bbox 664 958 695 1017; x_wconf 93' lang='lat' dir='ltr'><strong>in</strong></span> <span class='ocrx_word' id='word_1_67' title='bbox 712 958 792 1018; x_wconf 88' lang='lat' dir='ltr'><strong>hanc</strong></span> <span class='ocrx_word' id='word_1_68' title='bbox 806 958 1007 1033; x_wconf 80' lang='lat' dir='ltr'><strong>frequentiam</strong></span> <span class='ocrx_word' id='word_1_69' title='bbox 1021 958 1082 1021; x_wconf 82' lang='lat' dir='ltr'><strong>loci</strong></span> 
     </span>
     <span class='ocr_line' id='line_1_10' title="bbox 101 1041 1080 1121; baseline -0.003 -15"><span class='ocrx_word' id='word_1_70' title='bbox 101 1043 328 1121; x_wconf 86' lang='lat' dir='ltr'><strong>opportunitate</strong></span> <span class='ocrx_word' id='word_1_71' title='bbox 349 1042 516 1116; x_wconf 88' lang='lat' dir='ltr'><strong>convaluit,</strong></span> <span class='ocrx_word' id='word_1_72' title='bbox 544 1058 623 1116; x_wconf 83' lang='lat' dir='ltr'><strong>quac</strong></span> <span class='ocrx_word' id='word_1_73' title='bbox 645 1048 743 1100; x_wconf 78' lang='lat' dir='ltr'><strong>tenien</strong></span> <span class='ocrx_word' id='word_1_74' title='bbox 764 1041 966 1116; x_wconf 87' lang='lat' dir='ltr'><strong>gravissimos</strong></span> <span class='ocrx_word' id='word_1_75' title='bbox 988 1058 1080 1103; x_wconf 88' lang='lat' dir='ltr'><strong>casus</strong></span> 
     </span>
     <span class='ocr_line' id='line_1_11' title="bbox 100 1123 1123 1202; baseline -0.005 -14"><span class='ocrx_word' id='word_1_76' title='bbox 100 1126 179 1190; x_wconf 85' lang='lat' dir='ltr'><strong>intra</strong></span> <span class='ocrx_word' id='word_1_77' title='bbox 200 1126 330 1202; x_wconf 88' lang='lat' dir='ltr'><strong>spatium</strong></span> <span class='ocrx_word' id='word_1_78' title='bbox 352 1125 503 1186; x_wconf 87' lang='lat' dir='ltr'><strong>humanae</strong></span> <span class='ocrx_word' id='word_1_79' title='bbox 523 1123 646 1199; x_wconf 91' lang='lat' dir='ltr'><strong>pertulit</strong></span> <span class='ocrx_word' id='word_1_80' title='bbox 666 1125 843 1186; x_wconf 88' lang='lat' dir='ltr'><strong>senectutis.</strong></span> <span class='ocrx_word' id='word_1_81' title='bbox 886 1126 993 1200; x_wconf 85' lang='lat' dir='ltr'><strong>Itaque</strong></span> <span class='ocrx_word' id='word_1_82' title='bbox 1008 1127 1123 1187; x_wconf 80' lang='lat' dir='ltr'><strong>for-15</strong></span> 
     </span>
     <span class='ocr_line' id='line_1_12' title="bbox 100 1208 1081 1284; baseline -0.003 -11"><span class='ocrx_word' id='word_1_83' title='bbox 100 1219 222 1272; x_wconf 90' lang='lat' dir='ltr'><strong>metur</strong></span> <span class='ocrx_word' id='word_1_84' title='bbox 250 1209 398 1270; x_wconf 88' lang='lat' dir='ltr'><strong>animus</strong></span> <span class='ocrx_word' id='word_1_85' title='bbox 427 1209 473 1269; x_wconf 92' lang='lat' dir='ltr'><strong>ad</strong></span> <span class='ocrx_word' id='word_1_86' title='bbox 500 1208 746 1269; x_wconf 84' lang='lat' dir='ltr'><strong>intellectum</strong></span> <span class='ocrx_word' id='word_1_87' title='bbox 771 1208 1081 1284; x_wconf 85' lang='lat' dir='ltr'><strong>patientiamque</strong></span> 
     </span>
     <span class='ocr_line' id='line_1_13' title="bbox 100 1291 1080 1357; baseline -0.005 -1"><span class='ocrx_word' id='word_1_88' title='bbox 100 1295 222 1357; x_wconf 87' lang='lat' dir='ltr'><strong>sortis</strong></span> <span class='ocrx_word' id='word_1_89' title='bbox 247 1307 342 1353; x_wconf 86' lang='lat' dir='ltr'><strong>suae</strong></span> <span class='ocrx_word' id='word_1_90' title='bbox 367 1299 401 1352; x_wconf 88' lang='lat' dir='ltr'><strong>et</strong></span> <span class='ocrx_word' id='word_1_91' title='bbox 425 1292 523 1352; x_wconf 89' lang='lat' dir='ltr'><strong>sciat</strong></span> <span class='ocrx_word' id='word_1_92' title='bbox 552 1291 648 1352; x_wconf 90' lang='lat' dir='ltr'><strong>nihil</strong></span> <span class='ocrx_word' id='word_1_93' title='bbox 679 1293 855 1353; x_wconf 90' lang='lat' dir='ltr'><strong>inausum</strong></span> <span class='ocrx_word' id='word_1_94' title='bbox 885 1307 974 1353; x_wconf 89' lang='lat' dir='ltr'><strong>esse</strong></span> <span class='ocrx_word' id='word_1_95' title='bbox 1007 1294 1080 1352; x_wconf 92' lang='lat' dir='ltr'><strong>for·</strong></span> 
     </span>
     <span class='ocr_line' id='line_1_14' title="bbox 102 1373 1082 1452; baseline -0.005 -11"><span class='ocrx_word' id='word_1_96' title='bbox 102 1387 232 1452; x_wconf 87' lang='lat' dir='ltr'><strong>tunae,</strong></span> <span class='ocrx_word' id='word_1_97' title='bbox 248 1378 399 1436; x_wconf 89' lang='lat' dir='ltr'><strong>adversus</strong></span> <span class='ocrx_word' id='word_1_98' title='bbox 412 1373 541 1451; x_wconf 88' lang='lat' dir='ltr'><strong>imperia</strong></span> <span class='ocrx_word' id='word_1_99' title='bbox 556 1376 636 1435; x_wconf 88' lang='lat' dir='ltr'><strong>illam</strong></span> <span class='ocrx_word' id='word_1_100' title='bbox 653 1375 734 1435; x_wconf 91' lang='lat' dir='ltr'><strong>idem</strong></span> <span class='ocrx_word' id='word_1_101' title='bbox 750 1374 864 1435; x_wconf 90' lang='lat' dir='ltr'><strong>habere</strong></span> <span class='ocrx_word' id='word_1_102' title='bbox 884 1373 975 1450; x_wconf 89' lang='lat' dir='ltr'><strong>iuris,</strong></span> <span class='ocrx_word' id='word_1_103' title='bbox 996 1377 1082 1451; x_wconf 93' lang='lat' dir='ltr'><strong>quod</strong></span> 
     </span>
     <span class='ocr_line' id='line_1_15' title="bbox 100 1459 1081 1534; baseline -0.005 -10"><span class='ocrx_word' id='word_1_104' title='bbox 100 1463 252 1524; x_wconf 86' lang='lat' dir='ltr'><strong>adversus</strong></span> <span class='ocrx_word' id='word_1_105' title='bbox 266 1460 468 1534; x_wconf 87' lang='lat' dir='ltr'><strong>imperantes,</strong></span> <span class='ocrx_word' id='word_1_106' title='bbox 491 1460 642 1519; x_wconf 88' lang='lat' dir='ltr'><strong>adversus</strong></span> <span class='ocrx_word' id='word_1_107' title='bbox 656 1461 750 1520; x_wconf 91' lang='lat' dir='ltr'><strong>urbes</strong></span> <span class='ocrx_word' id='word_1_108' title='bbox 765 1459 845 1519; x_wconf 93' lang='lat' dir='ltr'><strong>idem</strong></span> <span class='ocrx_word' id='word_1_109' title='bbox 861 1475 973 1534; x_wconf 89' lang='lat' dir='ltr'><strong>posse,</strong></span> <span class='ocrx_word' id='word_1_110' title='bbox 996 1459 1081 1534; x_wconf 92' lang='lat' dir='ltr'><strong>quod</strong></span> 
     </span>
     <span class='ocr_line' id='line_1_16' title="bbox 100 1541 1080 1617; baseline -0.005 -10"><span class='ocrx_word' id='word_1_111' title='bbox 100 1547 253 1607; x_wconf 83' lang='lat' dir='ltr'><strong>adversus</strong></span> <span class='ocrx_word' id='word_1_112' title='bbox 266 1543 417 1604; x_wconf 91' lang='lat' dir='ltr'><strong>homines.</strong></span> <span class='ocrx_word' id='word_1_113' title='bbox 448 1541 521 1602; x_wconf 89' lang='lat' dir='ltr'><strong>nihil</strong></span> <span class='ocrx_word' id='word_1_114' title='bbox 536 1542 645 1603; x_wconf 93' lang='lat' dir='ltr'><strong>horum</strong></span> <span class='ocrx_word' id='word_1_115' title='bbox 660 1542 878 1617; x_wconf 88' lang='lat' dir='ltr'><strong>indignandum</strong></span> <span class='ocrx_word' id='word_1_116' title='bbox 894 1550 949 1603; x_wconf 87' lang='lat' dir='ltr'><strong>est.</strong></span> <span class='ocrx_word' id='word_1_117' title='bbox 964 1543 995 1605; x_wconf 90' lang='lat' dir='ltr'><strong>in</strong></span> <span class='ocrx_word' id='word_1_118' title='bbox 1011 1559 1080 1603; x_wconf 89' lang='lat' dir='ltr'><strong>eum</strong></span> 
     </span>
     <span class='ocr_line' id='line_1_17' title="bbox 100 1625 1066 1700; baseline -0.003 -11"><span class='ocrx_word' id='word_1_119' title='bbox 100 1628 281 1691; x_wconf 88' lang='lat' dir='ltr'><strong>intravimus</strong></span> <span class='ocrx_word' id='word_1_120' title='bbox 294 1627 455 1700; x_wconf 88' lang='lat' dir='ltr'><strong>mundum,</strong></span> <span class='ocrx_word' id='word_1_121' title='bbox 476 1627 507 1684; x_wconf 92' lang='lat' dir='ltr'><strong>in</strong></span> <span class='ocrx_word' id='word_1_122' title='bbox 525 1643 586 1700; x_wconf 93' lang='lat' dir='ltr'><strong>quo</strong></span> <span class='ocrx_word' id='word_1_123' title='bbox 600 1625 649 1686; x_wconf 93' lang='lat' dir='ltr'><strong>his</strong></span> <span class='ocrx_word' id='word_1_124' title='bbox 665 1627 784 1700; x_wconf 91' lang='lat' dir='ltr'><strong>legibus</strong></span> <span class='ocrx_word' id='word_1_125' title='bbox 801 1627 920 1687; x_wconf 88' lang='lat' dir='ltr'><strong>vivitur.</strong></span> <span class='ocrx_word' id='word_1_126' title='bbox 963 1625 1066 1686; x_wconf 88' lang='lat' dir='ltr'><strong>Placet</strong></span> 
     </span>
     <span class='ocr_line' id='line_1_18' title="bbox 100 1708 1081 1789; baseline -0.003 -16"><span class='ocrx_word' id='word_1_127' title='bbox 100 1729 185 1789; x_wconf 88' lang='lat' dir='ltr'><strong>pare.</strong></span> <span class='ocrx_word' id='word_1_128' title='bbox 203 1728 265 1771; x_wconf 91' lang='lat' dir='ltr'><strong>non</strong></span> <span class='ocrx_word' id='word_1_129' title='bbox 283 1711 398 1785; x_wconf 84' lang='lat' dir='ltr'><strong>placet:</strong></span> <span class='ocrx_word' id='word_1_130' title='bbox 415 1724 609 1785; x_wconf 89' lang='lat' dir='ltr'><strong>quacumque</strong></span> <span class='ocrx_word' id='word_1_131' title='bbox 623 1711 681 1783; x_wconf 89' lang='lat' dir='ltr'><strong>vis,</strong></span> <span class='ocrx_word' id='word_1_132' title='bbox 695 1711 754 1769; x_wconf 91' lang='lat' dir='ltr'><strong>exi.</strong></span> <span class='ocrx_word' id='word_1_133' title='bbox 770 1708 947 1786; x_wconf 89' lang='lat' dir='ltr'><strong>indignare,</strong></span> <span class='ocrx_word' id='word_1_134' title='bbox 962 1711 988 1770; x_wconf 94' lang='lat' dir='ltr'><strong>si</strong></span> <span class='ocrx_word' id='word_1_135' title='bbox 1006 1711 1081 1786; x_wconf 94' lang='lat' dir='ltr'><strong>quid</strong></span> 
     </span>
     <span class='ocr_line' id='line_1_19' title="bbox 100 1793 1079 1871; baseline -0.002 -15"><span class='ocrx_word' id='word_1_136' title='bbox 100 1796 132 1856; x_wconf 88' lang='lat' dir='ltr'><strong>in</strong></span> <span class='ocrx_word' id='word_1_137' title='bbox 145 1803 176 1856; x_wconf 89' lang='lat' dir='ltr'><strong>te</strong></span> <span class='ocrx_word' id='word_1_138' title='bbox 189 1795 286 1871; x_wconf 91' lang='lat' dir='ltr'><strong>iniqui</strong></span> <span class='ocrx_word' id='word_1_139' title='bbox 302 1793 425 1869; x_wconf 92' lang='lat' dir='ltr'><strong>proprie</strong></span> <span class='ocrx_word' id='word_1_140' title='bbox 440 1793 636 1854; x_wconf 91' lang='lat' dir='ltr'><strong>constitutum</strong></span> <span class='ocrx_word' id='word_1_141' title='bbox 652 1801 715 1854; x_wconf 82' lang='lat' dir='ltr'><strong>est:</strong></span> <span class='ocrx_word' id='word_1_142' title='bbox 731 1793 788 1854; x_wconf 89' lang='lat' dir='ltr'><strong>sed</strong></span> <span class='ocrx_word' id='word_1_143' title='bbox 804 1794 831 1854; x_wconf 92' lang='lat' dir='ltr'><strong>si</strong></span> <span class='ocrx_word' id='word_1_144' title='bbox 849 1794 927 1854; x_wconf 89' lang='lat' dir='ltr'><strong>haec</strong></span> <span class='ocrx_word' id='word_1_145' title='bbox 942 1810 1079 1855; x_wconf 88' lang='lat' dir='ltr'><strong>summos</strong></span> 
     </span>
     <span class='ocr_line' id='line_1_20' title="bbox 100 1875 1079 1954; baseline -0.002 -14"><span class='ocrx_word' id='word_1_146' title='bbox 100 1881 242 1954; x_wconf 89' lang='lat' dir='ltr'><strong>imosque</strong></span> <span class='ocrx_word' id='word_1_147' title='bbox 258 1877 428 1938; x_wconf 85' lang='lat' dir='ltr'><strong>necessitas</strong></span> <span class='ocrx_word' id='word_1_148' title='bbox 450 1875 578 1951; x_wconf 88' lang='lat' dir='ltr'><strong>adligat,</strong></span> <span class='ocrx_word' id='word_1_149' title='bbox 605 1876 637 1937; x_wconf 90' lang='lat' dir='ltr'><strong>in</strong></span> <span class='ocrx_word' id='word_1_150' title='bbox 657 1878 783 1953; x_wconf 89' lang='lat' dir='ltr'><strong>gratiam</strong></span> <span class='ocrx_word' id='word_1_151' title='bbox 802 1894 871 1938; x_wconf 90' lang='lat' dir='ltr'><strong>cum</strong></span> <span class='ocrx_word' id='word_1_152' title='bbox 892 1878 953 1939; x_wconf 87' lang='lat' dir='ltr'><strong>fato</strong></span> <span class='ocrx_word' id='word_1_153' title='bbox 975 1893 1079 1938; x_wconf 89' lang='lat' dir='ltr'><strong>rever·</strong></span> 
     </span>
     <span class='ocr_line' id='line_1_21' title="bbox 99 1961 1123 2038; baseline -0.002 -15"><span class='ocrx_word' id='word_1_154' title='bbox 99 1969 173 2035; x_wconf 84' lang='lat' dir='ltr'><strong>tere,</strong></span> <span class='ocrx_word' id='word_1_155' title='bbox 188 1978 208 2023; x_wconf 90' lang='lat' dir='ltr'><strong>a</strong></span> <span class='ocrx_word' id='word_1_156' title='bbox 222 1978 283 2037; x_wconf 91' lang='lat' dir='ltr'><strong>quo</strong></span> <span class='ocrx_word' id='word_1_157' title='bbox 302 1961 403 2022; x_wconf 92' lang='lat' dir='ltr'><strong>omnia</strong></span> <span class='ocrx_word' id='word_1_158' title='bbox 416 1961 621 2021; x_wconf 89' lang='lat' dir='ltr'><strong>resolvuntur.</strong></span> <span class='ocrx_word' id='word_1_159' title='bbox 642 1962 709 2022; x_wconf 90' lang='lat' dir='ltr'><strong>Non</strong></span> <span class='ocrx_word' id='word_1_160' title='bbox 724 1962 869 2038; x_wconf 89' lang='lat' dir='ltr'><strong>estquod</strong></span> <span class='ocrx_word' id='word_1_161' title='bbox 885 1978 943 2022; x_wconf 91' lang='lat' dir='ltr'><strong>nos</strong></span> <span class='ocrx_word' id='word_1_162' title='bbox 958 1961 1080 2023; x_wconf 88' lang='lat' dir='ltr'><strong>tumulis</strong></span> <span class='ocrx_word' id='word_1_163' title='bbox 1088 1965 1123 2021; x_wconf 85' lang='grc'><strong>16</strong></span> 
     </span>
     <span class='ocr_line' id='line_1_22' title="bbox 101 2043 1080 2120; baseline -0.001 -13"><span class='ocrx_word' id='word_1_164' title='bbox 101 2047 235 2107; x_wconf 89' lang='lat' dir='ltr'><strong>metiaris</strong></span> <span class='ocrx_word' id='word_1_165' title='bbox 251 2045 342 2106; x_wconf 89' lang='lat' dir='ltr'><strong>ethis</strong></span> <span class='ocrx_word' id='word_1_166' title='bbox 356 2043 577 2117; x_wconf 88' lang='lat' dir='ltr'><strong>monumentis,</strong></span> <span class='ocrx_word' id='word_1_167' title='bbox 601 2062 680 2118; x_wconf 90' lang='lat' dir='ltr'><strong>quae</strong></span> <span class='ocrx_word' id='word_1_168' title='bbox 700 2046 780 2106; x_wconf 87' lang='lat' dir='ltr'><strong>viam</strong></span> <span class='ocrx_word' id='word_1_169' title='bbox 801 2046 937 2120; x_wconf 89' lang='lat' dir='ltr'><strong>disparia</strong></span> <span class='ocrx_word' id='word_1_170' title='bbox 959 2054 1080 2120; x_wconf 90' lang='lat' dir='ltr'><strong>praete-</strong></span> 
     </span>
     <span class='ocr_line' id='line_1_23' title="bbox 100 2127 1080 2204; baseline -0.004 -12"><span class='ocrx_word' id='word_1_171' title='bbox 100 2137 190 2192; x_wconf 85' lang='lat' dir='ltr'><strong>xunt=</strong></span> <span class='ocrx_word' id='word_1_172' title='bbox 205 2136 318 2204; x_wconf 89' lang='lat' dir='ltr'><strong>aequat</strong></span> <span class='ocrx_word' id='word_1_173' title='bbox 333 2144 439 2189; x_wconf 89' lang='lat' dir='ltr'><strong>omnes</strong></span> <span class='ocrx_word' id='word_1_174' title='bbox 457 2127 542 2188; x_wconf 91' lang='lat' dir='ltr'><strong>cinis.</strong></span> <span class='ocrx_word' id='word_1_175' title='bbox 564 2129 688 2203; x_wconf 88' lang='lat' dir='ltr'><strong>inpares</strong></span> <span class='ocrx_word' id='word_1_176' title='bbox 703 2127 866 2201; x_wconf 91' lang='lat' dir='ltr'><strong>nascimur,</strong></span> <span class='ocrx_word' id='word_1_177' title='bbox 882 2144 974 2203; x_wconf 90' lang='lat' dir='ltr'><strong>pares</strong></span> <span class='ocrx_word' id='word_1_178' title='bbox 989 2130 1080 2190; x_wconf 89' lang='lat' dir='ltr'><strong>mori-</strong></span> 
     </span>
     <span class='ocr_line' id='line_1_24' title="bbox 101 2210 1080 2286; baseline -0.001 -13"><span class='ocrx_word' id='word_1_179' title='bbox 101 2228 179 2273; x_wconf 89' lang='lat' dir='ltr'><strong>mur.</strong></span> <span class='ocrx_word' id='word_1_180' title='bbox 208 2212 294 2272; x_wconf 89' lang='lat' dir='ltr'><strong>ldem</strong></span> <span class='ocrx_word' id='word_1_181' title='bbox 310 2213 350 2271; x_wconf 93' lang='lat' dir='ltr'><strong>de</strong></span> <span class='ocrx_word' id='word_1_182' title='bbox 360 2210 488 2272; x_wconf 90' lang='lat' dir='ltr'><strong>urbibus</strong></span> <span class='ocrx_word' id='word_1_183' title='bbox 505 2212 591 2286; x_wconf 92' lang='lat' dir='ltr'><strong>quod</strong></span> <span class='ocrx_word' id='word_1_184' title='bbox 607 2212 646 2270; x_wconf 89' lang='lat' dir='ltr'><strong>de</strong></span> <span class='ocrx_word' id='word_1_185' title='bbox 658 2212 776 2271; x_wconf 91' lang='lat' dir='ltr'><strong>urbium</strong></span> <span class='ocrx_word' id='word_1_186' title='bbox 791 2212 899 2273; x_wconf 92' lang='lat' dir='ltr'><strong>incolis</strong></span> <span class='ocrx_word' id='word_1_187' title='bbox 918 2211 1004 2274; x_wconf 83' lang='lat' dir='ltr'><strong>dico:</strong></span> <span class='ocrx_word' id='word_1_188' title='bbox 1019 2220 1080 2273; x_wconf 89' lang='lat' dir='ltr'><strong>tam</strong></span> 
     </span>
     <span class='ocr_line' id='line_1_25' title="bbox 100 2293 1081 2370; baseline -0.005 -12"><span class='ocrx_word' id='word_1_189' title='bbox 100 2297 204 2358; x_wconf 85' lang='lat' dir='ltr'><strong>Ardea</strong></span> <span class='ocrx_word' id='word_1_190' title='bbox 219 2302 310 2370; x_wconf 91' lang='lat' dir='ltr'><strong>capta</strong></span> <span class='ocrx_word' id='word_1_191' title='bbox 325 2311 417 2369; x_wconf 86' lang='lat' dir='ltr'><strong>quam</strong></span> <span class='ocrx_word' id='word_1_192' title='bbox 430 2295 528 2355; x_wconf 88' lang='lat' dir='ltr'><strong>Roma</strong></span> <span class='ocrx_word' id='word_1_193' title='bbox 542 2302 598 2354; x_wconf 88' lang='lat' dir='ltr'><strong>est.</strong></span> <span class='ocrx_word' id='word_1_194' title='bbox 633 2295 773 2354; x_wconf 87' lang='lat' dir='ltr'><strong>conditor</strong></span> <span class='ocrx_word' id='word_1_195' title='bbox 791 2295 841 2354; x_wconf 88' lang='lat' dir='ltr'><strong>ille</strong></span> <span class='ocrx_word' id='word_1_196' title='bbox 861 2293 936 2354; x_wconf 91' lang='lat' dir='ltr'><strong>iuris</strong></span> <span class='ocrx_word' id='word_1_197' title='bbox 956 2294 1081 2357; x_wconf 90' lang='lat' dir='ltr'><strong>humani</strong></span> 
     </span>
     <span class='ocr_line' id='line_1_26' title="bbox 101 2377 1080 2451; baseline -0.004 -11"><span class='ocrx_word' id='word_1_198' title='bbox 101 2397 162 2441; x_wconf 92' lang='lat' dir='ltr'><strong>non</strong></span> <span class='ocrx_word' id='word_1_199' title='bbox 183 2378 335 2441; x_wconf 91' lang='lat' dir='ltr'><strong>natalibus</strong></span> <span class='ocrx_word' id='word_1_200' title='bbox 356 2395 414 2439; x_wconf 89' lang='lat' dir='ltr'><strong>nos</strong></span> <span class='ocrx_word' id='word_1_201' title='bbox 434 2394 492 2438; x_wconf 91' lang='lat' dir='ltr'><strong>nec</strong></span> <span class='ocrx_word' id='word_1_202' title='bbox 512 2379 667 2439; x_wconf 90' lang='lat' dir='ltr'><strong>nominum</strong></span> <span class='ocrx_word' id='word_1_203' title='bbox 688 2379 824 2439; x_wconf 88' lang='lat' dir='ltr'><strong>claritate</strong></span> <span class='ocrx_word' id='word_1_204' title='bbox 840 2378 991 2451; x_wconf 87' lang='lat' dir='ltr'><strong>distinxit,</strong></span> <span class='ocrx_word' id='word_1_205' title='bbox 1022 2377 1080 2439; x_wconf 91' lang='lat' dir='ltr'><strong>nisi</strong></span> 
     </span>
     <span class='ocr_line' id='line_1_27' title="bbox 101 2461 1079 2526; baseline -0.005 -3"><span class='ocrx_word' id='word_1_206' title='bbox 101 2464 172 2525; x_wconf 92' lang='lat' dir='ltr'><strong>dum</strong></span> <span class='ocrx_word' id='word_1_207' title='bbox 189 2479 305 2526; x_wconf 90' lang='lat' dir='ltr'><strong>sumus.</strong></span> <span class='ocrx_word' id='word_1_208' title='bbox 333 2462 386 2522; x_wconf 90' lang='lat' dir='ltr'><strong>ubi</strong></span> <span class='ocrx_word' id='word_1_209' title='bbox 406 2477 481 2522; x_wconf 91' lang='lat' dir='ltr'><strong>vero</strong></span> <span class='ocrx_word' id='word_1_210' title='bbox 504 2461 656 2523; x_wconf 87' lang='lat' dir='ltr'><strong>adfinem</strong></span> <span class='ocrx_word' id='word_1_211' title='bbox 679 2462 851 2523; x_wconf 87' lang='lat' dir='ltr'><strong>mortalium</strong></span> <span class='ocrx_word' id='word_1_212' title='bbox 871 2466 994 2521; x_wconf 89' lang='lat' dir='ltr'><strong>ventum</strong></span> <span class='ocrx_word' id='word_1_213' title='bbox 1018 2469 1079 2521; x_wconf 77' lang='lat' dir='ltr'><strong>cst:</strong></span> 
     </span>
     <span class='ocr_line' id='line_1_28' title="bbox 101 2544 1079 2623; baseline -0.003 -15"><span class='ocrx_word' id='word_1_214' title='bbox 101 2548 265 2623; x_wconf 88' lang='lat' dir='ltr'><strong>„discede,</strong></span> <span class='ocrx_word' id='word_1_215' title='bbox 286 2547 398 2622; x_wconf 91' lang='lat' dir='ltr'><strong>inquit,</strong></span> <span class='ocrx_word' id='word_1_216' title='bbox 427 2544 567 2606; x_wconf 80' lang='lat' dir='ltr'><strong>ambitio:</strong></span> <span class='ocrx_word' id='word_1_217' title='bbox 595 2546 744 2620; x_wconf 91' lang='lat' dir='ltr'><strong>omnium,</strong></span> <span class='ocrx_word' id='word_1_218' title='bbox 771 2562 850 2621; x_wconf 88' lang='lat' dir='ltr'><strong>quae</strong></span> <span class='ocrx_word' id='word_1_219' title='bbox 876 2553 987 2605; x_wconf 90' lang='lat' dir='ltr'><strong>terram</strong></span> <span class='ocrx_word' id='word_1_220' title='bbox 1010 2561 1079 2619; x_wconf 93' lang='lat' dir='ltr'><strong>pre-</strong></span> 
     </span>
     <span class='ocr_line' id='line_1_29' title="bbox 99 2630 1079 2707; baseline -0.007 -14"><span class='ocrx_word' id='word_1_221' title='bbox 99 2631 196 2704; x_wconf 79' lang='lat' dir='ltr'><strong>munt,</strong></span> <span class='ocrx_word' id='word_1_222' title='bbox 210 2633 337 2707; x_wconf 82' lang='lat' dir='ltr'><strong>siremps</strong></span> <span class='ocrx_word' id='word_1_223' title='bbox 347 2632 400 2689; x_wconf 90' lang='lat' dir='ltr'><strong>lex</strong></span> <span class='ocrx_word' id='word_1_224' title='bbox 409 2633 508 2690; x_wconf 87' lang='lat' dir='ltr'><strong>esto.“</strong></span> <span class='ocrx_word' id='word_1_225' title='bbox 524 2630 573 2690; x_wconf 84' lang='lat' dir='ltr'><strong>Ad</strong></span> <span class='ocrx_word' id='word_1_226' title='bbox 586 2632 687 2690; x_wconf 92' lang='lat' dir='ltr'><strong>omnia</strong></span> <span class='ocrx_word' id='word_1_227' title='bbox 698 2631 841 2705; x_wconf 88' lang='lat' dir='ltr'><strong>patienda</strong></span> <span class='ocrx_word' id='word_1_228' title='bbox 852 2644 944 2705; x_wconf 91' lang='lat' dir='ltr'><strong>pares</strong></span> <span class='ocrx_word' id='word_1_229' title='bbox 957 2645 1079 2689; x_wconf 77' lang='lat' dir='ltr'><strong>sumus:</strong></span> 
     </span>
     <span class='ocr_line' id='line_1_30' title="bbox 101 2713 1078 2788; baseline -0.004 -13"><span class='ocrx_word' id='word_1_230' title='bbox 101 2729 191 2775; x_wconf 90' lang='lat' dir='ltr'><strong>nemo</strong></span> <span class='ocrx_word' id='word_1_231' title='bbox 208 2715 302 2775; x_wconf 91' lang='lat' dir='ltr'><strong>altero</strong></span> <span class='ocrx_word' id='word_1_232' title='bbox 320 2713 456 2788; x_wconf 77' lang='lat' dir='ltr'><strong>fragilior</strong></span> <span class='ocrx_word' id='word_1_233' title='bbox 470 2720 531 2786; x_wconf 90' lang='lat' dir='ltr'><strong>est,</strong></span> <span class='ocrx_word' id='word_1_234' title='bbox 548 2730 637 2774; x_wconf 91' lang='lat' dir='ltr'><strong>nemo</strong></span> <span class='ocrx_word' id='word_1_235' title='bbox 658 2713 688 2774; x_wconf 94' lang='lat' dir='ltr'><strong>in</strong></span> <span class='ocrx_word' id='word_1_236' title='bbox 706 2713 868 2775; x_wconf 88' lang='lat' dir='ltr'><strong>crastinum</strong></span> <span class='ocrx_word' id='word_1_237' title='bbox 890 2715 937 2774; x_wconf 91' lang='lat' dir='ltr'><strong>sui</strong></span> <span class='ocrx_word' id='word_1_238' title='bbox 959 2714 1078 2774; x_wconf 88' lang='lat' dir='ltr'><strong>certior.</strong></span> 
     </span>
     <span class='ocr_line' id='line_1_31' title="bbox 99 2797 1125 2874; baseline 0.003 -16"><span class='ocrx_word' id='word_1_239' title='bbox 99 2799 278 2859; x_wconf 79' lang='lat' dir='ltr'><strong>Alexander</strong></span> <span class='ocrx_word' id='word_1_240' title='bbox 290 2797 493 2858; x_wconf 86' lang='lat' dir='ltr'><strong>Macedonum</strong></span> <span class='ocrx_word' id='word_1_241' title='bbox 512 2812 568 2856; x_wconf 89' lang='lat' dir='ltr'><strong>rex</strong></span> <span class='ocrx_word' id='word_1_242' title='bbox 583 2798 703 2857; x_wconf 87' lang='lat' dir='ltr'><strong>discere</strong></span> <span class='ocrx_word' id='word_1_243' title='bbox 723 2798 920 2874; x_wconf 83' lang='lat' dir='ltr'><strong>geometriam</strong></span> <span class='ocrx_word' id='word_1_244' title='bbox 936 2802 1125 2874; x_wconf 78' lang='lat' dir='ltr'><strong>coeperatli</strong></span> 
     </span>
     <span class='ocr_line' id='line_1_32' title="bbox 100 2881 1080 2957; baseline -0.002 -15"><span class='ocrx_word' id='word_1_245' title='bbox 100 2881 221 2956; x_wconf 86' lang='lat' dir='ltr'><strong>infelix,</strong></span> <span class='ocrx_word' id='word_1_246' title='bbox 236 2881 384 2954; x_wconf 90' lang='lat' dir='ltr'><strong>sciturus,</strong></span> <span class='ocrx_word' id='word_1_247' title='bbox 403 2897 495 2956; x_wconf 91' lang='lat' dir='ltr'><strong>quam</strong></span> <span class='ocrx_word' id='word_1_248' title='bbox 509 2881 621 2955; x_wconf 90' lang='lat' dir='ltr'><strong>pusilla</strong></span> <span class='ocrx_word' id='word_1_249' title='bbox 635 2888 715 2941; x_wconf 89' lang='lat' dir='ltr'><strong>terra</strong></span> <span class='ocrx_word' id='word_1_250' title='bbox 730 2889 827 2956; x_wconf 87' lang='lat' dir='ltr'><strong>esset,</strong></span> <span class='ocrx_word' id='word_1_251' title='bbox 851 2898 890 2942; x_wconf 89' lang='lat' dir='ltr'><strong>ex</strong></span> <span class='ocrx_word' id='word_1_252' title='bbox 914 2899 974 2957; x_wconf 90' lang='lat' dir='ltr'><strong>qua</strong></span> <span class='ocrx_word' id='word_1_253' title='bbox 995 2881 1080 2941; x_wconf 90' lang='lat' dir='ltr'><strong>mini-</strong></span> 
     </span>
     <span class='ocr_line' id='line_1_33' title="bbox 99 2964 1079 3040; baseline -0.003 -13"><span class='ocrx_word' id='word_1_254' title='bbox 99 2983 184 3027; x_wconf 90' lang='lat' dir='ltr'><strong>mum</strong></span> <span class='ocrx_word' id='word_1_255' title='bbox 199 2973 413 3040; x_wconf 90' lang='lat' dir='ltr'><strong>occupaverat.</strong></span> <span class='ocrx_word' id='word_1_256' title='bbox 442 2965 484 3025; x_wconf 86' lang='lat' dir='ltr'><strong>ita</strong></span> <span class='ocrx_word' id='word_1_257' title='bbox 498 2964 583 3025; x_wconf 86' lang='lat' dir='ltr'><strong>dico:</strong></span> <span class='ocrx_word' id='word_1_258' title='bbox 599 2965 704 3024; x_wconf 85' lang='lat' dir='ltr'><strong>infelix</strong></span> <span class='ocrx_word' id='word_1_259' title='bbox 719 2966 759 3026; x_wconf 91' lang='lat' dir='ltr'><strong>ob</strong></span> <span class='ocrx_word' id='word_1_260' title='bbox 773 2965 847 3040; x_wconf 90' lang='lat' dir='ltr'><strong>hoc,</strong></span> <span class='ocrx_word' id='word_1_261' title='bbox 865 2965 948 3040; x_wconf 92' lang='lat' dir='ltr'><strong>quod</strong></span> <span class='ocrx_word' id='word_1_262' title='bbox 964 2966 1079 3025; x_wconf 91' lang='lat' dir='ltr'><strong>intelle·</strong></span> 
     </span>
     <span class='ocr_line' id='line_1_34' title="bbox 99 3048 1080 3126; baseline -0.002 -17"><span class='ocrx_word' id='word_1_263' title='bbox 99 3065 173 3126; x_wconf 90' lang='lat' dir='ltr'><strong>gere</strong></span> <span class='ocrx_word' id='word_1_264' title='bbox 191 3049 324 3110; x_wconf 89' lang='lat' dir='ltr'><strong>debebat</strong></span> <span class='ocrx_word' id='word_1_265' title='bbox 341 3049 451 3110; x_wconf 86' lang='lat' dir='ltr'><strong>falsum</strong></span> <span class='ocrx_word' id='word_1_266' title='bbox 468 3065 504 3109; x_wconf 90' lang='lat' dir='ltr'><strong>se</strong></span> <span class='ocrx_word' id='word_1_267' title='bbox 515 3065 622 3123; x_wconf 78' lang='lat' dir='ltr'><strong>gerere</strong></span> <span class='ocrx_word' id='word_1_268' title='bbox 637 3065 817 3126; x_wconf 87' lang='lat' dir='ltr'><strong>cognomen.</strong></span> <span class='ocrx_word' id='word_1_269' title='bbox 835 3048 904 3123; x_wconf 94' lang='lat' dir='ltr'><strong>quis</strong></span> <span class='ocrx_word' id='word_1_270' title='bbox 916 3049 996 3107; x_wconf 93' lang='lat' dir='ltr'><strong>enim</strong></span> <span class='ocrx_word' id='word_1_271' title='bbox 1007 3063 1080 3107; x_wconf 90' lang='lat' dir='ltr'><strong>esse</strong></span> 
     </span>
     <span class='ocr_line' id='line_1_35' title="bbox 99 3131 1078 3210; baseline -0.003 -17"><span class='ocrx_word' id='word_1_272' title='bbox 99 3149 232 3210; x_wconf 87' lang='lat' dir='ltr'><strong>magnus</strong></span> <span class='ocrx_word' id='word_1_273' title='bbox 246 3131 278 3192; x_wconf 93' lang='lat' dir='ltr'><strong>in</strong></span> <span class='ocrx_word' id='word_1_274' title='bbox 293 3133 405 3208; x_wconf 91' lang='lat' dir='ltr'><strong>pusillo</strong></span> <span class='ocrx_word' id='word_1_275' title='bbox 424 3139 547 3207; x_wconf 73' lang='lat' dir='ltr'><strong>potesta</strong></span> <span class='ocrx_word' id='word_1_276' title='bbox 579 3133 672 3193; x_wconf 87' lang='lat' dir='ltr'><strong>Erant</strong></span> <span class='ocrx_word' id='word_1_277' title='bbox 691 3133 756 3204; x_wconf 91' lang='lat' dir='ltr'><strong>illa,</strong></span> <span class='ocrx_word' id='word_1_278' title='bbox 773 3148 852 3206; x_wconf 90' lang='lat' dir='ltr'><strong>quae</strong></span> <span class='ocrx_word' id='word_1_279' title='bbox 872 3132 1078 3201; x_wconf 88' lang='lat' dir='ltr'><strong>tradebantur,</strong></span> 
     </span>
     <span class='ocr_line' id='line_1_36' title="bbox 100 3213 1078 3293; baseline -0.006 -15"><span class='ocrx_word' id='word_1_280' title='bbox 100 3216 225 3278; x_wconf 87' lang='lat' dir='ltr'><strong>subtilia</strong></span> <span class='ocrx_word' id='word_1_281' title='bbox 238 3224 269 3277; x_wconf 86' lang='lat' dir='ltr'><strong>et</strong></span> <span class='ocrx_word' id='word_1_282' title='bbox 283 3217 417 3293; x_wconf 87' lang='lat' dir='ltr'><strong>diligenti</strong></span> <span class='ocrx_word' id='word_1_283' title='bbox 431 3216 598 3277; x_wconf 91' lang='lat' dir='ltr'><strong>intentione</strong></span> <span class='ocrx_word' id='word_1_284' title='bbox 617 3218 778 3291; x_wconf 87' lang='lat' dir='ltr'><strong>discenda,</strong></span> <span class='ocrx_word' id='word_1_285' title='bbox 801 3233 862 3276; x_wconf 92' lang='lat' dir='ltr'><strong>non</strong></span> <span class='ocrx_word' id='word_1_286' title='bbox 885 3230 964 3290; x_wconf 89' lang='lat' dir='ltr'><strong>quae</strong></span> <span class='ocrx_word' id='word_1_287' title='bbox 980 3213 1078 3289; x_wconf 89' lang='lat' dir='ltr'><strong>perci-</strong></span> 
     </span>
     <span class='ocr_line' id='line_1_37' title="bbox 98 3300 1093 3378; baseline -0.006 -16"><span class='ocrx_word' id='word_1_288' title='bbox 98 3308 188 3378; x_wconf 86' lang='lat' dir='ltr'><strong>peret</strong></span> <span class='ocrx_word' id='word_1_289' title='bbox 203 3316 338 3362; x_wconf 88' lang='lat' dir='ltr'><strong>vesanus</strong></span> <span class='ocrx_word' id='word_1_290' title='bbox 354 3301 447 3362; x_wconf 93' lang='lat' dir='ltr'><strong>homo</strong></span> <span class='ocrx_word' id='word_1_291' title='bbox 468 3307 498 3360; x_wconf 90' lang='lat' dir='ltr'><strong>et</strong></span> <span class='ocrx_word' id='word_1_292' title='bbox 518 3308 602 3361; x_wconf 84' lang='lat' dir='ltr'><strong>uans</strong></span> <span class='ocrx_word' id='word_1_293' title='bbox 619 3317 768 3361; x_wconf 87' lang='lat' dir='ltr'><strong>oceanum</strong></span> <span class='ocrx_word' id='word_1_294' title='bbox 784 3300 984 3375; x_wconf 87' lang='lat' dir='ltr'><strong>cogitationes</strong></span> <span class='ocrx_word' id='word_1_295' title='bbox 1005 3309 1093 3358; x_wconf 89' lang='lat' dir='ltr'><strong>suas</strong></span> 
     </span>
     <span class='ocr_line' id='line_1_38' title="bbox 99 3381 1078 3460; baseline -0.004 -15"><span class='ocrx_word' id='word_1_296' title='bbox 99 3385 231 3446; x_wconf 86' lang='lat' dir='ltr'><strong>mittens.</strong></span> <span class='ocrx_word' id='word_1_297' title='bbox 252 3384 382 3460; x_wconf 76' lang='lat' dir='ltr'><strong>„facilia</strong></span> <span class='ocrx_word' id='word_1_298' title='bbox 397 3385 503 3460; x_wconf 90' lang='lat' dir='ltr'><strong>inquit,</strong></span> <span class='ocrx_word' id='word_1_299' title='bbox 519 3400 568 3444; x_wconf 90' lang='lat' dir='ltr'><strong>me</strong></span> <span class='ocrx_word' id='word_1_300' title='bbox 584 3385 693 3445; x_wconf 84' lang='lat' dir='ltr'><strong>doce.“</strong></span> <span class='ocrx_word' id='word_1_301' title='bbox 712 3383 761 3445; x_wconf 89' lang='lat' dir='ltr'><strong>cui</strong></span> <span class='ocrx_word' id='word_1_302' title='bbox 777 3388 974 3459; x_wconf 81' lang='lat' dir='ltr'><strong>praeceptor:</strong></span> <span class='ocrx_word' id='word_1_303' title='bbox 990 3381 1078 3454; x_wconf 75' lang='lat' dir='ltr'><strong>„ista</strong></span> 
     </span>
     <span class='ocr_line' id='line_1_39' title="bbox 99 3466 1122 3546; baseline 0 -17"><span class='ocrx_word' id='word_1_304' title='bbox 99 3469 206 3544; x_wconf 87' lang='lat' dir='ltr'><strong>inquit,</strong></span> <span class='ocrx_word' id='word_1_305' title='bbox 223 3467 363 3529; x_wconf 89' lang='lat' dir='ltr'><strong>omnibus</strong></span> <span class='ocrx_word' id='word_1_306' title='bbox 379 3467 487 3528; x_wconf 88' lang='lat' dir='ltr'><strong>eadem</strong></span> <span class='ocrx_word' id='word_1_307' title='bbox 501 3476 573 3530; x_wconf 90' lang='lat' dir='ltr'><strong>sunt</strong></span> <span class='ocrx_word' id='word_1_308' title='bbox 589 3475 699 3546; x_wconf 88' lang='lat' dir='ltr'><strong>[aeque</strong></span> <span class='ocrx_word' id='word_1_309' title='bbox 717 3467 895 3544; x_wconf 88' lang='lat' dir='ltr'><strong>difficilia].“</strong></span> <span class='ocrx_word' id='word_1_310' title='bbox 924 3466 991 3526; x_wconf 88' lang='lat' dir='ltr'><strong>Hoc</strong></span> <span class='ocrx_word' id='word_1_311' title='bbox 1005 3472 1080 3540; x_wconf 89' lang='lat' dir='ltr'><strong>puta</strong></span> <span class='ocrx_word' id='word_1_312' title='bbox 1088 3471 1122 3530; x_wconf 80' lang='grc'><strong>18</strong></span> 
     </span>
     <span class='ocr_line' id='line_1_40' title="bbox 143 3557 935 3614; baseline 0.003 -5"><span class='ocrx_word' id='word_1_313' title='bbox 143 3571 244 3611; x_wconf 76' lang='lat' dir='ltr'><strong>seneca</strong></span> <span class='ocrx_word' id='word_1_314' title='bbox 262 3572 331 3611; x_wconf 78' lang='lat' dir='ltr'><strong>erun.</strong></span> <span class='ocrx_word' id='word_1_315' title='bbox 350 3557 395 3614; x_wconf 84' lang='grc' dir='ltr'><strong>ΙΙΙ.</strong></span> <span class='ocrx_word' id='word_1_316' title='bbox 902 3558 935 3611; x_wconf 88' lang='grc'><strong>18</strong></span> 
     </span>
    </p>
   </div>
   <div class='ocr_carea' id='block_1_3' title="bbox 0 0 1238 3930">
    <p class='ocr_par' dir='ltr' id='par_1_3' title="bbox 0 0 1238 3930">
     <span class='ocr_line' id='line_1_41' title="bbox 0 0 1238 3930; baseline 0 0"><span class='ocrx_word' id='word_1_317' title='bbox 0 0 1238 3930; x_wconf 95' lang='lat' dir='ltr'><strong> </strong></span> 
     </span>
    </p>
   </div>
  </div>
 </body>
</html>
