2468 3930
458 245 1062 312 antemurale?

82 410 110 458 ιιι
126 401 333 458 meminerimus
354 401 496 456 cultum
472 418 533 458 erus
552 403 642 475 magis
663 402 715 459 ad
721 419 828 459 morem
844 420 928 476 quam
949 404 1060 460 adrem
1075 369 1124 501 Α]

79 485 250 560 pertinere.“
984 520 986 522 -

142 569 201 624 Nec
223 570 303 640 leges
328 584 397 643 ergo
413 569 477 625 illae
491 585 544 625 nec
558 586 620 625 rnos
637 570 665 624 in
686 570 760 626 civili
774 569 917 643 theologia
938 570 967 626 id
984 570 1060 626 insti·
1072 578 1110 630 40

80 657 205 724 tnerunt,
230 650 307 724 quod
330 651 384 708 diis
407 658 518 724 gratnm
540 658 616 709 esset
630 654 678 710 vel
692 653 730 709 ad
743 669 803 708 rem
818 655 984 726 pertineret,
1009 654 1061 710 sed

81 739 149 805 iste,
170 752 253 807 quern
267 733 448 808 philosophia
466 737 546 808 quasi
561 737 680 793 liberum
695 737 816 805 fecerat,
837 744 930 793 tamen
944 738 1009 810 qnia
1028 737 1061 792 il·

81 820 175 876 lustris
190 821 286 891 populi
300 817 420 875 Romani
434 825 548 875 senator
566 824 640 890 erat,
657 819 767 876 colebat
778 820 854 891 quod
869 820 1061 892 reprehende·

80 907 142 972 bat,
157 904 261 976 agebat
276 903 352 974 quod
367 904 518 975 arguebat,
536 903 612 974 quod
629 904 759 974 culpabat
772 903 922 959 adorabat:
939 905 1004 975 qnia
1017 905 1060 961 vi·

81 987 184 1043 delicet
200 1002 335 1059 magnum
349 986 455 1058 aliquid
470 1002 534 1042 eum
548 985 730 1059 philosophia
744 986 894 1056 docuerat,
908 1003 945 1042 nc
960 1003 1060 1059 super·

81 1071 203 1126 stitiosus
219 1075 295 1126 esset
309 1071 338 1124 in
356 1071 477 1140 mundo,
493 1069 546 1125 sed
562 1076 677 1143 propter
695 1071 774 1143 leges
790 1070 892 1128 civium
909 1086 1059 1141 moresque

80 1153 223 1210 hominum
246 1170 303 1209 non
319 1153 432 1225 quidem
454 1160 552 1227 ageret
569 1149 722 1227 fingentem
736 1154 879 1210 scenicum
894 1154 923 1208 in
941 1152 1060 1225 theatro,

81 1238 134 1294 sed
158 1238 311 1293 imitaretur
334 1238 363 1292 in
388 1239 508 1310 templo,
534 1254 569 1293 eo
594 1238 797 1308 damnabilius,
824 1253 878 1309 quo
898 1237 960 1307 illa,
987 1253 1060 1309 quae

81 1321 253 1377 mendaciter
280 1323 398 1395 agebat,
424 1323 465 1378 sic
494 1327 609 1394 ageret,
637 1327 666 1376 ut
686 1338 750 1378 enm
776 1323 898 1394 populus
921 1322 1060 1379 veraciter

82 1421 169 1477 agere
190 1406 375 1474 existimaret,
400 1406 528 1461 scenicus
547 1411 640 1461 autern
661 1404 784 1462 ludendo
799 1406 892 1479 potius
910 1405 1062 1462 delectaret

84 1504 167 1562 quam
182 1489 305 1545 sallendo
317 1489 470 1561 deciperet.

143 1569 215 1629 Ihid.
227 1589 252 1631 c.
270 1579 312 1631 ll.
343 1573 394 1628 llic
406 1571 545 1644 (Seneca)
560 1571 631 1628 inter
645 1573 715 1629 alias
732 1573 821 1631 civilis
835 1571 996 1645 theologiae
1011 1589 1059 1628 su·
1069 1581 1105 1634 41

81 1656 258 1728 perstitiones
279 1656 463 1729 reprehendit
483 1657 566 1713 etiam
582 1662 758 1713 sacramenta
772 1657 942 1714 Iudaeorum
956 1662 984 1712 et
1000 1673 1059 1712 ma·

80 1742 155 1794 xime
179 1743 309 1812 sabbata,
335 1740 466 1797 inutiliter
484 1741 513 1797 id
535 1757 585 1797 eos
605 1742 698 1798 lacere
720 1740 888 1813 adfirmans,
914 1741 990 1813 qnod
1007 1757 1059 1814 per

81 1822 144 1878 illos
168 1824 293 1897 singulos
316 1832 424 1898 septem
439 1826 619 1899 interpositos
634 1825 696 1882 dies
711 1826 859 1899 septimam
872 1827 931 1882 lere
949 1832 1059 1897 partem

81 1908 179 1962 aetatis
192 1925 261 1964 suae
274 1909 396 1981 perdant
405 1909 537 1967 vacando
549 1915 577 1966 et
586 1912 672 1966 multa
683 1911 711 1965 in
724 1916 851 1983 tempore
861 1910 990 1983 urgentia
1001 1926 1058 1964 non

81 1991 193 2063 agendo
208 1993 364 2049 laedantur.
391 1993 562 2050 Christianos
574 1999 682 2066 temen,
696 1995 752 2049 iam
763 2000 829 2050 tune
842 1993 954 2050 ludaeis
969 1993 1058 2048 inimi-

81 2075 225 2144 cissimos,
240 2077 269 2130 in
286 2081 413 2132 neutram
427 2083 536 2149 partem
548 2092 768 2133 commemorare
783 2094 869 2133 ausus
886 2082 942 2147 est,
961 2092 997 2132 ne
1013 2078 1060 2134 vel

81 2157 209 2212 laudaret
229 2164 326 2214 contra
343 2175 412 2215 suae
425 2161 534 2232 patriae
547 2164 674 2216 veterem
694 2159 925 2215 consuetudinem
944 2160 992 2216 vel
1013 2176 1058 2215 re-

81 2238 271 2312 prehenderet
282 2248 378 2297 contra
388 2244 530 2315 propriam
542 2242 657 2297 forsitan
668 2245 847 2299 voluntatem.
874 2242 916 2297 Dc
927 2242 980 2297 illis
991 2259 1060 2298 sanc
1069 2254 1104 2308 ιι

14 2340 19 2347 ·
81 2324 195 2379 ludaeis
211 2341 275 2380 cum
289 2327 467 2397 loqueretur,
482 2326 534 2381 ait:

144 2407 234 2478 „Cum
253 2410 363 2466 interim
378 2425 467 2481 usqne
483 2426 517 2465 eo
532 2408 766 2465 sceleratissimae
781 2410 872 2481 gentis
884 2408 1058 2465 consuetudo

81 2494 236 2564 convaluit,
251 2500 281 2549 ut
294 2510 346 2566 per
358 2510 456 2549 omnes
468 2494 524 2549 iarn
535 2498 624 2548 terras
636 2498 750 2603 recepta
763 2496 812 2548 sn:
827 2492 893 2550 victi
906 2492 1058 2550 victoribus

82 2577 161 2648 leges
179 2577 327 2634 dederunt
331 2580 348 2609 “

143 2660 295 2717 Mirabatur
306 2663 378 2719 haec
389 2662 486 2718 dicens
498 2660 604 2733 etquid
615 2660 746 2719 divinitus
758 2662 923 2736 ageretur,
915 2676 1058 2734 ignorans.
1068 2673 1103 2728 43

83 2743 199 2797 subiecit
213 2747 297 2815 plane.
312 2747 493 2816 sententiam,
516 2761 572 2817 qua
593 2745 779 2818 significaret,
800 2745 868 2818 qnid
892 2746 929 2803 de
949 2745 1059 2801 illorum

83 2833 321 2884 sacramentorum
336 2832 442 2886 ratione
457 2831 580 2886 sentiret.
602 2832 640 2886 ait
654 2832 742 2887 enims

146 2909 206 2977 „lili
227 2915 319 2966 tamen
342 2930 443 2970 causas
456 2915 524 2970 ritus
544 2914 589 2969 sul
605 2922 753 2972 noverunt.
777 2915 867 2971 maior
881 2930 948 2988 pars
962 2912 1060 2985 populi

83 2992 162 3065 iacit,
179 2993 255 3063 quod
271 3010 320 3049 eur
334 2997 431 3065 iaciat,
445 2998 586 3068 ἰςιιοιιιι.ιι

143 3076 289 3134 Diomedes
299 3079 343 3138 lio.
353 3077 379 3138 I.
387 3096 455 3152 pop.
463 3080 525 3136 375.
535 3081 578 3137 ed
584 3080 699 3137 Patsch
722 3081 828 3136 Horum
838 3083 990 3137 uerborum
1002 3093 1059 3132 non
1069 3075 1103 3128 44

83 3161 164 3215 facile
179 3162 335 3258 reperimus
346 3170 457 3235 tempus
467 3164 638 3234 perlectum,
654 3168 784 3219 ettamen
797 3162 874 3234 quod
885 3168 929 3218 est
940 3176 1059 3230 verro,

83 3244 111 3297 in
125 3247 241 3317 passiva
262 3246 450 3303 declinatione
471 3247 626 3318 perlectum
646 3247 816 3317 reperimus,
837 3245 917 3318 quasi
936 3259 1059 3314 verro,

82 3345 212 3386 versus
221 3328 1059 3404 ,utapudSeneoamindialogodesuperstitioner

447 3430 551 3487 „versa
564 3415 697 3487 templaf‘
