2468 3930
146 221 208 286 ata
419 168 836 278 ·u.nuu.lu1sunuonu

147 373 223 434 locis
239 374 366 431 tractum
381 376 411 430 et
426 375 576 429 extortum
589 365 688 428 credis
700 369 837 428 locorum
850 368 1017 428 mutatione
1033 383 1129 444 posse

148 455 271 519 sanarit
292 455 389 514 maius
405 459 452 513 est
464 453 546 513 istud
561 454 682 524 malum,
700 467 790 528 quam
805 459 839 512 ut
851 452 1025 527 gestatione
1042 468 1129 514 cure·

105 548 204 606 retur.
233 535 437 613 Peregrinatio
451 552 512 596 non
529 537 599 596 lacit
609 535 769 610 medicum,
785 551 846 595 non
863 544 1025 597 oratorem.
1048 537 1130 598 nulla

148 641 199 685 ars
224 623 293 682 loeo
321 621 463 682 discitur:
497 619 572 696 quid
596 626 692 694 ergo?
724 619 889 694 sapientia,
915 635 967 681 res
992 620 1128 682 omnium

148 706 294 780 maxima,
316 704 346 765 in
367 705 474 764 itinere
498 703 669 778 colligiturt
709 704 830 764 Nullum
850 711 911 779 est,
936 704 1129 780 mihicrede,

147 791 219 865 iter,
242 790 325 864 quod
345 796 374 850 te
390 797 475 849 extra
495 788 693 863 cupiditates,
720 794 803 848 extra
819 786 897 864 iras,
922 796 1010 849 extra
1030 798 1128 851 metus

149 876 250 936 sistat:
274 880 327 934 aut
340 875 368 934 si
384 874 468 949 quod
482 881 574 945 esset,
590 870 711 947 agmine
722 872 804 933 lacto
817 887 894 946 gens
909 872 982 933 illuc
996 873 1129 934 humana

149 966 298 1034 pergeret.
326 958 442 1018 tamdiu
462 957 521 1017 ista
541 956 692 1031 urgebunt
709 957 787 1016 mala
801 955 1062 1032 macerabuntque
1075 974 1129 1034 per

149 1051 244 1104 terras
261 1058 297 1102 ac
312 1043 407 1102 maria
422 1057 541 1116 vagum,
559 1039 704 1114 quamdiu
715 1041 863 1100 malorum
873 1042 1047 1114 gestaveris
1060 1057 1128 1102 cau·

105 1135 208 1187 rosas.
232 1126 348 1201 Fugam
362 1125 415 1186 tibi
430 1141 492 1185 non
507 1125 660 1200 prodesse
674 1124 813 1184 miraris?
834 1131 935 1185 tecum
950 1133 1030 1200 sunt,
1049 1141 1128 1202 quae

149 1211 239 1287 iugis.
268 1216 298 1269 te
317 1209 407 1285 igitur
424 1210 568 1280 emenda,
590 1223 684 1269 onera
706 1209 757 1269 tibi
780 1206 906 1268 detrahe
926 1216 956 1271 et
976 1211 1127 1283 [emenda]

149 1295 303 1355 desideria
331 1295 410 1354 intra
437 1295 601 1353 salutarem
627 1293 752 1354 modum
777 1291 910 1353 contine.
942 1308 1065 1354 omnem
1090 1309 1128 1354 ex

149 1380 248 1439 animo
272 1379 365 1437 erade
385 1378 559 1453 nequitiam.
603 1375 636 1437 Si
662 1376 709 1438 vis
729 1375 991 1451 peregrinationes
1016 1378 1129 1438 habere

148 1463 314 1536 iucundas,
344 1469 428 1522 tuum
460 1461 599 1520 comitem
627 1477 712 1520 sana.
746 1460 884 1520 haerebit
910 1461 963 1523 tibi
993 1462 1128 1535 avaritia,

150 1546 295 1622 quamdiu
319 1561 413 1605 avaro
435 1546 625 1620 sordidoque
649 1543 834 1606 convixeris.
863 1543 1002 1606 haerebit
1020 1553 1128 1620 tumor,

150 1628 295 1704 quamdiu
312 1629 447 1704 superbo
464 1627 708 1690 conversaberis.
736 1643 902 1705 numquam
923 1628 1084 1690 saevitiam
1098 1629 1129 1689 in

148 1713 271 1773 tortoris
288 1712 486 1773 contubernio
503 1727 611 1787 pones.
631 1713 796 1774 incendent
806 1712 947 1774 libidines
962 1721 1032 1774 tuas
1043 1714 1128 1775 adul-

106 1801 137 1854 21
148 1803 281 1856 tororum
302 1795 452 1855 sodalitia.
498 1795 530 1855 Si
552 1795 628 1856 velis
643 1795 724 1856 vitiis
741 1797 828 1871 exui,
848 1797 939 1872 longe
954 1813 973 1856 a
988 1797 1129 1858 vitiorum

149 1879 296 1953 exemplis
322 1879 528 1939 recedendum
558 1886 619 1939 este
648 1895 777 1956 avarus,
803 1886 980 1956 corruptor,
1005 1897 1128 1954 saevus,

148 1962 372 2037 fraudulentus,
398 1965 522 2025 multum
544 1963 688 2038 nocituri,
714 1965 742 2024 si
767 1981 866 2041 prope
893 1981 911 2024 a
934 1972 965 2025 te
988 1964 1126 2037 inissent,

148 2047 226 2107 intra
248 2054 277 2106 te
298 2055 384 2108 sunt=
411 2048 449 2107 ad
469 2049 612 2108 meliores
631 2049 743 2109 mansi:
769 2064 838 2110 cum
861 2047 1024 2110 Catonibus
1046 2048 1128 2120 vive,

148 2147 216 2192 cum
240 2132 359 2204 Laelio,
386 2147 453 2192 cum
480 2132 651 2193 Tuberone.
685 2133 770 2209 quod
797 2131 824 2192 si
849 2133 1014 2194 convivere
1039 2131 1130 2194 etlam

149 2214 273 2276 Graecis
295 2215 392 2291 iuvat,
415 2232 483 2277 cum
499 2215 641 2290 Socrate,
664 2231 732 2278 eum
747 2217 871 2277 Zenone
892 2231 1033 2277 versaret
1056 2218 1130 2277 alter

147 2307 177 2360 te
193 2299 314 2361 docebit
328 2301 419 2372 mori,
437 2299 463 2361 si
480 2317 610 2361 necesse
624 2301 695 2374 erit,
711 2301 800 2376 alter,
821 2309 984 2376 antequam
1000 2316 1130 2361 necesse

106 2385 213 2445 aierit.
234 2385 303 2444 vive
319 2401 387 2445 cum
404 2385 593 2463 Chrysippo,
610 2400 678 2445 cum
693 2384 870 2447 Posidonio.
893 2384 925 2444 hi
941 2385 996 2444 tibi
1011 2385 1130 2445 tradent

148 2469 349 2529 humanorum
363 2469 597 2545 divinorumque
611 2469 760 2530 notitiam:
784 2469 814 2529 hi
828 2468 975 2529 iubebunt
989 2468 1020 2529 in
1036 2483 1131 2544 opere

148 2568 219 2613 esse
240 2568 297 2612 neo
317 2559 433 2613 tantum
454 2551 530 2612 scita
551 2552 636 2628 loqui
657 2560 687 2613 et
705 2554 735 2612 in
755 2553 989 2613 oblectationem
1004 2552 1130 2613 audien·

146 2636 219 2695 tium
242 2634 338 2696 verba
361 2635 491 2709 iactare,
514 2636 573 2696 sed
595 2637 727 2696 animum
752 2635 899 2698 indurare
923 2643 954 2696 et
978 2637 1130 2697 adversus

146 2719 244 2777 minas
257 2718 384 2791 erigere¹
406 2735 503 2780 uuus
519 2727 579 2780 est
595 2720 675 2780 enim
688 2719 801 2783 huius
818 2722 923 2782 vitae
938 2720 1130 2781 lluctuon·

147 2801 196 2860 tis
223 2809 258 2861 et
281 2801 461 2862 turbidae
483 2811 623 2878 portus
646 2811 836 2865 eventura
862 2811 1130 2876 contemnere,

147 2889 229 2944 stare
250 2883 379 2944 fidenter
399 2886 586 2962 adopertum.
615 2888 675 2948 tela
696 2888 835 2951 fortunae
854 2888 987 2949 adverso
1005 2895 1131 2963 pectore

103 2967 298 3043 aaexotpere,
315 2985 375 3030 non
389 2971 552 3032 latitantem
563 2987 619 3033 nec
630 2973 891 3047 tergiversantem.
915 2972 1130 3046 Magnanimos

147 3070 204 3115 nos
226 3060 334 3113 natura
357 3055 504 3130 produxit
524 3064 554 3117 et
575 3063 606 3117 ut
627 3056 810 3132 quibusdam
832 3055 1012 3117 animalibus
1031 3056 1130 3116 lerum

147 3137 240 3208 dedit,
257 3139 440 3214 quibusdam
456 3141 630 3215 subdolum,
648 3140 832 3215 quibusdam
848 3140 1002 3217 pavidum,
1018 3139 1061 3200 ito
1076 3155 1130 3200 no·

145 3221 194 3282 bis
209 3223 378 3296 gloriosum
393 3233 423 3285 et
442 3226 599 3285 excelsum
615 3225 769 3300 spirltum,
792 3232 989 3301 quaerentem
1005 3221 1059 3284 ubi
1076 3224 1129 3284 ho·

147 3306 337 3380 mestissime,
358 3324 420 3368 non
441 3308 494 3368 ubi
515 3307 666 3369 tutissime
684 3309 784 3383 vivat,
806 3308 988 3369 simillimum
1004 3308 1129 3380 mundo,

148 3405 253 3464 quem,
277 3400 421 3466 quantum
436 3393 607 3454 mortalium
625 3408 722 3468 passu
734 3393 818 3468 licet,
840 3392 980 3468 sequitur
995 3392 1130 3454 aemula·

103 3480 265 3548 aliturque.
296 3476 412 3551 prolert
431 3491 481 3551 se,
502 3477 619 3536 laudari
640 3483 669 3535 et
688 3476 809 3552 adspiei
832 3477 935 3538 credit.
980 3473 1131 3551 Dominus
