2468 3930
401 501 436 583 l.
458 497 599 582 11111111
620 498 792 582 8111116111

278 634 522 696 irancuum
547 634 670 696 onoc
692 635 747 694 ur
770 635 920 696 arcun.

402 823 530 872 Volumine
544 824 625 884 primo
642 825 800 873 eonnnentur

80 925 175 996 (Diei.)
193 926 358 992 Dialogorum
375 926 434 978 libri
452 925 506 983 Xll,

112 999 131 1048 Ι.
153 996 236 1058 Quare
255 997 341 1058 ulique
358 995 520 1046 incommoda
539 997 612 1046 bonis
633 998 696 1048 viris
714 998 832 1047 accidant
851 1011 909 1046 cum
929 996 1015 1061 pruvi-

182 1066 269 1117 ‹lentia
286 1066 320 1115 sit
338 1063 383 1129 (de
402 1064 576 1131 providentie)
640 1101 1010 1116 ........
1102 1061 1120 1115 3

111 1138 142 1190 Il.
169 1136 221 1186 Neo
245 1135 363 1185 iniuriam
387 1150 434 1184 nec
454 1133 634 1186 contumeliam
659 1137 773 1202 accipere
796 1137 936 1201 eapientem
961 1132 1014 1201 (de

182 1205 323 1256 constantia
341 1204 479 1270 sapientia)

111 1275 152 1328 ΠΙ.
173 1275 217 1328 IV.
236 1275 269 1327 V.
289 1273 327 1324 De
346 1273 385 1324 ira
403 1274 459 1324 libri
478 1282 530 1324 tres
585 1309 1008 1324 .........
1085 1271 1120 1322 85

111 1342 154 1394 Vl.
179 1345 220 1394 Ad
237 1344 358 1393 Marciam
375 1344 406 1394 de
425 1344 596 1394 consolatione
637 1379 1006 1393 ........
1067 1341 1117 1391 lll

112 1415 167 1466 vn.
187 1414 224 1463 De
242 1414 295 1463 vite
313 1414 387 1462 beata
428 1448 1007 1463 ............
1070 1409 1119 1461 139

110 1484 175 1538 VHl.
195 1482 232 1533 De
252 1484 303 1532 otio
326 1517 1008 1533 ..............
1067 1479 1120 1535 164

110 1552 154 1606 ΙΧ.
180 1551 217 1601 De
236 1550 418 1615 tranquillitate
435 1553 515 1602 animi
532 1587 1007 1602 ..........
1068 1549 1116 1600 171

110 1622 144 1673 X.
167 1621 204 1672 De
223 1623 346 1672 brevitate
366 1621 431 1671 vitae
481 1656 1008 1673 ...........
1068 1618 1117 1670 197

110 1691 156 1745 XI.
181 1692 222 1742 Aa
236 1691 369 1756 Polybium
387 1692 418 1742 de
437 1691 608 1742 consolatione
636 1727 1008 1742 ........
1067 1690 1118 1740 218

109 1760 167 1816 XII.
191 1761 232 1810 Ad
250 1761 364 1811 Helviam
382 1769 488 1811 matrem
505 1762 537 1812 de
556 1761 730 1814 consolatione
1066 1757 1118 1809 237

75 1829 192 1896 (Epigr.)
211 1831 402 1896 Epigrammata
419 1846 497 1896 super
515 1833 590 1882 exilio
636 1866 1007 1882 ........
1067 1828 1117 1880 261

75 1898 172 1966 (Lud.)
194 1900 282 1950 Ludus
300 1901 331 1951 de
349 1908 430 1951 morte
447 1901 546 1951 Claudii
584 1935 1007 1952 .........
1067 1898 1120 1950 264

75 1967 143 2036 (ct.)
170 1969 206 2019 De
224 1968 357 2020 clementia
369 1969 427 2019 libri
443 1971 494 2020 duo
532 2005 1007 2020 ..........
1066 1967 1118 2021 276

396 2089 523 2140 Volame’nc
541 2091 625 2140 altere
644 2091 801 2140 eontinentur

75 2191 133 2259 (B.)
156 2191 194 2243 De
213 2191 341 2243 beneflciis
361 2192 420 2242 libri
439 2199 536 2257 septem
585 2227 1007 2242 .........
1104 2193 1116 2241 1

76 2263 160 2330 (NQ.)
179 2261 337 2312 Naturalium
357 2263 534 2324 quaestionum
551 2260 609 2312 libri
627 2269 726 2327 septem
792 2297 1007 2310 .....
1067 2260 1117 2311 157

402 2382 530 2432 Volumine
546 2385 622 2433 tertio
640 2383 795 2432 continentur

75 2484 153 2552 (Ep.)
176 2485 349 2552 Epistularum
367 2483 503 2536 moralium
523 2485 580 2536 libri
595 2486 688 2552 viginti
739 2519 1006 2534 ......

75 2555 146 2621 (Er.)
170 2555 208 2607 lie
227 2556 329 2607 amissis
345 2556 417 2606 libris
436 2555 582 2606 testimonia
598 2562 713 2606 vetemm
729 2563 753 2605 et
772 2553 914 2620 fragmenta
931 2567 963 2604 ex
980 2554 1013 2603 iis

74 2635 375 2760 (Rem.)⁵lllalaemediia
393 2694 556 2746 fortuitorum
571 2695 636 2746 liber
685 2730 1005 2745 .......

73 2814 209 2876 Exempto
226 2822 250 2864 et
267 2816 413 2879 ataeppoeita:

73 2917 110 2965 De
129 2922 277 2981 paupertate
323 2951 1005 2966 ..............
1064 2914 1118 2967 458

74 2987 112 3036 De
130 2986 243 3034 moribus
270 3019 1005 3034 ...............
1064 2985 1117 3036 462

73 3056 175 3106 Martini
192 3053 338 3104 Dumiensia
358 3055 389 3104 rle
408 3052 517 3104 formula
529 3053 651 3104 honestae
668 3055 734 3104 vitae
749 3052 814 3103 liber
844 3089 850 3101 .
896 3089 902 3101 .
948 3089 954 3101 .
1001 3090 1006 3103 .
1064 3053 1118 3106 468

73 3124 203 3190 Epistulae
220 3121 332 3174 Senecae
351 3124 385 3174 ad
402 3121 509 3172 Paulum
528 3123 671 3188 apostolum
690 3130 714 3173 et
729 3122 801 3172 Pauli
820 3121 854 3171 ad
873 3121 994 3172 Senecam
1063 3122 1117 3174 476

72 3194 238 3259 Epitaphium
256 3190 369 3244 Senecae
427 3227 1006 3241 ............
1063 3191 1116 3243 482

503 3423 686 3432 ---.--

849 3517 914 3582 tx*
