2468 3930
432 279 666 337 FRAGMENTA.
979 274 1043 339 433

67 449 120 490 nec
135 432 172 490 de
185 437 265 504 patre
280 431 462 488 dubitandum
480 439 539 503 est,
559 436 632 490 bene
652 433 780 506 inprimis
800 435 840 490 de
858 451 906 502 se,
929 449 1045 503 quama

67 517 235 573 contumelia
255 515 362 571 externi
376 517 502 589 corporis
518 517 649 573 vindicat
676 517 847 590 captivitatis
866 517 941 572 nulla
958 517 1047 572 maior

66 601 210 656 calamitas
230 604 273 655 est
294 615 378 670 quam
396 600 434 656 ad
450 601 573 656 alienam-
584 601 727 657 libidinem
743 601 824 658 trahi.
845 601 930 655 Viros
945 617 1046 655 consu·
1059 603 1093 659 tu

68 687 137 742 latus
163 684 293 753 illustrat,
314 685 473 755 eloquentia
490 685 519 739 in
541 701 644 740 nomen
657 688 800 738 aeternum
815 682 906 751 effert,
919 684 1044 740 militaria

68 767 158 840 gloria
171 765 383 837 triumphusque
398 784 491 824 novae
506 768 597 840 gentis
608 775 765 823 consecrat.
786 772 873 824 multa
881 775 959 836 sunt,
972 783 1044 838 quae

67 853 213 930 praeclara
229 850 343 922 ingenia
363 852 521 907 nobilitent:
542 851 665 906 mulieris
678 852 766 908 virtus
783 851 897 924 proprie
911 851 1045 923 pudicitia

67 940 125 991 esta
148 934 219 990 haec
239 934 394 989 Lucretiam
416 934 501 989 Bruto
522 935 666 1006 aequavit,
690 935 800 990 nescies
824 950 861 989 an
874 934 1045 1005 praetulerit,

68 1019 199 1090 quoniam
216 1018 318 1072 Brutus
333 1033 390 1073 non
404 1034 491 1089 posse
508 1019 615 1076 servire
630 1034 648 1073 a
662 1019 766 1074 lemine
784 1017 889 1073 didicit.
909 1016 981 1072 haec
996 1033 1045 1073 ac·

69 1103 164 1174 quovit
179 1100 336 1157 Corneliam
352 1101 493 1172 Graccho,
514 1100 587 1157 haec
600 1102 727 1158 Porciam
743 1103 822 1158 alteri
836 1101 932 1156 Bruto.
954 1101 1046 1156 notior

69 1192 112 1244 est
125 1186 223 1241 marito
238 1201 289 1240 suo
306 1185 449 1256 Tanaquil.
465 1185 541 1240 illum
556 1185 628 1241 inter
644 1187 730 1241 multa
743 1201 843 1257 regum
861 1184 974 1239 nomina
990 1185 1045 1239 iam

69 1269 215 1325 abscondit
229 1269 392 1340 antiquitas:
412 1267 487 1324 itanc
502 1284 567 1324 rara
581 1269 653 1324 inter
666 1269 783 1325 teminas
797 1270 886 1326 virtus
904 1267 985 1323 altius
1000 1283 1044 1323 se·

69 1355 194 1408 culorum
219 1355 344 1410 omnium
369 1353 522 1409 meritoriae
547 1367 630 1423 qnam
653 1359 682 1407 ut
710 1353 841 1409 excidere
868 1351 971 1424 possit,
1002 1351 1045 1405 in·

68 1436 135 1496 fixit.

130 1519 202 1576 ibid
217 1535 241 1575 c.
255 1523 299 1578 26.
310 1537 343 1592 p.
360 1523 423 1578 186.
449 1517 567 1575 Claudia
575 1520 657 1592 virgo
672 1520 797 1575 Vestalis
810 1535 895 1591 quum
908 1520 938 1574 in
953 1518 1044 1590 suspi-
1055 1507 1091 1563 8⁰

68 1604 178 1659 cionem
195 1604 317 1659 venisset
340 1603 427 1675 stupri
452 1608 478 1658 et
494 1603 672 1659 simulacrum
693 1603 790 1659 matris
804 1604 906 1659 ldaeae
926 1601 1044 1660 invado

68 1685 176 1743 Tiberis
198 1688 343 1756 haereret,
366 1687 403 1742 ad
425 1688 663 1759 comprobandam
681 1688 845 1759 pudicitiam
864 1704 944 1742 suam
959 1688 1045 1742 fertur

69 1771 181 1843 cingulo
197 1771 315 1826 duxmse
328 1787 443 1837 navem,
466 1787 559 1842 quam,
572 1772 657 1826 rnulta
680 1771 756 1827 milia
775 1771 919 1828 hominum
932 1769 1045 1826 trahere

71 1855 266 1925 nequiverant:
889 1914 896 1924 p

129 1938 253 2007 „Melius
274 1944 380 2006 tamen,
408 1939 496 2010 inquit
514 1939 618 1994 Lucani
632 1942 735 2011 poetae
756 1945 888 2011 patruus,
915 1954 977 1993 cnm
999 1937 1047 1991 illa

70 2027 146 2077 esset
161 2028 267 2091 aetum,
287 2023 312 2077 si
329 2022 399 2091 hoc,
420 2021 497 2093 quod
511 2023 618 2093 evenit,
633 2028 827 2078 ornamentum
841 2022 933 2092 potius
950 2023 1047 2092 explo-

70 2110 146 2160 ratae
163 2105 261 2159 luisset
274 2106 424 2175 pudicitiae
439 2121 524 2175 quam
542 2104 643 2160 dubiae
659 2105 874 2178 patrocinium.“

134 2185 205 2242 ittd.
222 2201 247 2242 c·
264 2191 309 2245 30.
323 2205 354 2259 p.
369 2191 429 2248 191.
460 2185 641 2259 scripserunt
655 2188 822 2243 Aristoteles
840 2187 1004 2242 Plutarchus
1020 2193 1048 2242 et
1058 2192 1093 2246 81

72 2277 166 2326 noster
179 2268 290 2326 Seneca
305 2271 348 2326 de
371 2270 601 2326 matrimonio
622 2271 723 2339 libros,
747 2286 783 2325 ex
802 2270 902 2339 quibus
919 2276 947 2325 et
961 2287 1045 2342 supe-

71 2357 146 2410 riora
164 2356 297 2410 nonnulla
314 2360 377 2410 sunt
393 2362 421 2409 et
434 2354 501 2418 ista,
520 2369 593 2424 quae
609 2353 785 2408 subiicimusc

133 2439 240 2510 „Amor
261 2440 367 2495 formae
385 2437 505 2493 rationis·
521 2437 624 2495 oblivio
647 2443 690 2492 est
706 2441 734 2492 et
747 2436 872 2492 insaniae
892 2435 1047 2508 proximus,

71 2523 185 2578 loedum
204 2523 373 2595 minimeque
391 2521 564 2580 conveniens
586 2521 680 2576 animo
700 2520 798 2591 sospiti
819 2520 933 2577 vitiumz
957 2521 1048 2577 turbat

72 2609 201 2676 consilia,
222 2611 292 2664 altos
311 2613 339 2664 et
355 2621 511 2680 generosos
526 2604 639 2678 spiritua
654 2605 802 2676 trangit,.a
818 2604 928 2677 magnis
942 2604 1047 2676 cogita·

71 2691 191 2746 tionibus
205 2692 242 2747 ad
255 2681 422 2747 humillimas
435 2689 568 2760 detrahit,
583 2691 729 2763 querulos,
745 2688 912 2760 iracundos,
927 2694 1047 2745 temera.-

72 2776 144 2841 rios,
172 2773 241 2829 dure
265 2776 447 2847 imperiosos,
473 2774 613 2832 serviliter
631 2773 764 2843 blandos,
786 2773 914 2830 omnibus
927 2773 1048 2842 inutiles,

72 2856 126 2929 ipsi
139 2857 292 2912 novissime
307 2860 395 2914 amori
410 2859 483 2914 tacit.
502 2874 567 2915 nam
587 2874 672 2930 quum
684 2857 794 2914 fruendi
807 2858 955 2928 cupiditate
972 2857 1048 2912 insa-

72 2939 158 2995 tiabili
177 2938 290 3012 flagret,
311 2943 392 3012 plura
406 2947 534 3013 tempora
545 2943 767 3014 suspicionibus,
777 2942 913 3009 lacrimis,
925 2955 1046 3010 eoaque·

73 3023 210 3080 stionibus
231 3023 337 3095 perdit,
362 3024 458 3079 odium
478 3026 521 3080 sui
541 3026 605 3082 lacit
624 3032 652 3082 et
670 3027 732 3097 ipse
746 3024 900 3081 novissime
915 3023 968 3078 sibi
982 3022 1048 3077 odio

73 3109 143 3164 est.“
175 3108 245 3163 'lota
265 3108 368 3163 amoris
386 3109 531 3163 insectatio
552 3108 629 3180 apud
647 3109 789 3164 Platonem
810 3107 937 3178 exposita
960 3111 1002 3161 est
1024 3110 1096 3164 eiiii

73 3193 167 3248 omnia
182 3192 243 3248 eius
258 3191 436 3247 incommoda
449 3191 548 3262 Lysias
563 3192 698 3263 explicat,
715 3190 791 3261 quod
807 3206 863 3245 non
879 3189 981 3245 iudicio
998 3189 1051 3244 sed

73 3277 167 3332 lurore
187 3277 304 3333 dueatur
326 3281 353 3331 et
374 3275 494 3331 maxime
515 3290 634 3330 uxorum
654 3273 853 3346 pulchritudini
866 3273 1050 3345 gravissimus

74 3366 167 3416 custos
183 3363 308 3416 accubet.
336 3359 432 3416 Refert
444 3364 591 3431 praeterea
605 3357 715 3414 Seneca
730 3357 898 3430 cognovisse
913 3374 945 3412 se
961 3372 1033 3426 quen
1059 3359 1094 3415 83

74 3444 139 3499 dam
155 3450 281 3500 ornatum
296 3443 451 3515 hominem,
468 3443 514 3516 qui
529 3443 652 3498 exiturus
664 3443 692 3498 in
703 3442 843 3514 publicum
855 3440 943 3496 tescia
958 3440 1051 3495 traoris

73 3533 171 3600 pectus
188 3530 336 3601 colligabat
356 3535 382 3586 et
403 3545 438 3584 ne
458 3533 561 3601 puncto
579 3526 692 3600 quidem
710 3526 799 3583 horae
815 3525 981 3598 praesentia
992 3524 1059 3577 eius

116 3629 218 3668 sarraca
228 3629 298 3672 rare.
310 3614 356 3669 111.
863 3612 906 3666 Ἦ
