2468 3930
219 217 388 280 EPISTUL.
403 219 496 280 MOR.
516 220 639 281 trev.
657 221 714 284 ΕΡ.
727 230 753 284 9.
766 231 808 283 ιο.
830 229 886 298 (ln.
898 227 957 294 ao.)
1016 221 1077 286 10³

100 372 253 447 ridemus,
281 369 422 434 omnibus
442 371 531 432 nobis
552 372 693 432 accidere
715 372 827 447 liqueat
844 371 912 432 tibi:
934 388 1024 432 nemo
1043 390 1077 434 se

99 472 228 517 avarum
239 470 310 516 esse
321 455 473 529 intellegit,
487 471 575 516 nemo
587 455 740 530 cupidum.
762 455 845 515 caeci
857 465 956 516 tamen
968 456 1076 516 ducem

101 547 269 616 quaerunt,
291 555 350 600 nos
372 539 439 597 sine
458 539 535 599 duce
556 556 692 599 erramus
715 546 744 598 et
765 540 909 600 dicimus:
938 556 999 599 non
1018 557 1076 615 ego

100 623 282 684 ambitiosus
304 638 384 695 sum,
413 622 469 681 sed
490 638 578 683 nemo
600 622 685 682 aliter
705 624 821 683 Romae
842 630 942 698 potest
964 625 1076 684 vivere.

99 724 162 767 non
185 721 243 780 ego
266 714 464 780 sumptuosus
480 723 562 780 sum,
585 707 639 766 sed
656 706 729 766 urbs
745 708 813 780 ipse
828 723 954 781 magnas
970 707 1076 782 inpen-

100 806 155 850 sas
175 789 279 865 exigit.
315 804 375 848 non
398 795 444 848 est
463 805 561 848 meum
578 789 696 860 vitium,
720 791 803 866 quod
818 790 982 850 iracundus
998 808 1075 863 sum,

82 873 187 959 ‘quod
202 873 338 933 nondum
353 873 494 932 constitui
512 880 625 932 certum
641 889 738 947 genus
752 873 846 932 vitae:
869 875 1077 935 adulescentia

100 957 179 1016 lraec
193 955 273 1016 lacit.
311 957 388 1029 Quid
400 972 456 1016 nos
470 957 660 1030 decipimust
682 973 740 1016 non
753 964 802 1015 est
812 958 1004 1017 extrinsecus
1016 964 1108 1018 rna-l

100 1041 163 1100 lum
178 1048 330 1100 nostrum:
351 1040 428 1098 intra
443 1057 501 1100 nos
516 1048 578 1112 est,
602 1041 629 1098 in
646 1039 815 1100 visceribus
830 1039 906 1114 ipsis
925 1041 1026 1114 sedet,
1048 1049 1078 1102 et

101 1124 173 1183 ideo
189 1124 411 1182 difficulter
425 1123 469 1182 ad
487 1124 693 1182 sanitatem
710 1123 970 1204 pervenimus,
989 1125 1078 1198 quia

102 1223 175 1266 nos
209 1213 411 1281 aegrotare
444 1207 650 1266 nescimus.
692 1205 724 1266 Si
750 1207 848 1266 curari
874 1209 1075 1279 coeperimus,

104 1290 229 1365 quando
250 1296 294 1349 tot
314 1290 437 1349 morbos
458 1297 517 1349 tarn
533 1296 648 1349 veteres
663 1290 881 1349 discutiemust
907 1304 987 1348 nunc
1002 1305 1076 1348 vero

100 1389 142 1433 ne
157 1373 331 1447 quaerimus
348 1373 470 1447 quidem
485 1373 652 1445 medicum,
674 1372 726 1447 qui
742 1373 840 1432 minus
856 1373 969 1447 negotii
984 1373 1076 1432 habe-

100 1463 162 1530 ret,
189 1457 217 1515 si
236 1455 430 1516 adhiberetur
445 1456 483 1514 nd
499 1471 607 1516 recens
625 1457 737 1516 vitium.
767 1465 968 1530 sequerentur
981 1454 1078 1516 teneri

100 1545 134 1599 et
153 1540 246 1600 rudes
267 1539 358 1598 animi
378 1547 462 1599 recta
482 1547 709 1599 monstrantem.
744 1540 839 1600 Nemo
856 1540 1017 1600 difficulter
1038 1540 1105 1604 ada
1127 1551 1128 1554 ’

101 1632 240 1683 naturam
262 1622 424 1696 reducitur,
452 1622 509 1681 nisi
532 1624 583 1697 qui
600 1623 638 1682 ab
653 1625 702 1682 illa
718 1623 844 1683 defecit:
867 1624 1076 1683 erubescimus

100 1706 224 1766 discere
240 1707 351 1766 bonam
368 1713 507 1764 mentem.
540 1715 570 1766 at
584 1706 788 1779 mehercules,
808 1707 834 1765 si
849 1715 938 1781 turpe
953 1714 1001 1766 est
1015 1722 1077 1765 ma-

101 1791 230 1863 gistrum
244 1788 335 1848 buius
347 1790 390 1848 rei
404 1805 564 1864 quaerere,
583 1788 658 1850 illud
670 1791 894 1866 desperandum
908 1797 963 1862 cst,
984 1805 1078 1864 posse

103 1872 193 1933 nobis
215 1889 290 1933 casu
303 1881 416 1933 tantum
431 1873 544 1932 bonum
561 1872 709 1933 influere:
741 1874 992 1934 laborandum
1019 1879 1079 1933 est

105 1963 159 2030 et,
180 1958 456 2029 utverumdicnm,
479 1958 646 2017 relabor
662 1957 814 2032 quidem
827 1973 987 2031 magnus
1003 1964 1077 2030 est,

104 2040 132 2098 si
152 2040 261 2112 modo,
287 2047 321 2100 ut
340 2039 418 2113 dlxi,
440 2047 510 2099 ante
528 2041 658 2101 animum
674 2048 812 2111 nostrum
827 2042 958 2100 formare
972 2040 1078 2113 incipi·

104 2139 174 2183 mus
188 2131 219 2184 et
234 2124 436 2197 recorrigere,
462 2140 551 2198 quam
567 2125 742 2184 indurescat
757 2125 890 2199 pravitas
906 2125 981 2183 eius.
1015 2121 1106 2191 Sede

103 2221 162 2266 nec
177 2207 315 2267 indurata
330 2207 473 2281 despero.
495 2208 568 2267 nihil
583 2216 644 2280 est,
664 2207 747 2282 quod
762 2222 822 2265 non
839 2213 993 2280 expugnet
1009 2221 1077 2280 per-

102 2291 188 2350 tinax
209 2306 305 2365 opera
320 2297 349 2350 et
363 2291 475 2351 intenta
489 2306 525 2351 ac
540 2291 668 2365 diligens
685 2306 771 2349 cura:
792 2289 905 2349 robora
920 2291 950 2348 in
965 2298 1080 2348 rectum

104 2374 244 2448 quamvis
266 2373 348 2434 flexa
368 2375 538 2435 revocabis.
567 2381 708 2433 curvatas
729 2372 832 2432 trabes
849 2374 933 2431 calor
947 2371 1080 2445 explicat

103 2464 135 2516 et
154 2458 240 2518 aliter
261 2465 349 2517 natae
370 2458 400 2516 in
423 2457 454 2517 id
474 2457 636 2531 finguntur,
657 2457 741 2529 quod
760 2471 835 2515 usus
852 2463 956 2515 noster
971 2454 1079 2526 exigit=

105 2547 220 2616 quanto
237 2539 354 2601 facilius
370 2541 487 2601 animus
502 2540 614 2615 accipit
631 2541 772 2611 formam,
795 2537 938 2599 flexibilis
954 2544 984 2597 et
998 2537 1079 2596 omni

104 2624 232 2684 humore
252 2625 490 2699 obsequentior?
516 2625 589 2699 quid
604 2624 681 2682 enim
698 2631 746 2683 est
759 2624 840 2684 aliud
855 2623 972 2681 aninrus
989 2636 1080 2696 quam

105 2707 241 2782 quodam
255 2708 347 2768 ruodo
361 2724 397 2767 se
412 2707 529 2767 babens
541 2707 687 2782 spiritus?
709 2707 796 2767 vides
807 2714 907 2766 autem
920 2712 1002 2766 tanto
1016 2705 1078 2779 spi-

104 2791 194 2851 ritum
215 2807 287 2850 esse
307 2792 472 2851 faciliorem
493 2793 574 2850 omni
595 2793 654 2851 alia
668 2791 807 2863 materia,
832 2797 945 2865 quanto
959 2789 1080 2849 tenuior

104 2880 162 2934 cst.
197 2874 289 2946 illud,
311 2876 351 2934 mi
365 2875 476 2946 Lucili,
499 2882 623 2935 nonest
639 2876 721 2950 quod
738 2883 766 2935 te
782 2874 930 2950 inpediat,
949 2889 1010 2948 quo
1027 2872 1107 2933 [ιιι-7

104 2974 165 3018 nus
185 2957 225 3016 de
246 2958 335 3018 nobis
355 2958 435 3018 bene
456 2974 579 3033 speres,
604 2958 687 3033 qnod
707 2960 820 3019 malitia
839 2973 897 3017 nos
915 2956 974 3016 iam
989 2962 1079 3029 tenet,

105 3041 189 3116 quod
203 3041 255 3100 diu
266 3042 295 3100 in
309 3041 509 3116 possessione
521 3043 616 3102 nostri
629 3049 690 3102 est:
706 3043 743 3102 ad
757 3043 905 3101 nominem
918 3048 987 3099 ante
997 3038 1081 3097 bone

104 3140 193 3185 mens
209 3125 291 3184 venit
306 3141 396 3199 quam
411 3127 499 3185 mala.
527 3141 635 3186 omnes
650 3124 865 3199 praeoccupati
880 3138 995 3183 snmus.
1020 3120 1081 3178 vira

103 3215 185 3270 tutes
207 3208 326 3268 discere
345 3215 390 3269 est
407 3208 480 3268 vitia
501 3209 670 3273 dediscere.
711 3207 773 3267 Sed
793 3222 830 3266 eo
848 3207 963 3265 maiore
980 3202 1110 3263 animoli

104 3293 143 3352 ad
165 3292 410 3352 emendationem
427 3292 523 3353 nostri
539 3292 686 3351 debemus
701 3290 864 3361 accedere,
887 3288 970 3361 quod
986 3285 1081 3346 semel

100 3376 205 3437 traditi
219 3373 309 3436 nobis
323 3375 396 3435 boni
413 3384 560 3450 perpetua
576 3374 737 3448 possessio
753 3380 815 3432 est:
837 3387 897 3430 non
914 3369 1081 3431 dediscitur

101 3460 211 3520 virtus.
243 3459 488 3520 contrariaenim
501 3459 581 3519 mala
598 3459 628 3516 in
651 3457 748 3516 alieno
770 3455 905 3518 haerent.
938 3454 1007 3514 ideo
1028 3453 1080 3514 de·
