2468 3930
180 251 223 316 60
464 250 499 312 L.
522 249 669 309 ANNAEI
691 247 866 309 SENECAE
917 276 919 280 >
1016 250 1020 254 ’

181 403 369 464 versiamde
384 409 599 466 senectute.
619 400 701 462 hu'nc
719 403 772 463 ait
786 401 876 462 esse
891 402 1027 462 florem
1043 417 1161 464 suum.

151 489 345 548 acredamus
361 487 417 546 illi:
433 485 515 546 bono
530 502 587 546 suo
602 492 712 546 utatur.
739 484 787 545 lre
800 486 834 545 in'
849 485 1063 560 cogitationem
1077 487 1163 550 iubet

183 579 213 632 ot
227 568 395 645 dispicere,
423 569 496 644 quid
518 585 558 631 ex
577 569 636 629 hac
650 569 864 644 tranquillitate
878 586 915 630 ac
930 569 1082 630 modestia
1096 589 1161 632 mo·

183 671 249 715 rum
266 650 435 728 sapientiae
450 653 595 727 debeam,
621 653 696 727 quid
716 653 821 726 aetati,
848 661 878 714 et
892 652 1054 727 diligenter
1068 669 1162 717 excu-

182 744 256 811 tere,
272 752 352 812 quae
366 753 428 797 non
444 737 561 811 possim
577 738 688 811 lacere,
706 751 787 811 quae
802 737 910 796 nolim:
926 737 1043 816 [quidni
1055 737 1163 812 fateor

181 825 304 882 multcm
317 822 390 881 milri
401 827 575 882 senectuton
590 835 639 894 eo,
654 822 735 896 quod
745 836 804 880 non
813 837 935 896 possam
948 820 1070 896 facere,
1084 839 1163 897 puae

182 905 303 981 nolim]
327 905 492 980 prodesse,
519 903 677 965 habiturus
698 919 812 979 aeque,
836 903 863 964 si
883 905 976 966 nolim
997 905 1163 980 quicquam

183 1005 245 1049 non
267 1004 363 1064 posse
385 1003 433 1047 me
454 989 610 1062 gauderet
641 1002 721 1063 quae
743 987 822 1045 enim
843 988 970 1063 querela
990 989 1056 1060 est,
1076 989 1163 1064 quod

154 1072 419 1146 lincommodum,
434 1073 461 1132 si
476 1070 623 1147 quicquid
637 1071 749 1131 debeat
761 1071 913 1143 desinere,
930 1072 1062 1132 deiecit?
1092 1072 1161 1145 „ln-

184 1156 379 1218 commodum
394 1171 543 1216 summum
562 1154 623 1226 est,
640 1154 758 1229 inquio,
773 1155 875 1229 minui,
891 1156 944 1233 [et]
959 1154 1109 1230 deperire,
1132 1163 1164 1217 et

183 1247 216 1301 ut
231 1240 356 1316 proprie
372 1240 479 1313 dicam,
502 1237 685 1313 liquescere.
706 1253 768 1298 uon
784 1237 864 1298 enim
878 1239 981 1299 subito
996 1239 1111 1314 inpulsi
1125 1255 1162 1299 ac

185 1322 329 1400 prostrati
346 1338 468 1383 sumns=
498 1323 658 1398 carpimur.
686 1321 796 1396 singuli
815 1321 883 1382 dies
899 1321 1021 1397 ‘aliquid
1043 1323 1159 1383 subtra-

183 1407 258 1467 hunt
279 1406 425 1466 viribus.“
456 1405 494 1465 Et
514 1407 584 1480 quis
606 1407 706 1466 exitus
728 1412 776 1465 est
795 1404 904 1465 melior'
917 1422 1009 1482 quam
1024 1406 1056 1465 iu
1069 1407 1161 1466 linem

185 1507 274 1550 suum
296 1495 404 1549 natura
424 1490 565 1550 solvente
584 1489 700 1548 'ditabit
724 1505 787 1549 non
802 1490 874 1564 quia
885 1488 1001 1565 aliquid
1017 1490 1088 1550 mali
1104 1489 1161 1568 [sill

184 1575 263 1634 ictus
279 1580 309 1634 et
330 1587 348 1631 e
369 1573 430 1632 vita
443 1573 620 1648 repentinus
635 1588 802 1646 excessus,
827 1573 884 1634 sed
899 1573 971 1650 quia
991 1574 1070 1634 lenis
1084 1572 1162 1634 haec

185 1662 233 1717 est
247 1657 305 1728 via,
326 1652 466 1717 subduci.
501 1655 566 1731 Ego
583 1662 680 1730 certe,
702 1657 784 1716 velut
798 1656 1025 1733 adpropinquet
1041 1657 1162 1732 'experi-

185 1737 321 1800 mentum
336 1747 366 1800 et
380 1738 431 1799 ille
445 1741 561 1801 laturus
574 1738 755 1800 sententiam
771 1741 810 1801 de
825 1739 1070 1802 omnibus'aunis
1085 1738 1162 1800 meis

155 1825 251 1885 odies
266 1822 391 1895 venerit,
406 1822 448 1882 ita
462 1839 511 1883 me
525 1824 656 1884 observo
674 1831 703 1883 et
718 1823 886 1899 adloquor:
924 1825 1023 1900 „Nihil
1038 1831 1101 1897 est,
1118 1825 1161 1882 in-

186 1923 293 1983 quam,
321 1906 436 1980 adhuc,
465 1907 550 1982 quod
570 1914 622 1968 aut
641 1906 734 1968 rebus
755 1913 808 1967 aut
832 1908 934 1969 verbis
956 1905 1162 1968 exhibuimus.

185 1991 265 2051 levia
287 1996 358 2051 suut
379 1990 437 2050 ista
457 1996 488 2049 et
507 1990 627 2050 fallacia
648 1991 777 2066 pignora
791 1991 883 2051 animi
896 1989 1061 2066 mulu'sque
1075 1989 1162 2050 iuvo-

185 2076 248 2134 luta
264 2072 439 2134 lenociniis:
463 2075 564 2149 quod
587 2075 838 2150 profecerim,
859 2081 980 2136 morte
996 2074 1161 2134 creditu-

157 2182 160 2193 *
185 2174 250 2217 rus
273 2173 361 2216 sum.
399 2157 467 2218 Non
486 2156 591 2217 timide
611 2157 716 2233 itaque
738 2173 900 2234 conponor
918 2158 958 2220 ad
971 2158 1056 2219 illum
1071 2157 1161 2229 diem,

186 2257 247 2316 quo
270 2241 394 2300 remotis
417 2240 552 2317 strophis
581 2256 617 2301 ac
638 2240 716 2301 lucis
739 2241 849 2302 deme
871 2242 1060 2304 indicaturus
1084 2257 1162 2313 sum,

185 2331 286 2384 utrum
307 2324 418 2399 loquar
434 2324 524 2386 tortia
538 2342 576 2385 an
599 2325 742 2399 sentiam,
762 2327 911 2400 numquid
932 2324 1082 2387 simulatio
1098 2325 1161 2384 lue-

185 2408 223 2469 rit
241 2414 271 2467 et
284 2409 404 2480 mimus,
423 2409 570 2485 quicquid
585 2416 692 2470 contra
707 2407 860 2469 fortunam
875 2410 985 2470 iactavi
1000 2408 1162 2468 verborum

157 2493 419 2553 ficontumacium.
457 2493 593 2553 Remove
607 2491 860 2553 existimationem
877 2493 1048 2554 hominuma
1071 2490 1163 2551 dubia

185 2591 307 2651 semper
323 2583 371 2635 est
384 2583 414 2636 et
427 2576 458 2635 in
479 2583 595 2650 partem
609 2583 770 2651 utramque
785 2576 938 2638 dividitur.
961 2591 1085 2636 remove
1100 2582 1162 2635 stu·

185 2660 237 2719 dia
253 2665 317 2719 tota
333 2659 395 2718 vita
415 2664 556 2719 tractata:
583 2676 667 2720 mors
682 2659 722 2719 de
736 2667 766 2720 te
782 2661 1011 2736 pronuntiatura
1025 2667 1082 2720 est.
1118 2659 1163 2717 lta

186 2743 270 2802 dico:
293 2741 516 2816 disputationes
531 2749 562 2803 et
575 2743 693 2804 literato
708 2744 872 2819 conloquia
887 2751 970 2804 etex
988 2742 1161 2818 praeceptis

185 2824 368 2900 sapientium
385 2824 480 2886 verba
500 2828 629 2888 collecta
649 2833 681 2887 et
700 2827 838 2888 eruditus
858 2842 1038 2888 sermonen
1059 2833 1162 2886 osteu-

185 2909 261 2969 dunt
276 2923 380 2968 verum
394 2910 488 2970 robur
501 2910 603 2970 animi.
625 2919 673 2971 est
692 2911 772 2971 enim
788 2911 885 2972 oratio
902 2911 992 2972 etiam
1006 2908 1162 2971 timidissi-

184 2991 242 3053 mis
264 2992 380 3052 audax=
409 2994 483 3069 quid
505 2995 620 3069 egeris,
653 3000 725 3055 tunc
739 2995 914 3070 adparebit,
948 3010 1017 3054 cum
1030 2993 1163 3052 animam

185 3092 269 3152 ages.
307 3076 435 3152 Accipio
458 3078 679 3152 conditionem,
712 3094 774 3139 non
793 3078 960 3139 reformido
986 3075 1163 3138 iudicium.“

156 3161 267 3224 ⁷Haec
282 3176 401 3221 mecum
416 3163 535 3237 loquor,
552 3161 611 3221 sed
623 3168 723 3221 tecum
736 3176 860 3238 quoque
871 3178 920 3222 me
932 3162 1067 3222 locutum
1079 3168 1162 3235 putu.

184 3244 326 3305 Iuvenior
341 3260 391 3305 es:
415 3247 489 3321 quid
503 3246 617 3306 referta
637 3260 699 3304 non
716 3243 945 3306 dinumerantur
960 3243 1041 3306 anni.
1062 3242 1162 3305 incer-

184 3336 247 3388 tum
267 3335 330 3401 est,
360 3344 422 3404 quo
444 3330 513 3390 loco
537 3336 568 3389 te
591 3344 674 3388 mors
695 3336 869 3405 exspectet:
897 3328 1002 3404 itaque
1027 3335 1060 3390 tu
1079 3326 1163 3388 illam

185 3413 266 3472 omni
281 3415 350 3473 loco
367 3420 524 3487 exspecta.

153 3502 173 3555 8
245 3496 393 3556 Desinere
407 3494 468 3555 iam
482 3495 623 3556 volebam
638 3503 669 3556 et
683 3511 792 3556 manus
808 3495 968 3571 spectabat
983 3495 1023 3556 ad
1039 3496 1160 3556 clausu-
