2468 3930
100 230 633 308 erasnmnonnmvrrnaar
668 231 1080 310 .)me.nrr.nr.1.<ro.)roo

100 381 312 466 maceravitet
325 383 418 444 coxit
441 400 537 460 quae,
560 392 594 446 ut
607 386 685 460 scis,
707 400 768 446 non
784 386 1078 459 semperretinenda

99 476 159 530 est
202 468 377 528 nonenim
402 469 538 529 vivere
556 469 692 531 bonnm
716 475 790 543 est,
812 471 882 528 sed
903 471 1000 530 bene
1020 471 1078 529 vi·

101 567 206 612 vare.
235 551 371 626 itaque
398 551 563 627 sapiens
593 554 705 627 vivit,
735 557 918 627 qnantum
945 553 1078 628 debet,

101 652 179 697 non
200 642 383 709 quantum
398 642 540 712 potest
583 637 708 697 Videbit
722 635 777 696 ubi
790 637 925 698 victurus
939 639 993 710 sit,
1009 651 1106 705 cums

103 720 234 796 quibus,
254 719 428 793 quomodo,
447 719 527 795 ·qoid
548 728 680 781 acturus.
716 719 828 793 cogitat
847 737 986 797 semper,
1004 738 1077 797 qua-

102 805 140 864 lis
156 803 234 876 vita,
251 817 316 861 oon
338 810 452 877 quanta
465 801 515 865 sit.
550 804 607 862 sed
623 804 712 864 simul
729 811 820 876 atque
831 812 1000 865 occurrunt
1012 821 1076 865 mo·

102 888 182 947 leste
209 893 240 946 el
260 887 510 960 tranquillitatem
533 886 702 961 turbantia,
726 886 831 946 emittit
859 905 904 947 se.
940 904 998 948 nec
1019 888 1079 950 ho'c

102 978 218 1031 motum
233 970 264 1028 in
278 970 463 1030 necessitate
477 971 582 1030 ultima
605 971 690 1043 iacit,
713 972 860 1029 sedtum
884 972 1015 1045 primum
1036 973 1080 1031 iiii

104 1054 208 1128 eoepit
236 1055 488 1127 suspectuosae
514 1054 651 1124 fortuna,
679 1052 840 1127 diligenter
860 1055 1079 1129 circumspicit,

103 1137 251 1212 numquid
266 1137 318 1196 iilo
333 1137 383 1197 die
392 1137 596 1197 desinendum
615 1139 664 1197 sit.
699 1136 778 1196 Nibii
794 1137 946 1197 existimat
960 1153 1018 1197 sua
1030 1154 1079 1198 re·
1107 1180 1109 1184 -

103 1222 200 1291 ierre,
220 1219 311 1281 iaciat
325 1220 418 1280 finem
431 1236 470 1279 an
486 1222 631 1295 accipiat,
647 1219 764 1280 tardius
779 1220 832 1279 fiat
846 1237 885 1279 an
901 1220 1000 1280 citius.
1016 1237 1080 1281 noo

103 1313 261 1379 tamquam
279 1304 318 1363 de
336 1318 450 1378 magno
467 1304 648 1365 detrimento
669 1304 768 1364 timet:
791 1318 881 1364 nemo
899 1305 1024 1364 muitum
1040 1321 1080 1364 ex

104 1387 260 1465 stillicidio
282 1393 386 1462 potest
405 1389 545 1462 perdere.
584 1387 705 1449 Citius
726 1385 824 1448 mori
843 1394 906 1447 aut
924 1387 1106 1457 tardiuse

104 1471 151 1531 ad
176 1487 257 1530 rem
283 1487 357 1530 non
379 1470 569 1546 pertinet:
597 1473 694 1532 bene
714 1472 811 1531 mori
831 1479 894 1533 aut
915 1473 1011 1531 male
1033 1473 1079 1532 ad

103 1570 182 1615 rem
202 1553 385 1630 pertinet.
419 1556 498 1614 bene
513 1563 614 1616 autem
632 1555 710 1615 mori
724 1562 773 1616 est
791 1554 928 1630 effugere
942 1556 1020 1616 male
1033 1555 1078 1615 vi-

59 1651 61 1658 ⁴
104 1638 196 1698 vendi
216 1639 396 1713 pericnlum.
433 1641 536 1714 itaque
558 1639 848 1699 effeminatissimam
868 1655 977 1700 vocem
998 1639 1078 1700 iltius

102 1719 388 1794 Rhodii-existere,
409 1723 462 1797 qui
482 1738 552 1784 curn
566 1724 597 1782 in
622 1739 747 1782 caveam
768 1724 926 1784 coniectus
952 1731 1037 1783 esset
1060 1740 1079 1782 a

105 1813 239 1884 tyranno
254 1812 454 1880 ettomooam
471 1807 568 1866 terum
583 1805 710 1883 aliquod
719 1807 833 1866 animai
843 1810 993 1879 aleretur,
1009 1823 1079 1867 sua·

105 1887 341 1962 denti-cuidam,
363 1896 397 1949 ut
410 1890 576 1950 abstineret
590 1891 674 1950 cibo:
695 1893 810 1963 omnia,
829 1890 938 1965 inquit,
960 1891 1078 1963 bertini,

105 1975 285 2046 dum-vivit,
301 1975 455 2049 speranda
475 1980 552 2035 suat.
592 1974 633 2035 Ut
647 1972 760 2034 sithoc
774 1989 896 2047 verum,
918 1991 980 2034 non
997 1974 1107 2047 omniq

105 2055 287 2132 pretiouita
305 2058 508 2118 emendaest.
529 2059 680 2132 quaedam
695 2059 765 2117 licet
778 2072 898 2131 magna,
914 2057 985 2118 licet
996 2064 1079 2118 certa

105 2141 182 2214 sint,
204 2148 304 2200 taraco
321 2141 360 2200 ad
375 2141 426 2200 iiia
442 2140 526 2217 turpi
540 2140 722 2202 infirmitatis
737 2142 934 2202 confessione
948 2157 1010 2201 non
1025 2156 1078 2200 ve·

104 2223 206 2283 nimo:
228 2239 287 2298 ego
303 2226 433 2300 cogitem
453 2227 485 2285 in
500 2240 552 2297 eo,
575 2227 627 2299 qui
641 2224 728 2297 vivit,
754 2224 856 2285 omnia
874 2240 970 2298 posse
984 2226 1078 2284 fortu-

105 2323 191 2378 nam,
210 2307 318 2382 potios
344 2325 436 2383 quam
459 2310 594 2382 cogitem
614 2309 645 2367 in
669 2323 721 2380 eo,
743 2307 794 2383 qui
815 2307 873 2366 scit
890 2307 983 2382 mori,
1004 2307 1079 2367 nihii

105 2390 1106 2466 posselnrtunamlAliduandotamen‚etiamsicerta8

104 2490 210 2535 mors
238 2474 406 2536 inst-abit
432 2482 463 2535 et
489 2477 672 2536 destinatum
698 2473 756 2533 sibi
783 2473 967 2547 supplicium
993 2473 1079 2547 sciet,

103 2574 179 2618 non
201 2559 460 2619 commodabit
475 2575 624 2634 poenae
639 2573 732 2619 suae
746 2573 906 2616 manum:
922 2556 1078 2617 sibi-com·

105 2642 254 2704 maderet.
289 2642 412 2702 stultitia
427 2651 475 2703 est
492 2644 601 2703 timore
622 2641 727 2702 mortis
741 2641 828 2702 mori.
863 2641 945 2701 venit
960 2638 1012 2716 qui
1027 2654 1078 2700 oc-

106 2725 197 2786 cidat
224 2732 386 2800 exspecta.
417 2727 494 2801 onio
511 2732 668 2802 occupas?
701 2740 796 2800 quare
809 2725 945 2801 suscipis
961 2724 1079 2785 alienae

106 2809 294 2870 crudelitatis
317 2811 583 2885 procurationem?
610 2817 712 2870 utrum
728 2810 852 2868 invides
869 2808 1005 2870 carnifici
1024 2815 1077 2869 tua

107 2909 145 2953 en
166 2893 296 2968 parcisr
330 2895 473 2955 Socrates
493 2894 594 2970 ‚potuit
618 2894 800 2954 abstinentia
821 2893 908 2952 finire
932 2893 1025 2954 vitam
1050 2898 1107 2954 et9

105 2976 208 3036 inedie
227 2977 332 3051 potius
350 2986 443 3053 qoam
463 2993 583 3038 veneno
599 2974 686 3038 mori.
713 2978 835 3052 triginta
850 2983 950 3036 tamen
966 2977 1032 3036 dies
1047 2975 1078 3033 in

105 3075 232 3121 carcerc
242 3068 273 3121 el
286 3061 318 3120 lo
328 3062 564 3136 exspectatione
579 3061 683 3122 mortis
698 3059 814 3134 exegit,
828 3075 889 3119 non
902 3059 962 3119 hoc
977 3056 1078 3118 annno

104 3149 261 3218 tamquam
277 3145 377 3206 onmia
392 3145 458 3205 iieri
472 3151 612 3220 possent,
635 3152 790 3219 tamquam
804 3145 913 3202 multas
928 3156 1002 3216 spes
1018 3146 1077 3198 tam

105 3227 232 3301 longum
251 3235 372 3303 tempus
393 3230 558 3303 reciperet,
582 3229 639 3288 sed
658 3235 692 3288 nt
713 3226 874 3302 praeberet
893 3240 928 3284 se
948 3222 1078 3297 iegibus,

104 3311 315 3373 rrtiroendum
328 3312 434 3373 amicis
443 3320 615 3373 *extremum
629 3310 786 3371 Socratem
802 3309 897 3368 daret
926 3304 1000 3380 quid
1014 3310 1079 3365 erat

105 3395 347 3472 nonnusquam
370 3402 498 3458 mortem
530 3403 739 3466 contemnere,
772 3407 925 3451 venenum
952 3390 1080 3450 timeret

105 3476 284 3554 Scribonia,
299 3481 403 3555 gravis
417 3480 544 3556 lemine,
567 3479 658 3541 amita
671 3477 762 3538 Drusi
774 3474 899 3538 Libonis
914 3473 984 3548 luit,
1006 3471 1077 3534 adu·
1087 3479 1121 3533 10
