2468 3930
240 279 518 342 marsicanos.
538 281 611 341 mn.
626 282 704 342 mx.
726 282 783 342 un.
797 290 824 343 4.
845 287 934 358 (113.)
971 256 972 259 ‘
1018 282 1082 346 369

100 437 237 509 corpnst
261 430 342 490 idem
362 430 491 491 animus.
515 432 598 507 atqui
617 449 710 492 unum
726 449 840 509 corpus
862 449 933 495 esse
952 435 1081 496 duorum

96 516 275 577 animalium
287 530 348 575 non
363 520 473 589 potest.
496 514 579 589 „Sed
590 515 672 576 idem
684 515 813 591 animus,
829 518 935 592 inquit
951 518 1081 578 iustitiae
1091 527 1124 579 ld

99 601 237 662 habitum
251 597 348 658 induit
363 606 394 659 et
409 598 591 660 tortitudinis
607 607 636 659 et
648 599 895 675 temperantiae.“
931 602 999 661 Hoc
1014 601 1081 662 fieri

100 691 218 761 posset
234 682 270 755 si,
287 699 348 756 quo
366 690 501 757 tempore
518 683 632 743 iustitia
645 692 736 756 essct,
753 685 897 746 tortitudo
913 701 974 745 non
988 693 1080 760 esset

101 785 164 845 quo
179 774 318 841 tempore
333 766 476 826 tortitudo
489 774 581 839 esset,
598 768 796 842 temperantia
808 784 870 827 non
886 775 985 829 esset=
998 785 1080 829 nunc

100 867 175 912 vero
198 865 305 912 omnes
326 850 452 910 virtutes
474 850 564 909 simul
585 857 664 910 sunt.
696 851 738 909 ita
760 852 916 925 quomodo
942 853 1081 927 singulae

99 941 191 996 erunt
201 933 350 1008 animalia,
368 949 436 992 cum
448 949 528 993 unus
541 935 659 993 animus
672 932 719 1007 sit7
737 932 788 1008 qui
800 936 870 1009 plus
883 951 973 1009 quam
986 953 1080 996 unum

99 1019 211 1079 animal
232 1035 292 1079 non
314 1024 416 1092 potest
432 1017 554 1076 laceret
588 1018 728 1093 Denique
750 1019 864 1078 nullum
881 1017 992 1077 animal
1008 1035 1081 1093 pars
1091 1022 1124 1072 15

100 1109 149 1164 est
166 1102 290 1162 alterius
314 1099 462 1160 animalis.
493 1099 608 1161 iustitia
620 1108 720 1163 autem
735 1116 808 1175 pars
824 1108 871 1162 est
885 1100 991 1161 animi:
1019 1119 1080 1163 non

99 1195 148 1248 est
162 1200 236 1259 ergo
251 1186 371 1245 animal.
392 1184 509 1244 Videor
523 1184 596 1243 mihi
609 1185 639 1246 in
654 1201 688 1245 re
704 1185 850 1245 contessa
861 1186 992 1259 perdere
1008 1202 1080 1261 ope-

99 1286 174 1330 ram.
193 1271 292 1343 magis
307 1267 387 1327 enim
401 1268 621 1342 indignandum
632 1269 672 1328 de
683 1269 742 1328 isto
756 1285 847 1343 quam
860 1270 1081 1344 disputandum

100 1361 163 1415 est:
189 1354 304 1414 nullum
324 1352 435 1411 animal
456 1352 540 1411 alteri
557 1369 613 1428 par
635 1359 690 1412 est.
725 1351 926 1428 circumspice
947 1352 1081 1414 omnium

100 1452 248 1512 corporn=
268 1437 341 1496 nulli
362 1451 422 1494 non
439 1443 470 1495 et
484 1436 569 1496 color
591 1436 732 1511 proprius
753 1442 801 1495 est
822 1443 853 1496 et
866 1437 966 1511 figura
980 1453 1037 1496 sua
1052 1444 1081 1496 et

99 1521 287 1597 magnitudo.
314 1519 393 1579 inter
409 1525 519 1592 cetera,
534 1526 661 1594 propter
677 1535 757 1594 quae
772 1519 909 1580 mirabile
924 1520 1017 1579 divini
1032 1537 1079 1580 ar·
1091 1525 1123 1579 16

100 1605 190 1666 illicis
210 1604 364 1679 ingenium
380 1608 440 1676 est,
462 1602 521 1663 hoc
535 1619 660 1678 quoque
675 1603 830 1678 existimo3
855 1604 939 1678 quod
954 1604 983 1664 in
999 1612 1081 1666 tanta

101 1689 192 1764 copia
204 1703 304 1746 rerum
319 1702 485 1761 numquam
500 1687 530 1745 in
542 1688 623 1746 idem
638 1687 758 1747 incidit=
776 1687 865 1748 etiam
881 1703 961 1763 quae
972 1689 1082 1748 similia

100 1773 256 1845 videntur,
276 1788 343 1831 cum
365 1771 544 1845 contuleris,
565 1770 689 1831 diversa
703 1777 783 1831 sunt.
807 1778 852 1832 toi
872 1772 944 1832 lecit
967 1788 1082 1846 genera

101 1858 256 1918 loliorumz
281 1855 395 1914 nullum
416 1870 476 1914 non
499 1871 556 1915 sua
570 1855 756 1929 proprietate
771 1854 932 1930 signatum.
959 1863 1003 1917 tot
1017 1856 1079 1915 ani-

101 1941 204 2000 malia:
226 1939 337 1999 nullius
352 1941 450 2011 imago
464 1946 524 1999 tota
538 1955 608 1999 cum
622 1941 717 1999 altero
734 1940 889 2012 convenit,
906 1939 1011 2013 utique
1027 1939 1081 1999 ali-

102 2023 176 2099 quid
191 2024 325 2083 interest.
347 2022 448 2095 exegit
468 2038 486 2081 a
503 2038 546 2094 se,
563 2029 605 2095 ut,
623 2039 702 2096 quae
717 2022 776 2081 alia
791 2030 885 2095 erant,
902 2029 932 2082 et
947 2022 1079 2083 dissimi-

100 2107 140 2168 lia
150 2113 256 2167 essent
268 2113 298 2165 et
308 2103 440 2180 inparia:
457 2102 583 2165 virtutes
595 2122 712 2178 omnes,
728 2111 761 2164 ut
772 2106 882 2178 dicitis,
895 2122 987 2179 pares
999 2113 1079 2167 sunt.

99 2207 173 2266 ergo
195 2207 257 2250 non
279 2197 350 2250 sunt
371 2188 522 2248 animalia.
557 2189 677 2248 Nullum
693 2204 754 2249 non
772 2188 883 2248 animal
903 2205 1010 2263 perse
1027 2188 1122 2250 ali-17

102 2274 176 2351 quid
191 2275 266 2349 agii:
282 2274 378 2332 virtus
393 2280 494 2332 autem
510 2288 564 2346 per
580 2287 615 2332 se
626 2271 700 2332 nihil
711 2273 781 2345 agit,
797 2271 854 2331 sed
869 2288 936 2331 cum
948 2272 1081 2332 homine.

102 2357 209 2418 Omnia
224 2357 365 2416 animalia
380 2362 432 2415 aut
447 2354 606 2416 rationalia
620 2363 700 2429 sunt,
717 2361 751 2415 ut
763 2353 913 2429 homines,
928 2362 961 2414 ut
975 2355 1015 2422 di,
1031 2362 1082 2415 aut

100 2441 301 2513 irrationalia,
317 2448 350 2500 ut
365 2440 457 2513 serae,
471 2448 504 2500 ut
517 2456 646 2515 pecora=
664 2440 788 2499 virtutes
799 2440 905 2513 utique
917 2436 1081 2499 rationales

102 2533 183 2587 sunt.
205 2525 289 2600 atqui
311 2539 368 2583 neo
386 2523 525 2583 homines
540 2530 611 2583 suni
626 2540 683 2584 nec
697 2523 743 2582 di:
766 2539 840 2598 ergo
856 2538 919 2582 non
934 2528 1005 2582 suni
1017 2523 1080 2583 ani-

101 2611 200 2669 malia.
239 2608 334 2668 Omne
359 2609 505 2667 rationale
529 2607 640 2668 animal
665 2607 739 2667 nihil
763 2608 838 2682 agii,
865 2605 926 2667 nisi
949 2608 1079 2682 primum
1089 2606 1123 2660 18

103 2694 207 2769 specie
230 2692 357 2752 alicuius
378 2690 423 2750 rei
442 2691 592 2752 inritatum
613 2700 675 2765 est,
698 2691 809 2752 deinde
830 2691 975 2766 impetum
992 2693 1080 2767 cepit,

102 2776 213 2836 deinde
235 2776 380 2836 adsensio
403 2775 593 2836 confirmavit
613 2775 694 2836 hunc
710 2777 855 2851 inpetum.
884 2776 957 2851 quid
973 2776 1012 2836 sit
1030 2777 1081 2835 ad-

101 2860 216 2934 sensio,
229 2859 342 2919 dicam:
359 2866 478 2933 oportet
489 2875 537 2919 me
549 2860 720 2920 ambulare:
735 2867 806 2920 tunc
816 2861 936 2920 demum
949 2861 1079 2932 ambulo,

103 2958 172 3004 cum
194 2942 254 3004 hoc
274 2942 346 3002 mihi
367 2942 428 3001 dixi
448 2951 478 3003 et
497 2943 667 3018 adprobavi
681 2944 761 3004 hanc
776 2943 951 3019 opinionem
972 2961 1080 3004 meam.

102 3033 224 3104 oportet
244 3042 292 3086 me
313 3026 438 3087 sedere=
463 3034 534 3085 tune
557 3028 678 3086 demum
694 3027 789 3089 sedeo
813 3034 890 3100 [cum
904 3031 936 3086 in
950 3028 1006 3088 hoc
1019 3029 1081 3087 ad-

101 3114 200 3184 sensa}
235 3111 312 3170 haee
328 3109 473 3169 adsensio
490 3110 520 3168 in
535 3111 646 3170 virtute
661 3126 722 3169 non
739 3120 800 3170 est:
826 3118 900 3185 puta
915 3110 994 3168 enim
1010 3118 1123 3184 pru-19

102 3195 236 3256 dentiam
258 3210 346 3267 esse,
370 3193 525 3268 quomodo
540 3192 748 3253 adsentietur?
776 3200 897 3267 oportet
911 3208 961 3251 me
975 3194 1078 3253 ambu-

100 3279 186 3340 laret
200 3278 260 3338 hoc
271 3284 378 3337 natura
393 3292 453 3336 non
467 3275 585 3351 recipit.
600 3275 762 3351 prudentia
776 3276 854 3335 enim
867 3276 904 3347 ei,
922 3275 1009 3336 cuins
1023 3285 1079 3351 est,

101 3362 266 3439 prospicit,
287 3378 348 3422 non
364 3360 432 3420 sibi.
447 3376 515 3419 nam
532 3376 589 3420 nec
603 3361 758 3420 ambulare
772 3366 874 3436 potest
888 3374 945 3418 nec
960 3360 1080 3420 sedere.

102 3461 176 3522 ergo
189 3444 406 3508 adsensionem
422 3461 484 3504 non
499 3444 605 3507 habet:
622 3444 704 3520 quod
719 3443 937 3506 adsensionem
953 3459 1012 3502 non
1025 3443 1078 3504 ha-

102 3527 166 3604 bet,
181 3528 330 3591 rationale
344 3528 455 3589 animal
469 3545 532 3592 non
546 3537 603 3591 est.
635 3529 731 3590 virtus
746 3529 773 3590 si
787 3526 897 3590 animal
913 3534 977 3602 est„
988 3526 1078 3587 rano-

144 3632 247 3673 snmron
264 3634 332 3674 emt.
352 3618 396 3679 ΙΙΙ,
890 3619 932 3673 Ἃ
