2468 3930
125 213 187 279 116
411 215 444 274 L.
466 213 613 274 ANNAEI
635 211 810 274 SENECAE

125 364 222 442 quiin
237 364 387 442 piscinam
402 382 471 427 cum
486 367 600 441 ingenti
613 365 755 441 inpulsae
771 381 870 442 aquae
884 380 963 427 sono
977 363 1101 428 saliunt

124 457 247 527 praeter
260 449 353 522 istos,
375 467 519 526 quornm,
542 452 567 509 si
583 450 655 509 nihil
670 450 768 520 aliud,
790 457 895 510 rectae
908 464 1003 510 voces
1019 457 1102 521 snut,

125 533 260 609 alipilum
275 535 376 608 cogite
387 540 508 618 tenuem
524 541 553 592 et
568 533 725 594 stridulam
739 549 865 607 vocem,
882 549 943 609 quo
960 532 1000 594 sit
1015 540 1104 595 uota·

124 615 229 691 bilior,
247 616 379 678 subinde
393 618 612 693 exprimentem
628 632 685 677 nec
699 633 845 691 umquam
859 623 1025 689 tacentem,
1042 616 1105 677 nisi

126 703 199 762 dnm
212 702 297 762 vellit
312 703 376 762 alas
392 708 421 761 et
435 702 526 762 alium
544 717 601 776 pro
619 717 654 760 se
669 701 800 761 clamare
816 700 907 775 cogit
930 701 990 760 inm
1003 700 1102 770 liborii

125 786 227 846 varias
255 784 493 846 exclamationes
519 792 549 845 et
569 783 753 845 botularium
779 792 809 845 et
835 783 1050 845 crustularium
1072 790 1102 845 ei

127 885 234 931 omnes
258 872 438 944 popinarum
459 867 617 930 institores
631 883 763 928 mercem
784 884 842 928 suu
858 868 991 943 quadarn
1014 867 1103 927 etin-

97 952 238 1028 tsignita
257 953 464 1014 modulatione
485 953 664 1013 vendentes.
695 950 742 1024 „0
763 958 808 1024 te,
829 950 948 1026 inquis,
970 952 1105 1011 ferreum

128 1045 179 1097 aut
193 1036 334 1110 surdum,
350 1038 398 1098 cui
414 1053 500 1096 mens
516 1037 594 1096 inter
607 1043 652 1097 tot
667 1036 817 1095 clamores
831 1042 893 1094 tarn
909 1034 1027 1107 varios,
1041 1041 1102 1099 tam

128 1120 291 1195 dissonos,
307 1127 441 1192 constat,
458 1137 526 1181 curn
539 1121 745 1198 Chrysippum
757 1126 894 1179 nostrum
910 1117 1041 1179 adsiduo
1054 1133 1091 1180 sa

127 1206 231 1266 lutatio
252 1206 401 1280 perducat
423 1205 462 1264 ad
483 1208 640 1265 mortem.“
667 1205 708 1263 At
725 1202 914 1264 mehercules
937 1217 996 1275 ego
1012 1201 1103 1263 istum

129 1290 277 1349 tremitum
304 1306 365 1349 non
392 1289 488 1361 magis
515 1304 587 1349 curo
616 1303 707 1362 quam
729 1286 855 1347 fluctum
877 1291 929 1345 aut
951 1283 1102 1349 deiectum

128 1389 242 1447 aquae,
266 1371 405 1445 quamvis
423 1371 544 1430 audiam
566 1371 686 1432 cuidam
701 1369 784 1444 genti
798 1370 878 1429 hanc
893 1385 986 1430 unam
1005 1368 1103 1429 luisse

129 1472 253 1516 causam
267 1456 374 1514 urbem
386 1471 474 1515 suam
487 1455 707 1526 transferendi,
723 1455 807 1529 quod
819 1455 972 1528 fragorem
982 1452 1041 1513 Nili
1054 1468 1102 1513 ca·

98 1540 227 1598 edentis
244 1539 323 1597 lerre
338 1555 399 1598 non
421 1539 525 1612 potuit.
553 1539 651 1613 Magis
672 1537 744 1597 mihi
760 1555 821 1598 vox
835 1552 968 1598 avocare
985 1536 1103 1598 videtur

128 1638 219 1696 quam
233 1621 374 1696 crepitus.
387 1622 438 1680 illa
449 1623 529 1682 enim
540 1623 673 1682 animum
684 1620 873 1696 adducithio
884 1628 1000 1681 tantum
1013 1635 1103 1681 aures

128 1706 273 1780 inpletae
289 1705 438 1766 verberat.
468 1707 501 1765 ln
523 1706 588 1779 his,
612 1721 691 1780 quae
705 1721 754 1765 me
770 1707 837 1765 sine
852 1704 1032 1765 avocatione
1047 1700 1103 1765 cir-

129 1796 354 1863 cumstrepunt,
375 1789 503 1849 essedas
518 1797 762 1850 transcurrentes
778 1806 859 1864 pono
882 1796 912 1849 et
926 1788 1045 1848 labrum
1059 1787 1099 1847 in·

129 1873 277 1947 quilinum
291 1879 322 1931 et
337 1872 496 1934 terrarium
509 1874 659 1947 vicinum,
682 1880 734 1933 aut
747 1874 845 1947 hunc,
867 1872 920 1948 qni
939 1872 980 1931 ad
993 1871 1103 1931 Metam

130 1955 295 2016 Sudantem
310 1957 431 2017 tubulas
446 1957 601 2032 experitur
615 1964 645 2017 et
659 1955 764 2028 tibias,
781 1972 838 2016 nee
852 1961 967 2029 cantat,
983 1955 1040 2015 sed
1052 1970 1103 2014 ex·

129 2042 246 2099 clamat.
276 2040 446 2100 etiamnunc
469 2042 626 2101 molestior
646 2047 693 2101 est
712 2040 783 2100 mihi
804 2056 916 2114 sonus,
939 2037 993 2115 qui
1013 2036 1103 2099 inter·

99 2122 251 2183 omittitur
272 2125 403 2185 subinde
424 2141 514 2200 quam
537 2126 588 2200 qui
610 2125 809 2185 continuatur.
838 2124 900 2185 Sed
922 2123 979 2182 iam
995 2122 1104 2182 mesic

129 2208 168 2267 ad
189 2207 291 2267 omnia
311 2209 370 2269 ista
391 2208 512 2282 duravi,
535 2217 568 2269 ut
588 2207 695 2269 audire
714 2210 765 2268 vel
787 2208 964 2284 pausarium
986 2205 1105 2282 possim

128 2306 206 2352 voce
227 2291 426 2353 acerbissima
448 2293 614 2367 remigibus
639 2292 749 2352 modos
776 2292 908 2352 dantem.
941 2290 1103 2350 animum

129 2376 209 2435 enirn
234 2391 328 2451 cogo
356 2375 433 2437 sibi
456 2378 643 2437 intentum
666 2391 756 2436 esse
781 2391 850 2435 uec
874 2373 1033 2434 avocari
1057 2372 1104 2432 ad

128 2467 304 2519 externa:
334 2461 435 2520 omnia
460 2461 529 2520 licet
550 2458 626 2522 foris
646 2465 808 2534 resonent,
834 2461 906 2518 dum
928 2458 1010 2519 intus
1031 2455 1104 2516 nibil

127 2544 273 2604 tumultus
286 2545 338 2618 sit,
355 2546 426 2604 dum
438 2544 516 2603 inter
529 2560 563 2603 se
576 2551 637 2604 non
651 2544 789 2604 rixentur
799 2542 950 2618 cupiditas
962 2550 993 2603 et
1006 2541 1104 2613 timor,

128 2627 200 2685 dum
212 2626 338 2686 avaritia
349 2626 531 2703 luxuriaque
543 2643 604 2686 non
616 2626 786 2687 dissideant
800 2643 856 2686 nec
871 2627 967 2687 altera
980 2624 1106 2685 alterum

128 2717 229 2768 vexet.
259 2726 328 2767 nam
346 2710 437 2785 quid
462 2711 626 2785 prodest
645 2711 768 2772 totius
787 2709 962 2785 regionis
984 2708 1105 2769 silen-

129 2792 236 2864 tium,
259 2792 291 2851 si
314 2794 495 2854 adlectus
518 2795 707 2854 fremunt?
1048 2791 1050 2797 '

99 2880 117 2935 6
255 2875 360 2937 Omnia
374 2880 466 2938 nonus
479 2884 568 2938 crunt
574 2879 703 2954 placido
714 2884 857 2954 conpostn
871 2879 977 2953 puicu.

127 2959 251 3019 Falsum
265 2968 326 3019 est:
342 2962 424 3020 nulla
441 2963 560 3036 placida
574 2971 622 3022 est
637 2963 740 3038 quies,
756 2962 815 3022 nisi
833 2977 924 3036 quam
938 2958 1014 3020 ratio
1032 2973 1106 3019 con-

128 3042 247 3118 posuit:
262 3060 325 3104 nox
337 3045 460 3106 exhibet
470 3047 648 3120 molestiam,
663 3062 724 3105 non
736 3044 827 3116 tollit,
840 3051 870 3104 et
881 3041 1107 3104 sollicitudines

128 3134 232 3189 mutat.
255 3144 325 3187 nam
338 3129 550 3190 dormientium
565 3146 688 3205 quoque
700 3128 850 3189 insomnia
861 3135 921 3187 tam
933 3126 1108 3187 turbulenta

129 3219 201 3273 sunt
216 3228 307 3289 quam
323 3212 400 3274 dies.
421 3215 473 3274 illa
487 3214 687 3288 tranquillitas
703 3228 777 3272 vera
792 3220 852 3285 est,
869 3210 898 3271 in
917 3226 1009 3286 quarn
1022 3208 1108 3270 bona

99 3291 215 3357 imens
227 3298 408 3373 explicatur.
430 3296 568 3372 Adspice
580 3299 678 3371 illum,
693 3295 741 3357 cui
754 3311 881 3357 somnus
893 3296 983 3355 laxue
994 3295 1107 3355 domus

128 3379 249 3441 silentio
262 3381 430 3458 quaeritur,
443 3383 530 3442 cuius
543 3397 632 3441 aures
645 3397 684 3440 ne
699 3380 768 3456 quis
781 3380 873 3454 agitet
885 3395 991 3453 sonus,
1005 3374 1106 3438 omnis

128 3467 288 3525 terrorum
301 3466 390 3527 turba
405 3467 549 3528 conticuit
563 3473 593 3525 et
606 3480 793 3540 suspensum
808 3463 1021 3524 accedentium
1034 3476 1107 3537 pro·
