2468 3930
260 240 429 302 EPISTUL.
443 241 537 303 Mon.
558 243 631 303 LIB.
643 240 708 302 XV.
729 244 786 303 ΕΡ.
796 251 823 306 3.
845 249 916 318 (95.)
1018 243 1080 307 atil

100 402 183 469 tare,
207 410 268 455 non
284 393 418 454 vivere.“
460 394 529 454 Fuit
543 393 610 455 sine
626 394 734 475 dubio,
751 402 784 455 ut
798 396 914 469 dicitis,
929 404 1018 457 vetus
1033 397 1084 457 illa
1092 407 1124 461 14

101 477 255 555 sapientia
280 485 341 538 tum
365 480 497 538 maxime
521 494 655 538 nascens
675 478 761 538 rudis
785 496 846 540 non
868 480 968 540 minus
989 497 1082 556 quam

102 570 224 624 ceterae
240 567 337 636 artes,
361 578 492 636 quarum
511 562 541 621 in
563 578 714 636 processu
732 563 881 623 subtilitas
898 564 1003 626 crevit.
1026 565 1083 625 sed

101 662 141 706 ne
157 660 238 721 opus
254 645 378 722 quidem
399 642 500 706 adhuc
523 651 589 704 erat
610 646 753 705 remediis
776 647 978 721 diligentibus.
1006 664 1082 708 non·

102 730 176 790 dum
190 730 221 789 in
240 736 356 789 tantum
376 730 511 805 nequitia
531 737 706 789 surrexerat
720 745 777 788 nec
792 737 853 789 tam
867 731 927 790 late
943 748 978 793 se
994 749 1083 807 spar-

102 819 194 874 serat
223 808 364 895 poterant
378 812 458 873 vitiis
473 811 664 887 simplicibus
680 812 803 873 obstare
817 815 953 874 remedia
967 816 1082 891 simpli·

103 894 165 957 alaz
187 911 268 956 nunc
287 911 418 956 necesse
440 903 488 956 est
506 903 590 956 tanto
606 896 786 971 operosiora
802 913 873 956 esse
887 901 1083 973 munimenta,

103 976 230 1057 quanto
243 978 472 1044 vehementiora
497 987 583 1052 sunt,
612 981 723 1054 quibus
748 981 888 1055 petimur.
931 982 1125 1042 lllledicina15

102 1063 257 1140 quondam
274 1078 440 1137 paucarum
455 1064 511 1122 luit
526 1064 653 1123 scientia
667 1063 843 1137 herbarum,
867 1065 979 1139 quibus
995 1068 1086 1126 siste·

100 1154 186 1208 retur
205 1145 305 1206 fluens
328 1147 470 1222 sanguis,
496 1146 624 1206 volnera
644 1148 775 1208 coirent:
803 1148 948 1223 paulatim
971 1150 1084 1209 deinde

100 1233 132 1292 in
154 1230 235 1291 hanc
263 1232 403 1305 pervenit
430 1239 491 1291 tarn
515 1229 712 1304 multiplicem
736 1232 922 1292 varietatem.
953 1248 1011 1291 nec
1036 1239 1084 1293 est

100 1315 210 1376 lunum
224 1321 295 1374 tunc
310 1314 393 1374 illam
406 1315 506 1374 minus
522 1315 635 1388 negotii
647 1314 793 1375 habuisse
806 1316 901 1375 firmis
917 1315 1017 1375 adhuc
1032 1331 1083 1375 so·

100 1397 237 1473 lidisque
255 1399 437 1472 corporibus
459 1405 489 1458 et
508 1398 589 1458 laclli
604 1398 672 1457 cibo
689 1414 746 1459 nec
762 1414 818 1475 per
832 1406 926 1459 artem
943 1400 1077 1474 volupia·

99 1489 225 1557 temque
241 1488 405 1556 corrupto,'
417 1482 468 1557 qui
483 1488 647 1556 postquam
664 1483 765 1557 coepit
779 1498 840 1541 non
854 1484 894 1543 ad
908 1484 1083 1558 tollendam,

102 1565 161 1626 sed
182 1566 222 1625 ad
242 1566 423 1626 inritandam
446 1568 556 1625 tamem
577 1566 682 1640 quaeri
704 1572 736 1625 et
755 1566 896 1628 inventae
918 1568 989 1629 sunt
1004 1568 1084 1627 mille

101 1648 295 1723 conditurae,
318 1650 430 1725 quibus
445 1650 574 1709 aviditas
590 1650 788 1724 excitaretur,
810 1667 890 1726 quae
905 1652 1083 1712 desideran-

101 1731 183 1794 tibus
204 1733 347 1794 alimenta
367 1741 467 1807 erant,
495 1749 588 1794 onera
608 1740 679 1793 sunt
698 1734 809 1810 plenis.
852 1736 928 1794 Inde
943 1737 1042 1811 pallor
1056 1740 1127 1796 et16

101 1832 266 1878 nervorum
280 1815 351 1877 vino
366 1817 550 1877 madentium
569 1825 682 1878 tremor
701 1824 732 1878 et
745 1819 947 1880 miserabilior
961 1836 1002 1879 ex
1016 1836 1084 1879 cru·

102 1900 247 1961 ditatibus
268 1917 359 1976 quam
380 1917 419 1961 ex
441 1903 520 1960 tame
541 1900 665 1962 macies.
697 1903 768 1961 inde
788 1903 896 1964 incerti
919 1903 1082 1964 labantium

102 1985 201 2060 pedes
216 1992 247 2046 et
262 2001 385 2059 semper
401 1985 499 2059 qualis
515 1983 546 2044 in
561 1985 632 2060 ipsa
642 1985 786 2046 ebrietate
801 1988 949 2054 titubatio.
971 1987 1042 2047 inde
1052 1986 1083 2046 in

101 2075 197 2129 totum
216 2074 314 2128 cutem
329 2068 438 2128 humor
454 2063 608 2129 admissus
630 2070 844 2145 distentusque
865 2080 985 2146 venter,
1011 2072 1084 2131 dum

101 2154 182 2214 male
197 2152 353 2213 adsuescit
371 2155 442 2229 plus
463 2168 575 2227 capere
595 2170 687 2227 quam
708 2159 836 2229 poterat.
856 2155 928 2234 inde
943 2154 1083 2214 subtusio

100 2236 219 2296 luridae
240 2237 310 2297 bilis
331 2243 361 2296 et
382 2237 507 2296 decolor
527 2237 629 2297 voltus
643 2237 794 2311 tabesque
809 2238 839 2296 in
855 2254 889 2297 se
906 2245 1084 2311 putrescen-

100 2319 175 2380 tium
198 2327 229 2381 et
248 2321 389 2380 retorridi
410 2321 495 2394 digiti
523 2318 657 2380 articulis
684 2319 947 2393 obrigescentibus
974 2337 1084 2380 nervo-

100 2418 232 2478 rumque
254 2405 320 2464 sine
341 2420 437 2464 sensu
457 2404 620 2463 iacentium
640 2411 747 2479 torpor
765 2412 817 2463 aut
831 2404 988 2480 palpitatio
1005 2411 1083 2477 [cor-

101 2494 223 2563 porum]
246 2486 312 2547 sine
333 2487 558 2548 intermissione
580 2488 770 2547 vibrantium.
800 2489 873 2562 quid
894 2487 1002 2561 capitis
1017 2503 1085 2546 ver·
1095 2490 1126 2547 17

100 2571 211 2646 tigiues
236 2570 354 2632 dicamt
391 2572 465 2647 quid
491 2572 648 2633 oculorum
676 2574 857 2646 auriumque
880 2579 1030 2632 tormenta
1055 2578 1086 2633 et

101 2655 219 2716 cerebri
233 2656 400 2716 aestuantis
414 2655 650 2717 verminationes
669 2663 699 2717 et
712 2656 827 2731 omnia,
843 2672 900 2731 per
915 2671 995 2730 quae
1010 2671 1084 2716 exo-

101 2753 258 2813 neramur,
276 2739 401 2799 internis
416 2740 570 2800 ulceribus
585 2741 727 2800 adfectat
749 2740 979 2801 innumerabilia
994 2756 1083 2816 prae·

100 2829 186 2885 terea
200 2822 329 2883 febrium
341 2840 464 2898 genera,
479 2824 605 2884 aliarum
616 2825 721 2900 inpetu
733 2826 941 2897 saevientium,
957 2825 1084 2885 aliarum

100 2906 185 2969 tenui
209 2914 297 2981 peste
323 2908 507 2982 repentium,
534 2906 660 2969 aliarum
688 2926 757 2969 eum
780 2909 909 2970 horrore
936 2916 966 2970 et
990 2911 1084 2970 multa

101 2990 309 3058 membrorum
325 2992 523 3065 quassatione
537 2993 742 3054 venientium?
770 2993 848 3067 Quid
863 2994 941 3054 alios
954 2995 1084 3053 releram
1094 2995 1127 3050 18

100 3073 339 3135 innumerabiles
353 3075 488 3149 morbos,
505 3077 657 3152 supplicia
667 3078 827 3137 luxuriam
847 3078 987 3137 inmunes
999 3083 1085 3136 erant

100 3155 140 3218 ab
155 3158 223 3220 istis
237 3159 342 3233 malis,
364 3161 416 3235 qui
429 3159 565 3220 nondum
581 3177 616 3220 se
631 3159 748 3221 deliciis
764 3162 932 3232 solverant,
959 3159 1012 3235 qui
1026 3159 1084 3219 sibi

101 3241 309 3319 imperabant,
337 3243 395 3305 sibi
417 3243 637 3304 ministrabant.
670 3260 802 3318 corpora
826 3259 921 3319 opere
946 3258 983 3303 ac
1008 3257 1083 3303 vero

100 3326 208 3388 labore
223 3325 374 3388 durabant
388 3335 439 3388 aut
453 3344 546 3389 cursu
560 3328 714 3402 defatigati
728 3336 779 3387 aut
792 3335 902 3388 venatu
914 3333 967 3387 aut
976 3328 1084 3386 tellure

103 3417 235 3472 versata.
258 3412 431 3486 excipiebat
445 3413 513 3473 illos
530 3413 632 3485 cibus,
655 3413 706 3487 qul
722 3412 780 3472 nisi
798 3410 1002 3472 esurientibus
1017 3413 1081 3488 plo·

102 3509 175 3557 cere
188 3510 252 3556 nou
267 3501 384 3571 posset
404 3497 509 3572 itaque
524 3495 598 3557 nihil
614 3512 693 3573 opus
709 3503 774 3558 erat
787 3504 849 3558 tam
864 3511 975 3572 magna
988 3496 1083 3557 medi-
