2468 3930
141 241 182 305 10
428 241 462 301 L.
484 240 630 301 ANNAEl
653 240 827 301 SENECAE

140 409 215 468 rnur,
236 392 293 453 scd
314 388 514 466 cogitationes
530 390 560 449 in
575 391 741 465 longinqua
756 391 983 464 praemittimus.
1010 393 1115 468 itaque

141 474 348 553 providentia,
369 475 532 534 maximum
552 474 665 533 bonum
686 473 875 534 condicionis
896 474 1060 551 humanae,
1083 478 1113 537 in

110 561 251 624 limatum
266 574 358 618 versa
375 565 432 618 est.
466 557 563 617 Ferae
577 557 727 633 pericula,
749 572 829 632 quae
845 557 962 632 vident,
986 560 1114 634 tugiunt

139 658 207 703 cum
229 642 379 717 effugere,
402 655 531 700 securae
549 649 636 702 sunt=
657 657 715 700 nos
731 647 762 700 et
776 641 876 701 futuro
890 648 1070 717 torquemur
1085 652 1115 705 et

140 727 311 801 praeterito.
331 724 435 785 *Multa
448 723 529 784 bona
539 730 645 783 nostra
655 724 744 785 nobis
757 730 883 783 nocent=
905 725 1022 785 timoris
1034 728 1114 786 eninr

138 816 319 870 tormentum
333 807 479 868 memoria
489 807 619 879 reducit,
635 807 828 882 providentia
839 807 993 884 anticipat.
1017 811 1112 871 Nemo

138 899 253 954 tantum
270 891 484 967 praesentibus
498 890 591 949 miser
605 899 661 952 est.
698 891 786 951 Vale.

478 1027 695 1086 EPISTULA
720 1028 768 1084 Vl.

387 1123 498 1175 sunnon
516 1125 628 1175 Lucruo
647 1133 699 1172 suo
720 1133 859 1173 sanorum.

110 1231 124 1283 1
198 1225 360 1301 Intellego,
377 1225 488 1300 Lucili,
503 1241 565 1286 non
578 1223 734 1285 emendari
745 1232 928 1298 meantum,
947 1225 1111 1307 sedtrans·

137 1309 269 1385 figurari.
291 1324 349 1369 nec
363 1308 423 1370 boc
437 1309 577 1384 promitto
592 1307 652 1368 iam
667 1315 719 1367 aut
732 1325 841 1383 spero,
863 1307 938 1368 nihil
951 1305 981 1368 in
997 1323 1046 1368 me
1061 1325 1112 1370 su·

139 1407 280 1466 parasse,
300 1392 383 1466 quod
396 1392 572 1452 mutandum
584 1393 631 1450 sit.
653 1391 758 1466 quidni
769 1391 1016 1464 multahabeam,
1033 1405 1113 1466 quae

139 1475 271 1534 debeant
292 1473 419 1549 corrigi,
447 1490 526 1550 quac
546 1475 718 1546 extenuari,
746 1491 826 1550 quae
850 1475 968 1536 attollit
1003 1483 1034 1535 et
1053 1476 1112 1535 hoc

138 1558 239 1633 ipsum
254 1564 462 1632 argumentum
473 1564 522 1617 cst
535 1558 564 1616 in
579 1559 686 1618 melius
700 1560 837 1620 translati
852 1558 957 1631 animi,
973 1559 1057 1632 quod
1069 1559 1111 1618 vi·

138 1639 179 1701 tia
194 1657 266 1713 sua,
283 1656 363 1715 quae
377 1641 479 1701 adbuc
493 1641 666 1715 ignorabat,
682 1642 774 1703 videt.
808 1641 995 1717 Quibusdam
1009 1642 1111 1716 aegris

110 1723 297 1799 agratulatio
319 1724 366 1796 nt,
389 1739 457 1784 cum
478 1724 538 1798 ipsi
558 1739 668 1800 aegros
691 1740 726 1786 se
747 1741 820 1786 esse
837 1730 1009 1785 senscrunt.
1043 1726 1111 1786 cu-

139 1823 266 1882 penem
288 1806 392 1882 itaque
410 1816 534 1868 tecum
555 1809 838 1870 communicare
856 1816 928 1870 tam
946 1807 1111 1869 subitam

138 1891 384 1951 mutationem
409 1892 499 1951 meix
532 1897 604 1952 tunc
628 1891 777 1952 amicitiae
803 1900 927 1953 nostrae
952 1890 1111 1952 certiorem

137 1974 279 2034 fiduciam
293 1973 407 2034 habere
421 1975 610 2050 coepissem,
624 1975 705 2036 illius
719 1990 826 2048 verae,
845 1991 937 2050 quam
949 1989 1012 2034 non
1024 1990 1108 2050 spes,

137 2073 197 2117 non
208 2055 306 2130 timor,
322 2074 382 2117 non
395 2059 528 2119 utilitatis
541 2074 616 2119 suae
628 2075 701 2119 cura
712 2058 841 2131 divellit,
857 2059 953 2132 iltiuS,
969 2074 1037 2119 cum
1049 2072 1111 2134 qua

108 2140 274 2201 abomines
290 2143 466 2216 moriuntur,
485 2158 541 2217 pro
554 2158 615 2218 qua
624 2142 802 2203 moriuntur.
829 2142 941 2203 Multos
953 2140 1007 2201 tibi
1018 2141 1109 2216 dabo,

138 2224 189 2299 qui
210 2240 271 2284 non
293 2224 407 2299 amico,
435 2226 492 2285 sed
513 2224 644 2287 amicitia
659 2233 830 2286 caruerunt.
857 2226 918 2286 hoc
931 2242 993 2287 non
1008 2232 1111 2301 potest

137 2307 292 2381 accidere,
309 2326 378 2370 cum
392 2308 512 2370 animos
526 2308 556 2370 in
569 2309 747 2370 societatem
757 2310 886 2369 honesta
897 2307 1043 2384 cupiendi
1055 2325 1111 2384 par

134 2392 277 2453 voluntas
297 2392 396 2454 trahit.
430 2392 535 2468 quidni
557 2409 618 2454 non
640 2393 764 2469 possiti
796 2393 897 2453 sciunt
917 2393 998 2452 enim
1021 2393 1109 2467 ipsos

136 2474 236 2536 omnia
251 2476 365 2536 habere
380 2477 566 2550 communia,
580 2484 611 2537 et
625 2476 748 2551 quidem
759 2475 857 2551 magis
869 2476 1010 2538 adversa.
1032 2475 1109 2536 Con-

135 2560 238 2633 cipere
256 2560 355 2619 animo
377 2575 437 2618 non
455 2566 558 2633 potes,
582 2566 727 2634 quantum
746 2560 889 2620 momenti
903 2559 1023 2619 adferre
1037 2557 1109 2619 mibi

105 2643 274 2717 esingutos
286 2642 353 2701 dies
365 2642 495 2701 videam.
527 2641 644 2716 „Mitte‚
661 2642 777 2717 inquis,
794 2650 824 2703 et
838 2641 928 2704 nobis
940 2644 1013 2716 ista,
1029 2657 1110 2718 quae

134 2734 195 2785 tam
216 2724 355 2784 efficacia
375 2732 520 2799 expertus
542 2729 609 2786 es.“
649 2726 715 2800 Ego
731 2741 804 2786 vero
820 2727 921 2786 omnia
936 2725 1018 2800 [isto]
1033 2726 1064 2786 in
1080 2733 1109 2786 te

135 2808 225 2882 cupio
239 2807 468 2882 transfundere,
488 2816 519 2869 et
534 2809 564 2867 in
579 2808 638 2870 hoc
654 2808 768 2885 aliquid
782 2811 903 2885 gaudeo
918 2810 1054 2882 discere,
1076 2816 1110 2869 ut

135 2891 272 2950 doceam.
304 2905 362 2951 nec
380 2906 429 2950 me
447 2893 508 2952 utta
527 2908 578 2953 res
600 2892 775 2968 delectabit,
802 2893 872 2953 ticet
892 2892 932 2953 sit
951 2891 1064 2953 eximia
1080 2899 1110 2952 et

134 2974 290 3049 salutaris,
320 2991 410 3049 quam
430 2975 502 3035 mihi
525 2975 579 3037 uni
600 2977 731 3037 sciturus
746 2993 824 3036 sum.
857 2977 884 3037 si
898 2992 967 3036 cum
981 2976 1039 3036 bac
1056 2991 1108 3035 cx-

134 3057 275 3132 ceptione
295 3058 383 3119 detur
403 3058 568 3136 sapientia,
595 3066 628 3120 ut
649 3061 729 3119 illum
748 3060 896 3120 inclusam
917 3067 1037 3120 teneam
1051 3073 1110 3119 nec

133 3143 300 3216 enuntiem,
318 3143 452 3202 reiciam.
484 3142 601 3202 Nullius
616 3141 690 3204 boni
705 3143 772 3203 sine
787 3144 873 3204 socio
887 3143 1022 3205 iucunda
1036 3159 1109 3217 pos·

103 3225 232 3286 osessio
249 3233 304 3287 est.
337 3226 451 3287 Mittam
467 3225 571 3300 itaque
584 3227 672 3301 ipsos
686 3226 739 3287 tibi
753 3227 864 3287 librosc
887 3235 917 3288 et
930 3242 970 3287 ne
984 3227 1108 3290 multum

133 3324 247 3384 operae
267 3310 434 3385 inpendas,
455 3310 527 3370 dum
551 3311 666 3384 passim
680 3311 838 3385 protutura
853 3310 996 3384 sectaris,
1020 3310 1109 3386 inpo-

133 3407 201 3452 nam
224 3401 328 3466 notas‚
356 3400 390 3455 ut
409 3393 449 3453 ad
470 3394 539 3467 ipsa
558 3393 711 3468 protinus,
739 3409 818 3468 quae
838 3393 935 3471 probo
956 3401 986 3454 et
1005 3392 1108 3466 miror,

133 3477 273 3538 accedas.
307 3477 381 3540 Plus
401 3484 500 3537 tamen
521 3476 574 3536 tibi
594 3485 625 3540 ct
640 3477 709 3537 viva
724 3493 786 3536 vox
800 3485 830 3538 ct
844 3478 1003 3539 convictus
1018 3493 1111 3554 quam
