2468 3930
138 216 159 276 4
396 213 427 270 L.
448 211 594 271 ANNAEI
614 209 789 271 SENECAE

136 377 167 431 et
185 365 458 445 quemadmodum,
475 363 583 436 dicam.
614 378 724 423 causas
740 362 929 438 paupertatis
941 377 1028 423 meae
1042 361 1113 422 red·

137 453 217 512 dam.
249 450 312 510 Sed
328 449 428 508 evenit
444 446 531 521 mihi,
552 445 636 522 qnod
656 445 815 521 plerisque
835 462 897 507 non
912 462 968 506 suo
984 443 1057 506 vitio
1072 445 1114 506 ad

106 541 122 595 5
137 535 272 610 inopiam
283 533 431 592 redactis=
447 545 552 592 omnes
564 530 742 604 ignoscunt,
756 544 845 590 nemo
859 531 1017 589 succurrit.
1034 529 1114 604 Quid

137 634 211 694 ergo
236 623 305 676 cstt
334 632 396 676 non
416 624 491 691 puto
515 628 696 689 pauperem,
724 614 771 672 cui
800 614 1114 689 quantulumcumque

137 708 294 777 superest,
321 706 369 761 sat
388 705 450 759 este
483 705 516 758 tu
538 704 639 757 tamen
658 696 737 756 maio
759 711 865 756 serves
886 705 953 771 tua,
977 706 1007 758 et
1027 697 1112 758 bono
1134 759 1136 762 .

136 791 275 860 tempore
294 783 432 857 incipies.
464 796 535 841 nam
560 787 593 841 nt
614 779 713 839 visum
734 786 781 839 cst
799 780 966 840 maioribus
989 780 1113 854 nostris,

137 883 207 928 sera
220 866 407 943 parsimonia
421 865 451 924 in
467 864 561 924 fundo
572 871 629 924 est.
651 879 712 924 non
728 863 808 922 enim
824 870 940 924 tantum
957 863 1114 925 minimum

136 951 166 1011 in
183 951 259 1026 imo,
276 951 331 1010 scd
347 948 514 1025 pessimum
529 955 674 1007 remanet.
695 947 783 1006 Vate.

494 1101 710 1158 EPISTULA
730 1102 764 1159 il.

400 1194 511 1246 Sennea
528 1196 639 1246 Lucum
659 1206 710 1245 suo
730 1205 870 1246 saturnu.

107 1302 119 1353 t
195 1293 242 1352 Ex
263 1292 311 1352 his
335 1308 414 1367 quae
435 1292 508 1351 mihi
523 1292 647 1364 scribis,
668 1299 698 1351 et
713 1305 752 1349 ex
766 1289 814 1350 his
831 1305 911 1366 qnae
928 1289 1037 1365 audio,
1058 1289 1113 1351 bo-

135 1392 204 1437 nam
219 1391 308 1450 spem
320 1375 400 1435 dete
415 1376 566 1449 concipio.
587 1375 654 1434 Non
667 1373 813 1434 discurris
826 1388 884 1433 nec
895 1373 1034 1435 locorum
1047 1390 1113 1434 mu·

134 1457 301 1519 tationibus
322 1457 510 1532 inquietaris.
545 1458 628 1531 aegri
643 1455 735 1516 animi
749 1458 808 1517 ista
822 1456 944 1519 iactatio
961 1465 1018 1518 est.
1052 1459 1113 1533 pri·

135 1557 216 1601 mum
244 1547 455 1616 argumentum
484 1541 665 1616 conpositae
691 1539 800 1601 mentis
825 1541 983 1616 existimo,
1016 1556 1114 1616 posse

104 1634 121 1685 2
137 1625 308 1686 consistere
323 1631 354 1684 et
369 1639 473 1685 secum
488 1625 609 1685 morari.
632 1623 710 1684 illud
727 1632 828 1684 autem
847 1623 953 1700 vide,
976 1640 1021 1684 ne
1036 1625 1114 1687 ista

135 1709 257 1769 lectio
288 1715 488 1768 auctorum
515 1709 719 1768 multorum
747 1715 783 1768 et
807 1709 929 1768 omnis
954 1711 1113 1783 generis

134 1789 1112 1866 voluminumhabeataliquidvagumetinstabile=

136 1875 227 1936 certis
249 1876 379 1950 ingeniis
400 1875 543 1935 inmorari
562 1883 593 1935 ct
612 1875 751 1936 innutriri
766 1882 901 1950 oportet,
924 1875 951 1936 si
965 1876 1043 1937 velis
1058 1877 1112 1936 ali-

136 1959 210 2035 quid
225 1958 362 2031 trahere,
383 1959 467 2032 quod
487 1957 518 2018 in
540 1958 641 2020 animo
661 1958 792 2020 fideliter
806 1960 922 2020 sedeat
952 1959 1112 2035 Nusquam

135 2051 183 2103 est
204 2043 256 2118 qui
270 2041 386 2118 ubique
407 2049 464 2103 est.
496 2042 598 2104 Vitam
613 2044 643 2102 in
658 2041 905 2118 peregrinatione
919 2043 1112 2118 exigentibus

134 2127 194 2187 hoc
216 2127 331 2197 evenit,
354 2133 388 2186 ut
407 2127 501 2187 multa
515 2127 650 2202 hospitia
664 2125 810 2200 habeant,
832 2128 931 2188 nutias
949 2127 1111 2188 amicitias.

135 2209 215 2270 idem
237 2210 357 2271 accidat
375 2225 505 2271 necesse
526 2216 574 2271 est
596 2210 661 2283 his,
685 2211 736 2285 qui
751 2211 863 2272 nultius
879 2226 914 2272 sc
928 2209 1052 2286 ingenio
1067 2212 1111 2271 fa·

134 2294 287 2354 miliariter
311 2293 479 2370 adplicant,
506 2295 563 2355 sed
590 2295 692 2356 omnia
719 2295 831 2355 cursim
857 2301 888 2356 et
908 2303 1111 2370 properantes

102 2377 120 2431 3
134 2378 346 2438 transmittunt.
373 2378 440 2438 Non
456 2378 584 2453 prodest
598 2379 685 2438 cibus
701 2394 759 2437 nec
772 2380 895 2454 corpori
911 2379 1042 2454 accedit,
1059 2379 1113 2454 qni

33 2486 36 2490 ·
134 2463 234 2522 statim
255 2467 396 2537 sumptus
417 2462 568 2522 emittitur.
600 2461 672 2521 nihit
695 2479 794 2537 acque
816 2465 974 2524 sanitatem
994 2461 1114 2539 inpedit

135 2561 226 2621 quam
245 2546 451 2606 remediorum
472 2545 580 2604 crebra
600 2546 734 2606 mutatio.
767 2563 827 2607 non
849 2546 932 2608 venit
946 2548 1056 2607 volnus
1070 2545 1112 2606 ad

133 2627 320 2700 cicatricem,
341 2629 373 2687 in
388 2644 450 2702 quo
464 2628 686 2690 medicamenta
699 2636 891 2705 temptantur.
921 2647 981 2693 non
998 2646 1112 2691 conva-

132 2712 221 2772 lescit
235 2714 352 2786 planta,
375 2725 456 2785 quae
476 2725 572 2786 saepe
585 2713 775 2774 transfertur.
804 2713 877 2775 nihil
893 2722 953 2790 tam
966 2715 1039 2775 utile
1053 2719 1110 2787 est,

132 2803 165 2855 ut
184 2794 216 2855 in
239 2793 369 2854 transitu
390 2793 502 2869 prosit=
525 2794 677 2872 distringit
695 2797 840 2860 librorum
860 2799 1029 2860 midtitudo.
1056 2797 1109 2856 ita-

133 2894 195 2953 que
212 2893 281 2937 cum
295 2879 398 2951 legere
413 2894 476 2938 non
490 2879 611 2954 possis,
634 2888 780 2956 quantum
795 2881 956 2956 habueris,
973 2881 1047 2943 satis
1063 2887 1112 2942 cst

103 2966 119 3019 i
132 2961 262 3032 habere,
276 2967 420 3035 quantum
433 2962 528 3037 legas.
556 3009 575 3038 „
584 2963 648 3024 Sed
658 2965 766 3039 modo,
779 2966 895 3041 inquis,
908 2966 989 3027 hunc
999 2964 1112 3026 librum

132 3045 276 3105 evolvere
296 3047 382 3119 voto,
408 3047 500 3108 modo
523 3048 635 3108 iilum.“
669 3047 865 3111 Fastidientis
887 3049 1037 3112 stomachi
1063 3057 1113 3110 est

132 3128 226 3188 muita
240 3128 418 3206 degustare,
440 3147 520 3206 quae
540 3131 593 3191 nbi
613 3131 699 3191 varia
719 3142 791 3194 sunt
804 3142 835 3195 et
848 3133 988 3208 diversa,
1011 3133 1111 3209 inqui-

131 3219 218 3286 nant,
244 3229 305 3273 non
331 3216 423 3277 alunt.
466 3214 615 3276 Probatos
641 3213 744 3292 itaque
770 3234 893 3294 semper
918 3220 1002 3294 lege,
1030 3217 1112 3279 etsi

132 3296 256 3369 quando
270 3297 310 3358 ad
324 3299 402 3361 alios
418 3296 525 3359 diverti
540 3299 673 3375 libuerit,
696 3301 736 3361 ad
749 3302 869 3376 priores
884 3303 966 3363 redi=
993 3300 1112 3378 aliquid

131 3379 242 3441 cotidie
261 3382 412 3444 adversus
432 3389 658 3458 paupertatem,
681 3384 796 3460 aliquid
815 3386 966 3448 adversus
981 3392 1110 3447 mortem

131 3464 233 3524 anxilii
254 3481 405 3542 conpara,
425 3482 483 3527 nec
503 3465 603 3528 minus
625 3467 776 3530 adversus
790 3477 908 3532 ceteras
927 3478 1043 3547 pestes.
1081 3479 1111 3532 et
