2468 3930
241 232 409 293 EPISTUL.
423 231 518 294 MOR.
540 232 613 293 LlB.
623 232 704 293 v111.
724 233 781 292 ΕΡ.
793 244 818 294 1.
839 238 910 309 (70.)
1014 233 1074 298 lot

100 386 287 448 neminem
301 390 418 444 tenet.
460 383 548 444 Bono
564 384 633 445 loco
649 401 700 445 res
716 384 869 446 humanae
882 396 966 462 sunt,
991 391 1075 464 quod

99 485 191 533 nemo
207 467 267 530 nisi
281 467 355 527 vitio
369 482 428 527 suo
443 467 537 527 miser
551 475 608 528 est.
626 467 744 529 Placet=
764 467 845 529 vive.
880 486 942 531 non
960 473 1073 547 placet:

98 554 172 615 licet
185 568 223 612 co
237 551 366 623 reverti,
388 549 471 610 unde
491 550 611 611 venisti·
646 550 687 611 Ut
706 552 844 614 dolorem
866 556 974 629 capitis
991 558 1114 618 leva-16

99 652 166 710 res,
190 632 373 710 sanguinem
388 634 617 708 saepemisisti.
660 634 700 693 ad
714 638 939 697 extenuandum
962 655 1074 716 corpus

98 734 180 780 vena
201 717 378 794 percutitur.
421 732 483 777 non
503 731 583 792 opus
603 724 652 777 est
675 726 764 778 vasto
787 721 913 780 volnere
937 722 1074 784 dividere

100 801 299 880 praecordia:
323 800 470 874 scalpello
485 801 620 876 aperitur
641 800 681 859 ad
702 802 781 861 illam
798 819 939 879 magnam
953 805 1070 868 liberta·

101 895 161 948 tern
174 886 226 945 via
240 891 271 946 et
282 891 397 959 puncto
412 883 561 944 securitas
577 888 705 944 constat.
736 884 813 957 Quid
830 902 902 960 ergo
918 896 973 963 est,
990 890 1074 964 quod

100 985 159 1031 nos
174 968 247 1028 iacit
261 967 366 1043 pigros
381 967 580 1043 inertesque?
599 982 690 1027 nemo
705 975 841 1027 nostrum
857 972 968 1045 cogitat
978 990 1073 1048 quan·

101 1054 206 1129 doque
220 1050 279 1111 sibi
300 1066 338 1111 ex
352 1050 413 1111 hoc
428 1051 582 1110 domicilio
602 1051 792 1110 exeundum=
822 1051 867 1112 sic
886 1061 1006 1115 veteres
1029 1057 1073 1114 in·

102 1137 236 1212 quilinos
255 1132 444 1209 indulgentia
462 1133 523 1195 loci
544 1140 574 1193 et
590 1136 780 1194 consuetudo
796 1136 886 1196 etiam
906 1136 983 1196 inter
997 1138 1068 1199 iniu-

99 1222 162 1283 rias
179 1218 301 1279 detinet.
344 1218 402 1278 Vis
423 1217 574 1278 adversus
593 1217 653 1277 hoo
669 1232 783 1292 corpus
799 1217 875 1278 liber
890 1227 982 1279 esset
1000 1227 1074 1281 tam-
1081 1228 1114 1284 17

101 1319 192 1382 quam
213 1301 395 1376 migraturus
414 1301 526 1361 habita.
570 1316 712 1376 propone
736 1301 790 1362 tibi
811 1303 999 1378 quandoque
1015 1303 1075 1365 hoe

101 1385 301 1449 coutubernio
317 1383 496 1445 carendum=
519 1385 626 1445 fortior
640 1383 701 1445 eris
718 1385 756 1444 ad
773 1387 987 1447 necessitatem
1001 1403 1074 1448 exe·

101 1470 185 1533 undi.
230 1469 287 1530 sed
308 1466 565 1544 quemadmodum
586 1484 662 1528 suus
681 1469 752 1528 linis
772 1468 875 1529 veniet
893 1470 925 1529 in
943 1479 1075 1532 mentem

101 1555 205 1617 omnia
218 1553 287 1613 sine
300 1551 363 1612 tine
377 1550 689 1627 concupiscentibus?
708 1552 863 1613 Nullius
880 1553 937 1613 rei
958 1556 1117 1616 medi-18

100 1639 197 1700 tatio
218 1643 292 1696 tam
313 1635 546 1695 necessaria
566 1641 635 1696 est.
668 1636 727 1695 alia
745 1636 826 1695 enim
841 1638 973 1698 fortasse
987 1644 1073 1698 exer·

101 1727 209 1783 centur
221 1720 252 1779 in
269 1733 503 1794 supervacuum.
547 1718 697 1779 adversus
718 1727 928 1795 paupertatem
944 1736 1073 1797 praepa-

101 1813 185 1866 ratus
206 1809 256 1864 est
274 1803 407 1863 animust
430 1817 627 1877 permansere
647 1803 779 1863 divitiae.
815 1804 854 1863 ad
870 1811 1074 1880 contemptum

101 1904 160 1952 nos
175 1884 293 1948 doloris
314 1886 512 1946 armavimus=
534 1902 701 1960 numquam
723 1903 742 1946 a
760 1887 850 1948 nobis
867 1889 969 1963 exegit
982 1888 1074 1949 huius

100 1972 220 2034 virtutis
244 1971 484 2046 experimentum
504 1969 611 2044 integri
631 1985 667 2030 ac
689 1971 755 2030 sani
775 1970 902 2032 felicitas
923 1972 1073 2048 corporis.

100 2062 136 2118 ut
154 2054 271 2116 fortiter
287 2054 470 2114 amissorum
493 2059 665 2128 pateremur
687 2053 841 2114 desideria
860 2055 1073 2131 praecepimus

102 2138 209 2200 nobisz
230 2153 353 2212 omnes,
377 2152 456 2212 quos
472 2137 663 2210 amabamus,
680 2138 861 2213 superstites
876 2139 997 2199 fortuna
1009 2155 1073 2199 ser-

102 2220 203 2284 varin
224 2220 316 2281 huius
330 2221 420 2280 unius
435 2221 479 2280 rei
494 2236 584 2281 usum
601 2221 653 2295 qui
666 2222 769 2295 exigat
783 2221 850 2280 dies
865 2221 974 2281 veniet.
995 2223 1116 2285 Non19

102 2313 163 2368 est
187 2305 290 2382 quod
312 2305 518 2366 existimes
538 2303 685 2378 magnis
711 2310 858 2363 tantum
880 2303 978 2364 viris
1004 2305 1075 2364 hoc

103 2389 225 2452 robur
250 2389 392 2462 fuisse,
424 2404 497 2464 quo
525 2387 729 2448 servitutis
754 2388 943 2447 humanae
969 2389 1075 2448 clau-

103 2479 187 2535 stra
201 2480 506 2551 perrumperent.
550 2488 611 2533 non
633 2477 681 2531 est
698 2472 782 2546 quod
797 2468 915 2530 iudices
935 2469 995 2530 hoc
1009 2469 1075 2529 lieri

103 2559 163 2618 nisi
183 2573 203 2616 e
222 2556 337 2617 catone
356 2571 418 2616 non
438 2570 548 2631 posse,
572 2555 624 2631 qui
644 2571 734 2629 quarn
755 2556 836 2614 ferro
857 2569 919 2614 non
934 2555 1076 2614 emiserat

103 2640 236 2702 animam
249 2655 342 2701 manu
355 2639 504 2698 extraxit:
525 2644 617 2712 [cum]
632 2638 851 2700 vilissimae
873 2637 1073 2698 sortisho-

103 2725 227 2784 mines
263 2723 413 2798 ingenti
455 2721 592 2798 inpetu
627 2724 663 2782 in
698 2730 818 2785 tutum
851 2729 1074 2795 evaserunt,

104 2822 270 2882 cumque
284 2806 483 2867 commodo
498 2807 594 2867 mori
609 2823 682 2867 non
700 2806 885 2868 licuisset
902 2821 959 2866 nec
974 2807 1013 2866 ad
1027 2821 1074 2864 ar-

103 2889 228 2952 bitrium
242 2907 332 2950 suurn
345 2890 546 2950 instrumenta
560 2890 666 2951 mortis
682 2892 808 2967 eligere,
830 2890 944 2951 obvia
959 2904 1074 2965 quae·

104 2980 407 3051 querapuerunt
420 2981 457 3034 et
471 2989 568 3048 quae
587 2981 725 3035 natura
738 2990 813 3035 non
830 2973 1074 3045 erantnoxia‚

102 3058 142 3117 vi
166 3073 236 3118 sue
254 3059 334 3118 tela
359 3058 549 3119 iecerunt.
591 3057 695 3133 Nuper
714 3056 746 3117 in
765 3059 838 3118 ludo
863 3057 1118 3120 bestiariorumoo

102 3157 185 3203 nnus
208 3156 226 3200 e
247 3138 422 3214 Germanis,
445 3156 513 3200 curn
537 3140 577 3201 ad
593 3139 739 3201 matutina
759 3141 933 3216 spectacula
954 3152 1076 3213 parare·

102 3233 168 3298 tur,
191 3222 324 3285 secessit
340 3224 381 3284 ad
401 3225 630 3285 exonerandum
647 3240 777 3299 corpus=
798 3225 913 3283 nullum
932 3220 1015 3281 aliud
1034 3220 1076 3279 illi

103 3307 236 3369 dabatur
256 3308 323 3368 sino
344 3307 473 3368 custode
493 3315 658 3368 secretum=
679 3307 720 3366 ibi
740 3309 853 3383 lignum
875 3305 922 3379 id,
938 3304 1022 3379 quod
1037 3302 1078 3362 ad

103 3390 300 3451 emundanda
319 3392 476 3452 obscoena
497 3392 681 3452 adhaerente
706 3390 836 3465 spongia
861 3387 994 3465 positum
1020 3393 1076 3461 est,

104 3481 200 3536 totum
214 3474 244 3533 in
258 3476 360 3548 gulam
374 3473 461 3536 sarsit
474 3481 506 3536 et
519 3476 573 3549 [vl]
589 3473 759 3551 praeclusis
781 3473 921 3534 saucibus
937 3470 1077 3546 spiritum

147 3563 397 3623 samonem-111.
882 3565 919 3620 ll
