2468 3930
215 249 278 314 ³58
504 247 538 307 L.
560 245 707 307 ANNAEl
730 244 905 306 SENECAE

170 403 411 468 aeternandum.
458 400 565 461 Omnia
580 415 659 475 quae
673 399 785 472 dicunt,
802 415 882 474 quae
895 400 984 461 turba
998 400 1145 463 audiente
1156 401 1199 464 ia·

214 495 304 562 ctam,
317 486 417 546 alieno
428 492 512 545 sunt:
529 484 606 544 dixit
614 483 666 543 illa
676 482 791 558 Platon,
804 480 881 543 dixit
889 482 1004 557 Zenon,
1017 484 1094 545 dixit
1101 485 1198 565 Chry-

215 572 325 647 sippus
340 567 578 630 etPosidonius=
599 574 632 628 ut
645 566 755 642 ingens
766 582 874 642 agmen
887 573 972 641 [non]
986 574 1030 629 tot
1043 569 1199 632 aetatium

216 654 372 730 quomodo
389 652 522 728 probare
539 651 660 726 possint
675 665 732 711 sua
748 657 841 711 esset
859 651 1052 713 monstrabo:
1074 653 1198 729 iaciant,

171 745 294 815 39quae
314 738 454 798 dixerint.
499 735 646 809 Quoniam
667 749 747 810 quae
767 735 924 795 volueram
949 735 989 795 ad
1004 743 1035 797 te
1049 738 1197 812 perferre,

213 821 273 883 iam
301 822 379 895 dixi,
405 835 488 880 nunc
511 818 666 881 desiderio
687 825 740 879 tuo
760 817 947 879 satisfaciam
968 826 999 879 et
1018 819 1050 879 in
1070 820 1198 883 alteram

214 907 377 983 epistulam
389 905 547 978 integrum,
562 903 646 979 quod
658 917 817 976 exegeras,
829 903 1021 977 transieram,
1031 919 1071 964 ne
1081 905 1197 966 adrem

215 992 374 1066 spinosam
389 996 420 1049 et
433 988 558 1048 auribus
570 987 679 1047 erectis
692 985 885 1061 curiosisque
896 985 1081 1048 audiendam
1094 989 1197 1051 lassus

215 1075 358 1135 accedas.
387 1072 474 1132 Vale.

505 1206 724 1286 EPISTULA
742 1207 791 1264 VI.
819 1208 909 1279 (109.)

467 1301 577 1355 Seneca
595 1304 707 1355 Lucum
728 1314 779 1355 suo
798 1315 937 1355 sacurem.

187 1425 202 1475 1
277 1407 1195 1483 Ansapienssapicntiprositsciredesideras.

215 1495 344 1554 dicimus
371 1493 494 1568 plenum
521 1492 602 1551 omni
627 1490 710 1552 bono
737 1507 809 1552 esse
830 1491 999 1567 sapientem
1027 1500 1059 1553 et
1079 1509 1196 1554 summa

215 1577 375 1651 adeptum:
397 1575 553 1651 quomodo
573 1576 726 1650 prodesse
749 1575 842 1651 aliqui
862 1575 963 1651 possit
976 1592 1131 1638 summum
1145 1577 1194 1637 ha·

214 1660 296 1720 benti
325 1660 455 1732 bonum,
485 1658 650 1733 quaeritur.
695 1659 864 1721 Prosunt
891 1659 994 1720 inter
1023 1676 1066 1722 se
1096 1660 1193 1721 boni.

215 1749 405 1803 exercent
428 1741 527 1802 enim
553 1742 720 1805 virtutes
745 1751 783 1804 et
809 1743 1042 1819 sapientiam
1065 1744 1105 1805 in
1128 1760 1192 1807 suo

216 1833 321 1888 stetu
342 1825 554 1888 continent.
578 1825 733 1889 desiderat
746 1834 876 1904 uterque
890 1827 1031 1904 aliquem,
1047 1843 1119 1889 cum
1135 1843 1192 1904 quo

185 1912 362 1984 tconlerat,
378 1927 447 1971 cum
462 1927 523 1985 quo
540 1918 675 1986 quaerat.
701 1911 817 1972 Peritos
828 1911 962 1973 luctandi
972 1925 1048 1971 usus
1059 1918 1192 1972 exercet

214 1995 365 2056 musicum
383 1995 435 2070 qui
457 1993 544 2069 pario
563 1994 682 2068 didicit,
701 2001 817 2056 movet=
844 2011 924 2071 opus
945 1999 1040 2056 estet
1061 1995 1192 2070 sapienti

215 2077 379 2153 agitatione
394 2079 549 2140 virtutum:
564 2079 606 2138 ita
620 2079 877 2153 quemadmodum
893 2080 961 2155 ipse
976 2085 1135 2153 semovet,
1150 2078 1192 2138 sic

184 2169 202 2223 3
215 2170 354 2224 movetur
368 2164 407 2223 ab
422 2163 481 2224 alio
497 2163 645 2238 sapiente.
672 2163 749 2237 Quid
760 2163 884 2239 sapiens
896 2160 1028 2238 sapienti
1039 2162 1193 2238 proderit?

213 2246 350 2322 inpetum
366 2249 408 2308 illi
423 2245 515 2320 dabit,
532 2247 715 2308 occasiones
733 2247 885 2308 actionum
898 2246 1099 2307 bonestorum
1114 2261 1192 2307 com-

214 2333 405 2394 monstrabit.
438 2338 560 2407 praeter
583 2329 661 2391 haec
682 2331 801 2406 aliquas
825 2329 1025 2406 cogitationes
1047 2345 1122 2390 suas
1142 2345 1192 2390 ex-

214 2418 332 2493 primet.
362 2416 499 2487 docebit,
524 2429 605 2490 quae
627 2415 785 2476 invenerit.
814 2430 937 2489 semper
962 2413 1042 2474 enim
1064 2412 1193 2475 etiama

215 2500 354 2576 sapiente
374 2499 516 2572 restabit,
540 2499 623 2574 quod
642 2498 776 2558 inveniat
791 2505 824 2558 et
844 2515 905 2573 quo
926 2496 1044 2558 animus
1060 2497 1128 2558 eius
1143 2512 1193 2557 ex-

185 2591 325 2646 lcurrot.
369 2582 469 2642 Malus
483 2584 563 2642 malo
580 2591 679 2644 nocet.
703 2581 776 2643 lacit
798 2597 922 2657 quoque
939 2580 1093 2657 peiorem,
1109 2581 1192 2653 bam,

215 2672 314 2727 metus
338 2665 507 2738 incitando,
535 2665 673 2727 tristitiae
693 2664 912 2738 adsentiendo,
936 2665 1111 2741 voluptates
1132 2665 1192 2725 lau-

215 2749 333 2823 dando,
354 2757 384 2810 et
399 2758 470 2811 tunc
486 2749 616 2810 maxime
631 2749 772 2810 laborant
785 2751 865 2823 mali,
879 2747 932 2810 ubi
946 2748 1109 2825 plurimum
1123 2747 1193 2807 vitia

215 2832 367 2894 miscuere
388 2834 468 2895 etin
489 2850 582 2894 unum
605 2834 715 2894 collata
736 2834 871 2908 nequitia
891 2839 954 2893 est=
975 2848 1050 2908 ergo
1067 2847 1108 2892 ex
1123 2846 1192 2893 con·

186 2917 305 2980 struto
323 2918 424 2980 bonus
440 2919 522 2978 bono
539 2916 683 2992 proderit
713 2917 943 2992 „Quomodot“
964 2914 1079 2991 inquis.
1116 2914 1192 2976 Gau·

214 3000 297 3061 dium
312 3001 355 3062 illi
369 3003 495 3076 adferet,
510 3001 652 3061 fiduciam
673 3002 872 3074 confirmabit,
888 3016 928 3060 ex
943 3006 1116 3076 conspectu
1130 3014 1192 3059 mn·

213 3095 284 3148 tuae
306 3085 530 3162 tranquillitatis
556 3094 675 3147 crescet
697 3087 858 3161 utriusque
883 3084 1005 3145 laetitia
1033 3082 1194 3145 Praeterea

215 3171 415 3245 quarumdam
430 3169 473 3229 illi
488 3185 590 3229 rerum
605 3169 761 3230 scientiam
776 3169 884 3231 madet.
911 3185 974 3230 non
997 3167 1079 3230 enim
1094 3163 1194 3228 omnia

213 3255 340 3330 sapiens
366 3255 431 3315 scit.
461 3253 580 3315 etiamsi
602 3254 708 3328 sciret,
729 3251 888 3314 breviores
903 3253 970 3314 vias
984 3268 1088 3312 rernm
1102 3245 1193 3325 aliqui

214 3340 389 3414 excogitare
404 3346 512 3414 posset
526 3345 555 3399 et
566 3337 622 3398 has
636 3338 780 3411 indicare,
797 3353 852 3412 per
869 3352 947 3414 quas
962 3334 1084 3398 facilius
1100 3338 1194 3397 totum

185 3428 295 3496 oopus
321 3423 539 3483 circumfertur.
583 3422 723 3483 Proderit
744 3421 875 3498 sapienti
896 3421 1024 3496 sapiens
1043 3434 1108 3481 non
1130 3416 1193 3480 sule

214 3504 340 3581 viribus,
353 3505 408 3566 sed
422 3504 529 3581 ipsius,
545 3521 635 3580 quem
647 3505 780 3566 adiuvat.
796 3511 900 3582 potest
909 3502 1034 3581 quidem
1043 3501 1097 3565 ille
1106 3501 1193 3565 cocu
