2468 3930
146 231 209 296 304
267 328 269 332 .
436 237 470 296 L.
492 236 641 297 ANNAEI
663 234 839 297 SENECAE

146 388 254 463 echini,
271 388 428 466 spondyli,
443 387 527 449 mulli
541 388 709 465 perturbati
722 385 924 463 concoctique
936 394 1136 464 ponantur=“

103 481 207 538 2911011
232 480 317 533 esset
339 473 497 533 confusior
521 474 706 533 vomentium
737 471 834 534 cibus.
885 472 1049 546 Quomodo
1077 477 1137 536 ista

145 556 295 632 perplexa
310 563 396 630 sunt,
418 557 463 618 sic
478 555 600 618 existis
615 574 676 617 non
692 557 865 631 singulares
883 557 984 618 morbi
999 574 1134 620 nascun-

145 645 208 713 tur,
231 640 288 700 sed
308 641 555 716 inexplicabiles,
585 641 714 714 diversi,
740 642 958 716 multiformes,
980 642 1134 704 adversus

146 739 228 799 quos
243 730 273 784 et
286 725 438 786 medicina
452 725 571 785 armare
586 741 622 786 se
635 725 738 802 coepit
751 725 853 786 multis
864 725 1043 802 generibus
1058 728 1134 789 mul-

145 808 184 869 tis
201 808 479 871 observationibus.
522 810 606 870 Idem
623 809 675 871 tibi
696 811 735 869 de
749 809 950 886 philosophia
964 810 1054 871 dico:
1080 812 1135 873 luit

147 893 313 968 aliquando
336 893 504 969 simplicior
524 895 602 954 iuter
621 895 739 954 minora
753 901 918 971 peccantes
934 902 965 955 ct
979 895 1041 954 levi
1058 911 1133 972 quo-

148 993 209 1053 que
223 994 298 1039 cura
312 978 542 1039 remediabiles=
564 979 716 1039 adversus
730 984 843 1038 tantam
860 995 980 1039 unorum
997 979 1134 1041 eversio·

146 1076 216 1121 nem
232 1064 334 1124 omnia
351 1064 492 1124 conanda
509 1071 589 1123 sunt.
612 1068 642 1123 et
655 1062 771 1123 utinam
786 1063 832 1122 sic
847 1063 983 1136 denique
995 1063 1065 1124 lues
1077 1064 1135 1126 ista

103 1147 330 1209 dovindioeturt
375 1147 605 1225 Nonprivatim
625 1148 740 1220 solum,
770 1147 827 1207 sed
847 1147 971 1222 publice
994 1148 1134 1210 furimus.

146 1231 311 1293 homicidia
327 1232 543 1309 conpcsoimus
564 1239 595 1292 et
612 1232 749 1306 singulas
766 1231 896 1292 caedes:
920 1232 996 1308 quid
1010 1231 1094 1293 bella
1107 1239 1136 1294 et

148 1317 319 1377 occisarum
335 1318 468 1393 gentium
485 1315 652 1392 gloriosum
674 1318 800 1378 scelus?
826 1331 888 1376 non
908 1313 1053 1391 auaritia,
1074 1333 1135 1377 non

148 1400 312 1463 crudelitas
327 1402 452 1462 modum
468 1401 561 1462 novit
587 1409 616 1462 et
637 1401 696 1462 ista
711 1400 858 1474 quamdiu
877 1400 977 1460 furtim
994 1408 1026 1462 et
1040 1417 1060 1461 a
1073 1401 1134 1462 siu·

148 1485 227 1559 gulis
248 1485 336 1561 fiunt,
358 1485 458 1547 minus
480 1485 574 1547 noxia
592 1486 756 1560 minusque
776 1491 955 1545 monstrosa
979 1492 1068 1545 sunl=
1096 1501 1135 1546 ex

148 1570 424 1630 senatusconsultis
457 1570 621 1646 plebisque
655 1569 740 1630 scitis
770 1584 865 1630 saeva
892 1577 1081 1631 exercentur
1106 1574 1135 1631 et

104 1651 138 1706 31
149 1652 271 1727 publice
295 1653 437 1714 iubentur
457 1655 549 1715 vetita
574 1654 724 1729 privatim.
758 1668 838 1728 quae
865 1653 943 1713 clam
967 1656 1135 1715 commissa

148 1737 248 1812 capite
269 1739 439 1812 tuerentur,
462 1737 534 1813 quia
559 1738 695 1813 paludati
710 1739 827 1810 iecere,
848 1738 1022 1799 laudamus.
1067 1739 1134 1801 Non

147 1819 243 1895 pudet
258 1820 414 1896 homines,
435 1821 626 1882 mitissimum
641 1838 754 1897 genus,
770 1821 907 1896 gaudere
922 1821 1075 1898 sanguine
1093 1825 1135 1883 al·

147 1910 235 1965 terno
251 1914 282 1965 et
292 1905 372 1965 bella
382 1921 490 1980 gerere
501 1907 699 1981 gerendaque
711 1907 816 1967 liberis
826 1905 958 1980 tradere,
973 1920 1043 1966 cum
1055 1908 1136 1968 inter

105 1987 140 2042 32
148 2004 183 2048 se
198 1989 288 2049 etiarn
306 1990 397 2050 mutis
412 2004 448 2049 ac
463 1990 535 2049 ieris
554 2006 617 2064 pax
630 1989 679 2050 sit.
722 1991 884 2051 Adversus
899 1997 961 2050 tatu
975 1996 1134 2066 potentem

148 2074 387 2150 explicitumque
407 2076 466 2134 late
491 2075 625 2136 furorem
646 2075 811 2149 operosior
831 2070 1030 2151 philosophia
1053 2074 1135 2136 lacta

147 2164 196 2217 est
210 2165 240 2218 et
253 2166 369 2220 tanturn
385 2158 442 2219 sibi
457 2159 565 2218 virium
581 2160 727 2236 sumpsit,
745 2166 890 2235 quantum
904 2158 960 2232 iis,
977 2159 1134 2221 adversus

148 2257 229 2316 quae
244 2244 425 2320 parabatur,
449 2250 633 2304 accesserat.
676 2242 861 2319 Expeditum
883 2250 949 2304 erat
969 2241 1135 2320 obiurgare

147 2326 341 2403 indulgentes
362 2343 447 2389 mero
474 2336 504 2390 et
527 2335 665 2403 petentes
692 2326 899 2388 delicatiorem
926 2326 1038 2388 cibum.
1072 2343 1133 2389 nou

148 2419 213 2472 erat
227 2414 346 2474 animus
361 2413 400 2472 ad
417 2413 618 2488 frugalitatem
633 2426 743 2487 magna
756 2411 787 2471 vi
802 2412 1015 2487 reducendus,
1039 2427 1058 2472 a
1074 2427 1135 2490 qua

148 2497 283 2571 paullum
301 2497 504 2558 discesseratis

105 2580 140 2636 33
210 2598 291 2643 nuno
303 2583 439 2642 manibus
452 2581 571 2656 rapidis
584 2597 659 2657 opus
671 2588 722 2655 est,
743 2598 824 2642 nunc
837 2587 903 2642 arte
915 2583 1073 2656 macana.

147 2665 290 2739 voluptas
305 2681 344 2723 ex
360 2662 441 2725 omni
456 2663 622 2740 quaeritur.
637 2667 753 2740 nullum
763 2664 840 2724 intra
852 2681 888 2725 se
899 2664 1134 2727 manetvitiumt

147 2747 177 2807 in
195 2749 350 2808 avaritiam
364 2747 486 2809 luxuria
499 2763 651 2825 praeceps
667 2755 723 2809 est.
745 2748 868 2809 honesti
884 2748 999 2811 oblivio
1011 2750 1133 2812 invasit.

148 2828 222 2890 nihil
236 2837 325 2908 turpe
342 2838 397 2907 est,
414 2832 500 2893 cuius
514 2834 616 2909 placet
631 2834 767 2908 pretium.
790 2833 893 2907 homo,
910 2850 1001 2895 sacra
1014 2849 1066 2895 res
1078 2835 1134 2896 ho·

147 2913 234 2990 mini,
256 2916 316 2976 iam
335 2933 393 2993 per
413 2917 514 2977 lusum
535 2933 572 2978 ac
588 2918 689 2980 iocum
705 2916 855 2979 occiditur
869 2924 899 2979 et
913 2934 1004 2996 quem
1018 2919 1135 2981 emdiri

148 3000 187 3059 ad
209 2997 369 3062 inferenda
390 3002 633 3079 accipiendaque
653 3005 780 3064 volnera
801 3003 889 3063 nolas
912 3011 992 3077 erat,
1020 3001 1048 3064 is
1075 3005 1135 3065 iam

147 3085 250 3146 nudus
272 3085 460 3162 inermisque
481 3087 660 3164 producitur
680 3089 817 3164 satisque
838 3087 1008 3162 spectaculi
1024 3102 1064 3148 ex
1078 3087 1135 3149 ho-

105 3170 228 3231 blmine
243 3187 326 3232 mors
342 3178 398 3232 est.
442 3172 481 3232 In
501 3171 572 3231 bac
592 3188 685 3247 ergo
702 3188 843 3233 morum
864 3172 1135 3248 perversitate

149 3255 341 3317 desideratur
357 3256 448 3318 solito
465 3255 675 3317 vehementius
690 3256 820 3334 aliquid,
845 3257 930 3332 quod
951 3258 1033 3317 mala
1047 3254 1134 3318 inve·

146 3346 244 3401 lerata
259 3341 416 3403 discutiat:
440 3341 615 3402 decretis
631 3342 821 3416 agendum
836 3347 905 3415 est,
920 3349 954 3402 ut
967 3342 1136 3402 revellatur

148 3425 269 3501 penitus
286 3427 433 3487 falsorum
448 3432 573 3501 recepta
588 3426 760 3500 persuasio.
783 3424 844 3486 his
860 3425 893 3486 si
908 3424 1135 3487 adiunxeri-

147 3524 228 3570 mus
242 3516 469 3586 praecepta,
486 3509 799 3586 consolationes,
814 3508 1134 3583 adhortationes,
