2468 3930
231 277 278 331 DE
290 275 459 333 REMEDIIS
473 275 730 333 FORTUITORUM
745 277 859 332 LIBER.
972 273 1035 336 449

120 427 254 500 „luvenis
272 427 429 485 morieris.“
445 427 508 483 Non
520 428 620 496 refert,
638 434 705 498 quot
717 444 808 483 annos
819 428 955 501 habeam,
978 431 1061 494 seds

56 515 123 584 quot
135 511 301 584 acceperim.
321 511 344 565 si
354 513 417 584 plus
429 511 527 568 vivere
542 527 598 565 non
608 527 741 582 possum,
763 511 835 567 haec
847 518 889 568 est
901 519 1032 570 senectus

56 612 129 656 meo.
948 623 950 627 v

118 673 162 733 V.-
177 675 405 750 „Insepultus
419 675 590 734 iacebis.“
601 676 673 744 Quid
684 677 833 735 sliudhuic
844 680 1033 752 respondeam
1045 695 1059 746 1

58 778 141 834 quom
150 761 335 833 virgilianum
346 761 427 816 illude

361 845 455 917 facilis
467 846 574 899 iacmra
585 844 714 916 sepulcri.

57 926 171 1004 Usellis,
185 928 312 999 inquom,
324 927 380 998 sic,
391 932 421 982 ut
432 928 507 982 nulls
519 926 645 996 facilior]
670 925 700 982 Si
711 926 778 982 nihil
789 927 889 996 sentio,
901 944 957 982 non
967 944 1032 1000 per-

56 1014 124 1068 tinet
136 1011 172 1068 od
185 1027 230 1066 mo
246 1011 352 1067 iactura
368 1010 494 1082 corporis
511 1010 657 1082 insepulti=
675 1010 700 1066 si
712 1010 816 1082 sentio,
836 1010 926 1067 omnis
938 1013 1027 1084 sepul-

59 1103 120 1153 tura
131 1099 299 1151 tormentum
311 1099 362 1149 est.

120 1193 301 1264 „Insepultus
313 1191 446 1248 iacebis.“
468 1191 541 1260 Quid
554 1192 684 1262 interest,
704 1191 777 1264 ignis
788 1208 834 1249 me
846 1209 881 1250 on
893 1194 953 1250 lero
966 1193 1061 1250 con-2

57 1283 147 1331 sumat
165 1292 202 1333 sn
217 1281 345 1347 tempus,
363 1276 459 1332 ultime
474 1275 597 1331 omnium
614 1275 779 1348 sepultura?
801 1276 877 1332 istud
894 1292 951 1332 non
968 1293 1033 1334 sen·

56 1361 134 1416 tienti
145 1375 351 1431 supervacuum
362 1365 420 1429 est,
439 1359 570 1415 sentienti
580 1375 662 1419 onus.

121 1445 296 1516 „Insepultus
307 1443 440 1500 iacebis.“
459 1442 496 1499 At
506 1448 537 1499 tu
548 1445 724 1514 combustus,
736 1449 764 1500 st
773 1449 803 1500 tu
815 1445 946 1515 obrutus,
963 1450 991 1500 at
1001 1445 1061 1501 tua

58 1529 196 1598 inclusus,
212 1533 239 1583 ot
249 1533 279 1582 tu
289 1527 427 1598 putridus,
439 1532 466 1583 at
476 1532 507 1582 tu
517 1527 689 1584 evisceratus
702 1532 730 1583 et
741 1528 907 1583 constrictus
919 1533 966 1584 aut
977 1533 1033 1586 tra·

58 1611 130 1667 ditus
142 1609 245 1682 lapidi,
266 1611 312 1681 qui
329 1616 356 1666 te
367 1610 500 1683 paulatim
514 1611 579 1666 edat
596 1616 623 1666 et
636 1610 765 1666 exsiccet.
792 1608 874 1668 Nullo
884 1616 927 1667 est
938 1613 1032 1684 sepul-

57 1700 134 1751 ture:
147 1711 202 1749 non
216 1695 385 1766 sepeliemur
396 1695 448 1750 sed
458 1693 635 1767 proiciemur.

120 1791 205 1864 „Non
216 1793 390 1866 sepelieris.“
406 1792 481 1861 Quid
491 1793 519 1848 in
530 1809 561 1848 re
572 1793 710 1849 tutissimo
721 1793 868 1866 trepidos?
879 1793 1060 1868 ultrspos·4

57 1893 154 1932 narum
170 1877 292 1932 omnium
303 1877 451 1933 terminum
461 1878 514 1934 ists
525 1878 604 1932 locus
616 1882 668 1933 est.
692 1876 774 1934 Vitse
786 1879 872 1933 mults
887 1876 1032 1949 debemus,

55 1961 137 2016 morti
148 1960 222 2016 nihil.
242 1961 304 2016 Non
323 1961 516 2017 detunctorum
535 1977 620 2018 causa
640 1960 693 2016 sed
710 1961 841 2019 vivorum
857 1960 973 2020 inventa
990 1966 1033 2018 est

56 2045 212 2116 sepultura,
223 2051 252 2100 ut
264 2059 383 2115 corporo
395 2049 422 2097 ot
434 2044 497 2100 visu
505 2044 589 2099 loeds
600 2049 627 2099 ct
639 2043 727 2099 odore
738 2050 950 2102 amoverentur:
962 2046 1032 2102 alios

56 2134 131 2183 terra
142 2127 247 2197 obruit,
260 2127 329 2180 alios
341 2124 453 2182 flamme
466 2127 646 2198 consumpsit,
657 2127 727 2182 slios
738 2129 809 2198 lepis
822 2128 859 2184 ad
871 2144 938 2184 osso
948 2128 1031 2184 redo-

57 2216 150 2266 cturus
173 2209 296 2265 inclusits
319 2205 382 2283 [sic]
405 2223 461 2263 non
479 2209 615 2264 defunctis
637 2209 690 2264 sed
708 2210 811 2264 nostris
831 2210 919 2267 oculis
939 2210 1031 2282 parci-

57 2310 128 2348 mus.

159 2391 311 2450 ADDITIO.
334 2392 517 2463 ‚‚tnsepultus
529 2390 661 2451 obiciar.“
682 2390 800 2446 Alitibus
815 2391 926 2449 invides
938 2407 975 2448 on
990 2394 1060 2456 ton

98 2479 135 2533 ris
148 2494 184 2533 sn
194 2477 343 2549 piscibus?
365 2491 430 2532 nom
444 2474 469 2530 si
479 2475 579 2530 metuis
591 2475 654 2545 tibi,
675 2475 805 2530 baculum
821 2475 1032 2532 seu'eustodem

98 2562 174 2618 iuxta
189 2568 218 2617 te
234 2562 304 2633 poni
319 2561 398 2630 iube,
416 2574 471 2630 quo
483 2557 651 2616 enodavere
666 2557 850 2631 depellantur.
888 2559 991 2629 ‚ludis
1003 2558 1031 2614 in

97 2645 266 2701 molismeis.
292 2661 357 2702 narn
377 2644 504 2715 prolecto
527 2642 565 2697 nil
581 2641 728 2698 sentism.“
759 2641 832 2710 Quid
849 2658 917 2716 ergo
937 2642 1030 2714 times,

98 2728 173 2797 quod
185 2744 240 2784 non
253 2729 379 2784 senties?
395 2743 460 2783 nom
470 2728 495 2783 si
504 2727 625 2798 senties,
636 2721 849 2802 pro[ln]be[o]s.
863 2727 1032 2783 sentientem

99 2811 173 2865 enim
189 2812 309 2881 sepelire
320 2827 422 2867 necare
434 2816 485 2872 est.
507 2806 575 2866 *Te
586 2810 642 2866 nisi
651 2815 728 2868 terro
740 2812 907 2882 contexerit,
921 2812 1031 2868 coelum

98 2898 183 2964 teget.
195 2898 289 2948 notum
301 2899 344 2950 cst
356 2893 436 2950 illude

262 2977 340 3031 coelo
351 2976 468 3048 tegitur,
480 2977 527 3048 qui
538 2976 691 3035 nonhabet
705 2993 814 3038 urosm.

159 3075 318 3147 „Defuncto
343 3075 410 3132 mihi
424 3083 500 3134 term
516 3079 678 3150 negabitur!
702 3077 902 3152 praedurum.“
928 3077 991 3132 Non
1002 3077 1028 3133 id
1042 3087 1059 3144 5

97 3159 212 3257 durum,
232 3160 285 3216 sed
301 3165 331 3215 tu
350 3160 455 3230 mollis,
477 3161 525 3232 qui
541 3177 594 3216 nec
615 3163 740 3218 sentiens
760 3160 1029 3236 [neocosmum]

96 3243 173 3399 laedss
183 3259 344 3384 {offiano
356 3328 479 3399 linquar!
501 3326 675 3382 horrendum
685 3326 790 3383 auditu.
804 3327 959 3399 insepultus
971 3326 1027 3382 sbi·

97 3412 192 3467 oiorl“
213 3411 278 3484 Age
289 3427 335 3467 res
346 3417 424 3468 tuss=
439 3426 535 3467 eurem
545 3409 619 3466 hanc
629 3409 724 3481 linque
736 3410 903 3468 viventibus.

136 3507 184 3565 vt.
205 3509 384 3580 „Aegroto.“
415 3508 500 3564 Venit
516 3512 642 3578 tempus,
665 3522 721 3578 quo
737 3496 958 3580 experimentum
975 3507 1031 3564 mei
1048 3515 1063 3566 l

117 3593 354 3647 serumserum.
847 3595 886 3649 ‘itt
