2468 3930
141 221 162 286 8
426 222 459 281 L.
481 222 628 283 ANNAEI
650 221 835 284 SENECAE.

143 390 234 450 quam
257 382 367 450 potens
389 375 429 435 sit
450 391 540 450 quem
562 373 667 446 times,
684 390 759 435 cum
774 373 820 450 id,
842 382 968 451 propter
983 375 1068 450 quod
1083 375 1133 435 ti-‘

111 455 126 512 9
142 474 223 532 mes,
241 474 331 518 nemo
348 474 409 518 non
422 457 542 533 possit?
566 458 608 519 At
622 459 649 518 si
664 458 741 519 torte
757 458 788 516 in
802 474 909 519 manus
924 458 1119 520 1111ῑί11111-

143 541 271 614 cideris,
297 541 442 602 ν111ο111
463 542 533 602 duci
547 541 676 602 iubebit=
703 556 741 602 eo
757 556 881 617 nempe,
907 559 969 618 quo
985 542 1119 604 duceris.

143 624 218 700 quid
231 633 261 686 tc
276 622 346 701 ipsa
360 625 478 700 decipis
494 633 525 685 11
540 625 600 685 hoo
615 641 696 686 nunc
711 625 857 700 primum,
874 626 959 701 quod
974 624 1046 685 olim
1065 642 1119 700 pa-

142 707 282 782 tiebaris,
305 709 475 782 intellegis?
501 709 545 769 lta
560 709 644 769 dico=
669 724 709 768 ex
729 724 791 784 quo
806 716 895 770 natus
911 724 960 783 es,
985 708 1119 770 duceris.

142 790 227 851 llaec
239 799 269 853 et
283 792 435 853 eiusmodi
448 792 602 852 versanda
616 792 761 853 inanimo
777 799 861 867 sunt,
877 793 904 853 si
919 794 1061 854 volumus
1074 794 1120 854 ul·

143 875 244 935 limam
256 876 338 935 illam
349 876 455 937 horam
467 877 578 951 placidi
589 883 786 952 exspectare,
803 876 890 937 cuius
902 883 999 937 metus
1012 891 1119 937 omnes

143 958 218 1018 alias
234 958 386 1034 inquietas
401 960 482 1020 iacit

104 1045 135 1096 10
210 1041 273 1102 Sed
293 1051 327 1103 ut
346 1042 437 1103 finem
460 1043 611 1119 epistulae
631 1043 791 1118 inponam,
814 1043 937 1118 accipe,
961 1043 1045 1117 quod
1065 1042 1118 1104 ho·

144 1125 250 1185 diemo
266 1125 316 1186 die
331 1126 402 1187 mihi
417 1128 540 1204 placuit.
570 1134 601 1187 11
619 1127 679 1187 hoo
700 1142 826 1202 quoque
838 1141 877 1186 ex
892 1126 999 1186 alienis
1016 1126 1120 1187 hortu-

143 1209 180 1269 lis
197 1215 350 1286 sumptum
367 1217 430 1272 esta
453 1226 638 1286 „magnae
659 1211 823 1271 divitiae
843 1216 933 1271 sunt
954 1211 1120 1285 legena·

143 1299 251 1354 lurae
274 1295 485 1369 conposita
511 1299 758 1370 paupertas.“
791 1294 855 1353 Lex
876 1299 975 1354 autem
996 1294 1048 1353 illa
1068 1309 1121 1355 na·

142 1385 228 1438 turae
243 1378 306 1437 scis
323 1393 403 1452 quos
415 1376 504 1439 nobis
519 1378 666 1438 terminos
681 1383 814 1438 statuat?
833 1394 894 1438 non
908 1378 1040 1449 esurire,
1056 1393 1120 1437 non

144 1461 240 1531 sitire,
263 1476 326 1520 non
340 1460 453 1535 algere.
480 1462 521 1522 Ut
535 1460 645 1520 famem
660 1460 803 1535 sitimque
818 1461 973 1536 depellas,
994 1477 1058 1521 non
1072 1467 1119 1521 esi

144 1558 275 1604 necesse
303 1543 447 1617 superbis
482 1543 626 1604 adsidere
658 1543 811 1604 liminibus
839 1559 896 1604 nec
924 1544 1122 1619 supercilium

144 1641 239 1702 grave
254 1633 284 1687 et
299 1626 551 1689 contumeliosam
565 1626 655 1688 etiam
670 1625 886 1688 humanitatem
902 1627 1036 1703 perpeti,
1059 1643 1121 1688 non

145 1717 193 1770 est
216 1725 346 1769 necesse
366 1711 463 1771 maria
484 1718 632 1786 temptare
653 1728 711 1771 nec
732 1711 829 1786 sequi·
842 1718 957 1771 castrat
984 1709 1123 1786 parabile

102 1805 134 1858 11
148 1802 209 1867 est,
234 1793 319 1868 quod
336 1800 442 1856 natura
456 1796 626 1866 desiderat,
649 1803 679 1855 et
697 1794 880 1871 adpositum.
908 1795 959 1854 Ad
975 1810 1123 1869 superva-

146 1893 202 1937 cua
217 1876 355 1937 sudatur.
388 1878 439 1939 illa
454 1887 539 1953 sunt,
562 1894 641 1953 quae
654 1885 756 1954 togam
771 1883 946 1952 conterunt,
968 1893 1048 1952 quae
1062 1894 1122 1939 nos

145 1975 309 2020 senescere
331 1960 388 2021 sub
410 1962 540 2023 tentorio
561 1969 688 2037 sogum,
708 1977 787 2038 quae
808 1961 838 2020 in
859 1961 958 2022 aliena
971 1962 1061 2023 litora
1076 1962 1120 2022 in·

145 2043 288 2120 pinguntz
311 2045 351 2104 ad
365 2062 486 2107 manum
500 2054 563 2119 est,
579 2046 663 2121 quod
677 2054 725 2107 sat
739 2051 794 2105 est.
815 2045 902 2105 Vale.

504 2181 722 2240 EPISTULA
741 2183 777 2237 V.

397 2279 507 2332 seneca
524 2281 635 2332 Lucmo
655 2290 707 2330 suo
726 2291 865 2332 11111111.

114 2393 128 2446 1
202 2384 290 2459 Quod
304 2384 496 2459 pertinaciter
507 2385 613 2445 studes
626 2392 656 2444 et
668 2383 809 2445 omnibus
823 2381 947 2444 omissis
959 2379 1018 2442 hoc
1029 2394 1122 2441 unum

146 2469 225 2544 agis,
248 2476 282 2529 ut
300 2476 330 2528 te
349 2469 506 2528 meliorem
521 2466 633 2528 cotidie
649 2467 760 2540 iacias,
784 2474 814 2527 et
832 2466 929 2541 probo
945 2470 974 2524 11
988 2463 1121 2539 gaudeo,

144 2569 202 2613 nec
215 2559 331 2613 tantum
344 2552 465 2623 hortor,
482 2558 514 2611 ut
528 2564 728 2626 perseveres,
743 2549 799 2610 sed
814 2551 904 2610 eliam
916 2563 1002 2622 rogo.
1025 2544 1122 2606 illud

145 2644 246 2697 autem
270 2643 306 2696 te
332 2635 538 2705 admoneo,
571 2648 616 2692 ne
641 2648 771 2694 eorum
802 2648 924 2707 more,
956 2630 1121 2706 quinon

145 2713 1121 2796 proliceresedconspicicupiunt,iaciasaliqua,

146 2818 243 2878 quae
265 2802 301 2860 in
323 2799 459 2860 habitu
479 2806 543 2860 tuo
566 2807 630 2860 aul
651 2795 1122 2876 generavitaenotabilia

113 2903 130 2956 a
145 2887 232 2946 sint.
254 2885 407 2958 Asperum
423 2886 535 2944 cultum
549 2892 579 2944 et
593 2884 747 2945 intonsum
762 2890 898 2958 caputet
914 2878 1121 2957 neglegentio-

145 2984 211 3029 rem
231 2966 355 3027 barbam
378 2974 407 3028 et
427 2965 573 3029 indictum
595 2976 721 3043 argento
743 2967 848 3027 odium
868 2974 898 3027 et
919 2965 1019 3026 cubile
1036 2961 1121 3023 humi

147 3053 292 3128 positum,
308 3057 338 3111 el
354 3049 500 3127 quicquid
515 3052 597 3111 aliud
611 3051 827 3128 ambitio[nem]
845 3052 992 3125 perversa
1007 3047 1058 3106 via
1072 3061 1122 3106 se·

148 3136 264 3211 quitur,
289 3135 378 3196 evita.
411 3137 486 3196 satis
507 3137 608 3210 ipsum
624 3150 733 3195 nomen
749 3133 979 3211 philosophiae,
1002 3128 1122 3191 etiamsi

146 3219 286 3280 modeste
300 3225 459 3292 tractetur,
477 3219 662 3279 invidiosum
680 3225 742 3279 est:
758 3218 873 3293 quidsi
889 3233 946 3278 nos
963 3214 1122 3277 hominum

147 3304 361 3365 consuetudini
384 3303 576 3379 coeperimus
590 3309 780 3378 excerperet
808 3302 892 3362 Intus
915 3300 1016 3363 omnia
1029 3295 1122 3357 dissi-

113 3388 227 3450 ttntilia
243 3388 317 3461 sint,
338 3388 423 3448 frons
445 3387 560 3463 populo
583 3393 710 3459 [nostra]
734 3386 902 3446 conveniat.
934 3383 1003 3445 Non
1019 3383 1123 3456 splen-

146 3473 216 3534 deat
230 3480 317 3545 toga,
338 3487 377 3531 ne
392 3471 516 3532 sordeat
533 3470 665 3547 quidem.
691 3486 753 3530 non
768 3469 936 3530 habeamus
951 3470 1124 3542 argenium,
