2468 3930
222 223 393 286 EPISTUL.
408 224 502 287 MOR.
523 226 595 287 LIB.
609 229 661 288 vt.
684 227 741 288 ΕΡ.
752 237 813 292 al.
834 235 956 305 (bb-bd.)
1015 230 1076 295 ll5

98 377 187 438 vidi
178 393 210 438 ιιι
227 377 328 436 media
343 375 507 437 solitudine
522 379 679 454 occupatis
695 377 820 440 similes
843 397 938 454 quare
953 397 1014 441 non
1030 391 1078 445 est

101 461 189 536 quod
212 460 369 522 existimes
394 461 465 521 ideo
490 477 598 535 parum
622 462 700 522 bene
725 465 919 539 conpositum
944 480 1016 525 esse
1036 474 1076 544 te,

101 544 209 620 quod
200 561 231 604 m
246 543 413 617 Campania
425 560 486 604 non
502 561 547 605 es.
574 562 670 621 quare
684 555 785 608 aulem
802 564 863 608 non
880 555 937 608 est
949 548 1010 609 huc
1025 567 1077 611 us-

100 642 163 703 que
180 627 380 702 cogitationes
395 636 463 688 tuas
479 629 569 689 mitte.
593 627 745 688 conver
752 631 833 691 sari
848 647 927 692 cum
942 632 1107 694 amicistl

100 710 332 772 absentibus
350 709 457 784 licet,
479 719 509 771 et
527 711 649 787 quidem
666 712 809 789 quotiens
823 716 914 788 velis,
932 716 1079 791 quamdiu

99 793 189 855 velis.
218 794 317 869 magis
336 795 395 854 hac
415 796 587 871 voluptate,
609 813 689 871 quac
709 799 841 859 maxima
856 807 918 872 est,
941 799 1077 876 fruimur,

102 879 174 940 dum
199 879 356 939 absumus.
389 881 563 953 praesentia
586 881 666 939 enim
689 897 747 941 nos
768 882 916 942 delicatos
937 884 1022 958 lacit,
1049 892 1079 945 ct

101 961 176 1038 quia
189 962 354 1037 aliquando
369 979 431 1022 una
449 962 619 1038 loquimur,
642 963 848 1038 ambulamus,
872 967 1078 1041 consedimus,

102 1061 173 1107 cum
187 1045 303 1106 diducti
318 1062 439 1119 sumus,
455 1046 528 1105 nihil
544 1048 583 1107 de
595 1047 647 1120 ils,
665 1063 743 1120 quos
758 1048 851 1108 modo
865 1041 1011 1123 vidimus,
1027 1067 1078 1112 co-

99 1130 243 1204 gitamus.
271 1136 301 1189 et
316 1129 387 1191 ideo
408 1145 508 1205 aequo
524 1129 624 1189 animo
640 1132 719 1189 lerre
737 1131 885 1191 debemus
900 1131 1121 1209 absentiam,10

101 1213 175 1288 quia
194 1228 284 1274 nemo
307 1230 369 1275 non
392 1214 519 1275 multum
538 1214 626 1275 etiam
641 1213 857 1296 praesentibus
873 1215 975 1274 abest:
997 1232 1078 1291 pone

99 1297 151 1358 hic
166 1298 297 1372 primum
311 1305 418 1358 noctes
440 1306 615 1372 separatas,
639 1297 750 1358 deinde
767 1297 988 1374 occupationes
1006 1300 1077 1360 utri·

100 1395 162 1457 que
182 1381 339 1455 diversas,
366 1381 478 1441 deinde
503 1381 605 1441 studia
629 1389 763 1456 secretu,
790 1382 985 1442 suburbanas
1005 1399 1077 1458 pro·

100 1465 267 1526 lectiones:
284 1465 402 1525 videbis
418 1481 480 1525 non
495 1465 621 1525 multum
635 1481 722 1538 esse,
738 1466 822 1542 quod
836 1466 926 1528 nobis
943 1467 1077 1542 peregri·

99 1549 184 1609 natio
201 1549 318 1623 eripiat.
347 1547 474 1610 Amicus
489 1548 588 1609 animo
607 1549 815 1623 possidendus
830 1557 893 1610 est:
911 1548 961 1610 hic
978 1556 1117 1615 autemtl

99 1649 269 1707 numquam
290 1633 386 1693 abest.
416 1647 640 1708 quemcumque
657 1634 736 1706 vult,
762 1633 873 1694 cotidie
893 1634 984 1694 videt.
1017 1635 1075 1694 Ila-

102 1731 164 1792 qua
179 1731 298 1777 mecum
312 1716 417 1791 stude,
433 1731 552 1774 mecum
567 1731 678 1790 coena,
694 1733 813 1777 mecum
827 1716 964 1777 ambulaz
978 1717 1009 1779 in
1024 1735 1077 1778 an-

101 1805 192 1876 gusto
212 1800 408 1872 vivebamus,
431 1799 456 1859 si
478 1797 642 1874 quicquam
663 1807 748 1861 esset
765 1800 998 1875 cogitationibus
1013 1803 1076 1861 clu·

101 1899 179 1943 sum.
194 1884 293 1944 Video
308 1891 353 1958 te,
367 1883 407 1943 mi
417 1883 522 1943 Lucili.
541 1898 609 1944 cum
621 1884 752 1945 maxime
765 1885 867 1945 audio.
885 1885 964 1946 adeo
976 1893 1077 1946 tecum

101 1983 185 2042 sum,
201 1973 235 2027 ut
248 1968 451 2042 dubitem„an
466 1966 609 2041 incipiam
624 1983 685 2028 non
701 1967 862 2043 epistulas,
881 1969 938 2028 sed
953 1969 1076 2029 codicil-

100 2053 150 2112 los
164 2049 217 2112 tibi
232 2051 376 2112 scribere.
398 2051 486 2111 Vale.

401 2185 618 2244 EPISTULA
638 2187 684 2242 lV.
706 2189 777 2256 (56.)

355 2283 465 2338 Sanaos
481 2284 593 2334 Lucuro
614 2294 665 2333 suo
685 2294 824 2338 securata.

160 2380 300 2454 Persam,
325 2382 352 2441 si
372 2388 420 2442 est
440 2389 500 2441 tam
521 2380 730 2440 necessarium
747 2397 838 2456 quam
850 2381 971 2441 videtur
986 2383 1104 2444 silan-1

100 2467 176 2528 tium
200 2464 231 2524 in
256 2463 358 2525 studia
382 2463 535 2540 sepositot
569 2478 642 2524 ecce
666 2463 840 2540 undique
865 2480 919 2524 me
944 2465 1076 2526 varius

101 2552 246 2610 clamor
277 2550 549 2611 circumsonat.
592 2563 711 2622 supra
741 2548 867 2623 ipsum
896 2548 1075 2608 balneum

99 2632 246 2694 habito.
273 2649 414 2707 propone
434 2648 515 2693 nunc
535 2631 588 2692 tibi
603 2632 705 2692 omnia
720 2647 833 2706 genera
849 2647 974 2705 vocum,
997 2648 1077 2708 quae

100 2717 132 2776 in
154 2714 258 2777 odium
279 2723 410 2790 possunt
430 2732 520 2777 aures
544 2717 711 2777 adduceret
736 2733 804 2777 cum
825 2717 967 2778 tortiores
989 2732 1075 2777 exer-

102 2807 209 2861 centur
223 2807 254 2859 et
266 2815 374 2860 manus
387 2800 510 2876 plumbo
522 2815 633 2874 graves
646 2798 771 2874 iactant,
790 2816 859 2861 cum
873 2808 925 2860 aut
938 2801 1077 2862 laborant

100 2890 155 2944 aut
168 2883 355 2944 laborantem
367 2885 533 2957 imitantur,
551 2884 680 2958 gemitus
695 2885 802 2957 audio,
820 2885 961 2960 quotiens
976 2893 1075 2944 reten-

99 2974 165 3029 tum
180 2967 319 3042 spiritum
331 2966 529 3040 remiserunt,
545 2966 652 3029 sibilos
667 2973 698 3026 et
712 2968 928 3029 acerbissimas
942 2968 1075 3042 respira-

100 3052 217 3113 tiones=
241 3066 310 3111 cum
331 3051 360 3110 in
381 3051 515 3126 aliquem
534 3051 660 3112 inertem
677 3059 707 3112 et
726 3053 784 3111 hac
798 3051 919 3128 plebeia
932 3052 1076 3110 unctione

101 3141 277 3195 contentum
291 3132 399 3209 incidi,
415 3133 507 3196 audio
523 3136 670 3209 crepitum
684 3134 792 3195 inlisae
807 3150 915 3195 manus
930 3130 1075 3203 humeris

101 3233 183 3294 quae
197 3226 291 3294 prout
304 3220 396 3294 plana
410 3218 549 3293 pervenit
562 3225 614 3278 aul
628 3233 779 3292 concavo,
795 3218 836 3279 ita
849 3233 959 3279 sonum
971 3220 1075 3274 mutat.

101 3303 130 3362 si
149 3317 224 3362 vero
247 3300 413 3377 pilicrepus
434 3300 613 3377 supervenit
634 3308 664 3362 et
685 3317 845 3361 numerare
867 3299 968 3374 coepit
985 3296 1097 3372 pilas,

100 3391 203 3446 actum
218 3393 274 3446 est.
294 3386 393 3447 Adice
407 3401 489 3446 nunc
503 3384 677 3447 scordalum
692 3392 724 3446 et
711 3387 834 3446 tlurem
849 3381 1103 3459 deprehensuml

101 3477 133 3531 et
152 3465 252 3545 illum,
274 3468 324 3531 cui
337 3485 401 3532 vox
422 3485 478 3530 sua
495 3467 525 3529 in
540 3469 650 3529 balneo
672 3469 783 3546 placet.
811 3467 899 3528 adice
907 3481 995 3588 nunc
1008 3481 1074 3540 eos,
