2468 3930
298 232 468 294 EPISTUL.
483 232 577 294 MOR.
599 233 671 293 LIB.
684 234 720 293 ΙΙ.
742 233 801 295 ΕΡ.
811 242 838 296 4.
861 240 932 309 (16.)
1042 236 1083 299 35

101 385 140 446 ab
161 384 222 444 hac
235 384 401 459 petendum
415 390 473 445 est
502 385 591 444 Dicet
606 383 733 459 aliquisz
757 384 856 460 „Quid
870 386 941 446 mihi
957 386 1085 462 prodest
1098 399 1117 454 4

99 468 314 546 philosophia,
339 467 366 528 si
389 465 481 528 iatum
498 474 567 528 esti
596 468 669 543 quid
685 469 828 543 prodest,
851 471 877 529 sl
893 471 969 530 deus
984 478 1086 531 rector

101 559 171 614 estt
194 552 268 627 quid
283 552 426 626 prodest,
442 554 469 611 si
483 567 575 611 casus
587 553 738 627 imperate
760 568 828 613 nam
842 562 871 614 et
880 556 989 616 mutari
1002 563 1084 615 certa

102 653 164 698 non
187 641 320 712 possunt
339 642 370 694 et
389 634 463 696 nihil
480 637 658 711 praeparari
673 643 776 711 potest
790 637 942 698 adversus
958 638 1082 711 incerta,

103 723 159 781 sed
176 728 228 781 aut
243 719 404 780 consilium
419 735 520 780 meum
536 719 698 795 occupavit
709 721 786 780 deus
799 722 997 797 decrevitque
1010 723 1084 798 quid

102 807 244 878 lacerem,
259 810 312 864 aut
326 802 454 863 consilio
468 819 537 864 meo
550 804 592 863 nil
606 805 729 864 fortuna
740 805 977 879 permittitturif‘
995 806 1113 880 Ouio-5

104 888 177 964 quid
193 895 243 949 est
258 885 299 946 ex
313 887 377 962 his,
396 887 507 962 Lucili,
526 889 577 949 vel
592 888 618 947 si
633 889 734 949 omnia
747 888 824 948 haec
840 897 925 963 sunt,
945 889 1083 966 philoso·
1111 915 1116 960 j

103 972 260 1049 phandum
271 977 334 1031 est=
358 969 424 1031 sive
439 987 497 1031 nos
512 971 693 1032 inexorabili
708 972 776 1046 lege
789 973 852 1033 lata
863 974 1082 1049 constringunt,

103 1058 168 1117 sive
184 1055 297 1115 arbiter
311 1055 389 1116 deus
402 1054 539 1116 universi
553 1063 662 1117 cuncta
676 1055 827 1130 disponit,
845 1056 912 1116 sive
928 1073 1021 1118 casus
1033 1075 1083 1118 res

103 1141 253 1201 humanas
274 1140 341 1199 sine
362 1140 470 1200 ordine
489 1140 607 1214 inpellit
628 1146 658 1198 et
678 1137 785 1212 iactat,
808 1139 1005 1215 philosophia
1025 1157 1084 1200 nos

102 1224 180 1285 tueri
202 1222 302 1283 debet.
341 1222 419 1283 haec
441 1221 664 1295 adhortabitur,
689 1229 723 1281 ut
745 1223 803 1281 deo
826 1221 954 1282 libenter
975 1240 1081 1298 parea·

104 1325 189 1382 mus,
217 1308 357 1366 fortunae
377 1307 604 1368 contumaciter.
627 1306 704 1366 haec
719 1305 857 1379 docebit,
878 1315 911 1367 ut
926 1308 1016 1367 deum
1034 1322 1082 1367 se-

104 1391 224 1468 quaris,
246 1392 329 1451 ieras
345 1407 461 1452 casum.
497 1390 560 1451 Sed
573 1407 634 1451 non
650 1397 698 1450 est
712 1405 792 1450 nunc
808 1391 837 1448 in
851 1389 931 1450 hanc
947 1392 1113 1467 disputa-6

102 1478 216 1537 tionem
228 1475 464 1548 transeundum,
487 1474 562 1549 quid
576 1475 616 1534 sit
629 1474 703 1534 iuris
719 1475 830 1547 nostri,
848 1474 875 1533 si
890 1474 1084 1550 providentia

102 1561 131 1620 in
152 1557 284 1634 imperio
299 1566 362 1632 est,
383 1567 435 1619 aut
451 1559 477 1618 sl
492 1559 622 1618 latorum
637 1559 733 1618 series
750 1558 890 1632 inligatos
905 1559 1009 1634 trahit,
1032 1567 1083 1620 aut

104 1644 128 1703 si
144 1643 308 1718 repentina
323 1658 360 1702 ac
374 1643 475 1704 subita
491 1643 698 1702 dominantur:
721 1643 772 1702 illo
787 1657 867 1701 nunc
881 1650 1028 1716 revertor,
1050 1650 1083 1703 ut

103 1735 131 1788 te
148 1741 291 1787 moneam
305 1732 335 1785 et
351 1727 503 1799 exhorter,
524 1743 562 1786 ne
577 1724 702 1801 patiaris
717 1726 851 1800 inpetum
866 1727 957 1785 animi
971 1729 1014 1787 tui
1030 1727 1081 1786 de-

102 1810 163 1871 labi
178 1817 210 1871 et
221 1809 432 1884 refrigescere.
454 1809 575 1870 contine
589 1810 672 1870 illurn
686 1817 716 1870 et
730 1810 894 1884 constitue,
915 1816 947 1871 ut
962 1811 1082 1871 habitus

103 1894 196 1955 animi
208 1894 277 1966 fiat,
300 1894 383 1968 quod
399 1899 448 1953 est
461 1893 593 1969 inpetus.

164 1979 230 2038 lam
249 1978 288 2037 ab
309 1975 408 2051 initio,
430 1975 458 2037 si
477 1986 506 2038 te
525 1977 603 2037 bene
625 1976 712 2050 novi,
741 1977 985 2052 circumspicies,
1009 1979 1110 2053 quidt

102 2063 181 2122 haec
202 2061 335 2136 epistula
355 2061 525 2122 munusculi
546 2062 699 2121 adtulerit:
729 2069 839 2121 excute
858 2061 939 2121 illam
954 2069 985 2123 et
998 2062 1081 2121 inve-

101 2147 180 2207 nies.
214 2143 283 2206 Non
305 2152 368 2218 est,
392 2145 476 2220 quod
495 2145 613 2206 mireris
637 2146 770 2205 animum
789 2161 904 2205 meum:
927 2145 1028 2206 adhuc
1043 2147 1082 2207 de

101 2231 203 2292 alieno
218 2228 352 2289 liberalis
367 2245 444 2290 sum.
468 2244 562 2304 quare
574 2237 673 2290 autem
686 2229 817 2290 alienum
829 2229 913 2289 dixit
935 2230 1082 2304 quicquid

100 2317 182 2376 bene
198 2313 311 2375 dictum
326 2321 374 2374 est
384 2314 422 2373 ab
436 2314 508 2387 tillo,
523 2328 623 2373 meum
635 2321 692 2373 est.
713 2313 793 2372 sicut
805 2314 891 2386 quod
902 2313 940 2372 ab
947 2312 1082 2388 Epicuro

101 2399 215 2460 dictum
230 2402 291 2458 est=
312 2396 374 2471 „Si
393 2397 433 2457 ad
451 2403 621 2459 naturam
638 2395 764 2470 vives,
786 2412 987 2470 numquam
1001 2396 1080 2455 eris

102 2497 266 2559 pauper:
285 2479 379 2542 siad
394 2482 610 2556 opiniones,
626 2495 826 2554 numquam
841 2479 920 2538 eris
936 2477 1081 2537 dives.“

100 2567 255 2641 Exiguum
269 2571 377 2625 natura
392 2564 561 2638 desiderat,
579 2563 683 2640 opinio
697 2564 879 2623 inmensum.
902 2571 1111 2635 congerature

101 2652 133 2710 in
153 2657 185 2710 te
206 2649 354 2724 quicquid
373 2649 457 2709 multi
481 2650 651 2725 locupletes
677 2649 891 2724 possederant.
923 2647 1000 2706 ultra
1020 2647 1081 2722 pri·

100 2741 205 2795 vatum
226 2732 376 2808 pecuniae
391 2732 516 2794 modum
537 2734 658 2793 fortuna
671 2740 701 2792 te
715 2731 877 2808 provehat,
898 2747 973 2791 auro
990 2736 1080 2806 tegat,

101 2833 240 2894 purpura
260 2817 386 2888 vestiat,
414 2832 451 2877 eo
474 2815 650 2876 deliciarum
676 2831 832 2891 opumque
858 2816 1019 2889 perducat,
1050 2823 1084 2875 ut

103 2910 215 2964 terram
234 2900 437 2960 marmoribus
458 2901 642 2961 abscondas.
676 2917 737 2961 non
758 2906 872 2960 tantum
892 2898 1006 2959 habere
1030 2898 1082 2960 tibi

103 2987 208 3060 liceat,
229 2984 287 3045 sed
308 2984 428 3044 calcare
448 2982 579 3044 divitias.
606 2985 754 3044 accedant
768 2990 887 3044 statuae
901 2992 931 3043 et
945 2983 1082 3058 picturae

102 3076 133 3130 et
153 3067 302 3144 quicquid
322 3083 373 3127 ars
392 3069 455 3130 ulla
474 3068 612 3128 luxuriae
633 3067 813 3129 elaboravit:
836 3067 953 3128 maiora
968 3081 1082 3141 cupere

100 3153 140 3213 ab
160 3151 210 3213 his
231 3151 346 3213 disces·
380 3150 534 3212 Naturalia
553 3150 708 3211 desideria
727 3152 812 3212 finita
833 3157 919 3210 sunt=
945 3165 983 3209 ex
1006 3149 1112 3211 laisan

103 3235 250 3312 opinione
265 3235 425 3296 nascentia
434 3235 486 3297 ubi
498 3234 653 3306 desinant,
669 3252 730 3295 non
744 3233 866 3295 habent.
886 3235 987 3294 nullus
1002 3231 1082 3290 enim

103 3320 250 3382 terminus
270 3319 351 3381 laiso
366 3326 422 3381 est.
446 3317 527 3379 viam
541 3319 622 3379 eunti
637 3318 752 3395 aliquid
767 3323 935 3378 extremum
950 3320 1012 3375 cst:
1034 3328 1080 3372 er-

103 3418 155 3464 ror
169 3405 330 3464 inmensus
346 3410 402 3464 cst.
437 3402 569 3464 Retrahe
585 3409 682 3477 [ergo]
697 3410 727 3462 tc
742 3419 760 3461 a
775 3400 877 3473 vanis,
898 3408 928 3461 et
942 3414 1011 3458 cum
1028 3414 1080 3459 vo·

105 3488 150 3549 les
164 3488 259 3564 scire,
275 3487 362 3564 quod
376 3493 472 3563 petes,
486 3495 586 3549 utrum
600 3488 768 3547 naturalem
781 3484 893 3545 habeat
906 3499 946 3544 an
957 3497 1082 3543 caecam

875 3566 914 3634 3*
