2468 3930
286 247 314 302 L.
325 248 465 304 ΑΝΝΑΕΙ
482 248 646 306 SENECAE
662 247 896 305 FRAGMENTA.
1017 242 1080 307 419

102 400 153 455 mis
166 402 309 456 sententiis
321 417 378 456 non
394 401 540 473 fregisset,
556 416 697 457 consensu
707 401 800 473 potius
812 400 984 456 eruditorum
996 416 1080 471 quam

100 500 252 556 puerorum
268 495 364 540 amore
382 487 621 557 comprobaretur.
652 485 757 540 Verum
775 485 816 540 sic
836 499 948 556 quoque
963 482 1018 539 lam
1034 500 1079 539 ro-

99 568 187 624 bustis
205 576 233 623 et
253 570 398 625 severiore
421 572 527 641 genere
549 570 616 625 satis
640 569 755 624 firmatis
778 568 917 640 legendus
937 569 984 624 vel
1005 567 1080 635 ideo,

100 652 177 722 quod
192 668 326 709 exercere
340 657 433 725 potest
448 653 585 724 utrimque
600 653 742 708 iudicium.
759 653 845 707 multa
857 653 949 720 enirn,
970 656 998 705 ut
1013 650 1080 718 dixi,

100 736 294 808 probanda‘in
314 754 365 806 eo,
385 739 471 792 multa
493 738 575 793 etiam
589 736 755 797 admiranda
772 740 849 790 sunt:
872 736 977 808 eligere
994 734 1080 789 modo

101 837 185 875 curae
203 820 251 886 sit,
268 821 344 892 quod
362 821 466 876 utinam
480 821 543 892 ipse
558 821 680 876 iecisset.
706 820 792 892 digna
814 820 887 875 enim
905 819 955 874 fuit
968 820 1014 873 illa
1029 828 1079 873 na-

101 912 177 974 tura,
194 919 266 976 quae
284 906 401 960 meliora
415 906 515 970 vellet,
538 920 611 975 quae
628 903 704 975 quod
718 903 820 974 voluit,
837 902 939 958 effecit.

470 1025 502 1079 Il.
526 1022 702 1080 CARMINA.

160 1125 234 1181 Piin.
253 1128 332 1198 epist.
351 1124 387 1190 V.
406 1128 433 1184 3
461 1125 545 1181 Facio
560 1140 770 1196 nonnumquam
789 1124 999 1180 versiculos
1023 1133 1112 1179 sc-·i

100 1228 121 1264 v
130 1226 211 1265 eros
225 1226 352 1281 parum
364 1237 416 1263 -.
444 1225 481 1265 an
496 1226 551 1282 ego
565 1225 682 1278 vereor,
706 1225 742 1263 ne
757 1224 802 1262 me
816 1224 873 1263 non
888 1208 954 1263 satis
972 1207 1079 1271 deceat,

101 1293 177 1363 quod
194 1293 288 1348 decuit
301 1293 339 1353 M.
354 1293 487 1364 Tullium,
502 1291 533 1349 G.
549 1291 666 1350 Calvum
679 1321 723 1333 ·-·
735 1292 884 1348 Annaeum
898 1290 1038 1391 Senecam
1053 1297 1080 1345 et

100 1379 227 1449 proximo
243 1377 409 1448 Verginium
423 1376 590 1432 Ruium‘i
1055 1391 1057 1398 ’

165 1461 231 1517 Tac.
239 1461 312 1521 Ana.
325 1460 375 1517 XI
378 1461 409 1528 V
421 1477 446 1517 c
458 1466 501 1518 52.
532 1461 609 1517 nors
620 1460 701 1516 Burri
713 1460 825 1532 infregit
836 1457 964 1515 Senecae
978 1465 1078 1532 poten·
1090 1466 1108 1520 3

102 1545 168 1600 tiam
182 1575 225 1585 —
240 1545 315 1600 Nero
333 1545 370 1600 ad
385 1545 540 1601 deteriores
554 1545 713 1602 inclinabat.
734 1542 764 1598 hi
780 1543 867 1598 variis
882 1543 1079 1616 criminationi-

101 1632 154 1685 bus
175 1628 314 1686 Senecam
336 1629 508 1690 adoriuntur.
533 1657 576 1670 -
605 1623 769 1684 obiciebant
795 1627 877 1682 etiam
893 1627 1079 1698 'eloquentiae

101 1713 214 1769 laudem
236 1714 283 1768 uni
303 1713 355 1768 sibi
381 1714 540 1770 adsciscere
565 1719 592 1769 et
611 1711 772 1769 carmina
798 1711 923 1768 crebrius
946 1712 1079 1782 iactitare,

101 1803 249 1869 postquam
264 1795 370 1852 Neroni
385 1813 464 1853 amor
480 1814 577 1853 eorum
590 1799 725 1854 venisset.

163 1881 302 1938 Priscian.
314 1882 357 1938 lib.
376 1880 442 1938 VH.
450 1900 482 1954 p.
495 1885 557 1940 759.
569 1883 611 1939 ed.
624 1879 737 1937 Putscb.
760 1878 871 1935 Seneca
886 1878 1016 1936 Ovidium
1031 1894 1077 1934 se·
1090 1887 1109 1940 4

104 1982 207 2036 quens:

218 2048 368 2121 „Gausapa
385 2050 408 2103 si
423 2049 553 2120 sumpsit,
576 2063 704 2120 gausapa
720 2053 830 2118 sumpta
844 2048 962 2118 proba.“

356 2169 402 2222 111.
421 2168 468 2222 DE
488 2167 589 2223 now
610 2165 819 2224 TERRARUM.

165 2273 229 2330 Sen.
241 2279 298 2330 not.
310 2276 425 2346 quaesti.
440 2271 498 2340 VI,
509 2288 534 2328 c.
547 2275 580 2342 4,
597 2277 623 2331 2.
645 2273 829 2343 inspiciamus
846 2286 930 2341 ergo,
952 2270 1019 2340 quid
1036 2271 1109 2341 sits

101 2365 217 2431 propter
237 2358 313 2429 quod
327 2356 399 2412 haec
414 2356 557 2412 accidantr
573 2360 692 2426 quorum
708 2355 780 2410 adeo
798 2359 840 2410 est
853 2353 920 2408 mihi
936 2354 1025 2409 dulcis
1037 2353 1078 2407 in-

102 2444 222 2515 spectio,
220 2455 225 2463 ·
237 2450 267 2498 ut
281 2441 409 2513 quamvis
425 2439 576 2511 aliquando
598 2439 640 2494 de
663 2444 758 2493 motu
774 2444 955 2494 terrarum
973 2438 1078 2494 volu-

102 2544 179 2584 men
198 2527 359 2584 ediderim
351 2526 478 2594 iuvenis,
501 2529 604 2579 tamen
614 2529 752 2595 temptare
773 2527 819 2578 me'
835 2521 972 2578 voluerim
987 2528 1014 2577 et
1029 2536 1078 2576 ex-

101 2613 201 2683 periri,
223 2628 259 2667 an
280 2616 358 2668 aetas
373 2609 478 2680 aliquid
494 2608 575 2664 nobis
590 2612 638 2662 aut
658 2607 696 2662 ad
717 2607 861 2707 scientiam
883 2613 931 2660 aut
947 2611 1026 2661 certe
1042 2604 1079 2660 ad

103 2695 273 2767 diligentiam
291 2695 435 2752 adiecerit.
754 2713 756 2718 ·

349 2815 397 2872 IV
429 2815 475 2870 DE
493 2813 652 2870 LAPIDUM
671 2738 830 2869 NATDEA

164 2912 236 2969 Plin
248 2919 305 2970 nat
316 2915 378 2970 bist.
390 2915 433 2970 bb.
442 2914 472 2974 ὁ
499 2915 581 2971 Libro
594 2913 722 2970 XXXVI.
738 2880 912 2969 continentur
929 2909 1107 2967 naturaed

90 2997 264 3070 ,tapidum
280 3026 323 3038 —-
338 3014 374 3053 ex
390 2999 549 3054 auctoribus
565 2996 602 3053 M.
616 2998 800 3054 Varrone-
812 3025 856 3037 »-
873 2994 1012 3064 Fabiano,
1024 2992 1077 3050 Se-

103 3098 187 3150 neca,
205 3081 310 3138 Catone
327 3083 473 3152 censorio,
488 3081 626 3138 Vitruvio.

370 3224 404 3282 V.
423 3223 470 3279 DE
489 3220 633 3279 PlSCIUM
653 3166 812 3277 NATURA

161 3333 234 3389 Ptin.
253 3340 310 3390 nat.
327 3331 389 3389 not.
407 3331 450 3388 lib.
463 3337 489 3391 1.
521 3329 603 3385 Libro
618 3324 666 3384 IX.
683 3329 837 3385 continetur
851 3326 1012 3398 aquatilium
1028 3341 1078 3381 na·
1093 3324 1109 3380 7
1211 3374 1213 3379 .

104 3423 163 3473 tura
179 3446 222 3456 -
237 3434 272 3473 ex
294 3418 452 3475 auctoribus
468 3412 605 3472 Turranio
623 3413 723 3470 Gracili
743 3446 786 3456 —
801 3411 933 3485 Melissa,
957 3408 1077 3481 Seneca,

104 3499 238 3557 Cicerone
252 3531 309 3557 -.
865 3559 868 3564 ,

868 3574 927 3638 bi*
