2468 3930
233 241 403 304 aursana.
417 241 512 304 non.
533 244 606 303 nra.
620 245 656 303 n.
679 244 735 303 aa
748 252 809 307 ao.
830 225 952 319 (mn.)
1041 247 1082 312 45

100 405 149 458 est
163 394 465 470 inspiciendumque,
487 410 525 454 un
540 395 591 454 ille
605 394 777 470 paupertati
791 395 961 471 indulgeat,
979 413 1018 457 an
1032 398 1082 459 hic

99 480 215 540 divitiis
236 495 298 538 non
315 478 483 553 indulgeat:
506 479 641 552 alioquin
659 481 727 539 leve
742 488 951 554 argumentum
966 489 1014 541 est
1027 482 1082 543 bo·

99 581 160 625 nae
173 563 338 623 voluntatis
353 563 497 637 grabatus
513 570 565 623 aut
575 578 714 637 pannus,
728 563 788 623 nisi
799 564 939 638 adparuit
949 565 1082 641 aliquem

100 649 153 707 ilia
173 663 237 707 non
256 644 439 707 necessitate
461 647 538 721 pati,
566 647 623 705 scd
648 648 747 706 malle.
790 648 928 708 Ceterum
953 657 1123 724 magnaeta

100 729 213 791 indolis
235 739 283 790 est
305 731 343 790 ad
364 729 423 791 ista
436 745 496 789 non
514 745 680 804 properare
695 737 848 806 tamquam
861 732 1002 806 meliora,
1024 735 1081 794 sed

101 814 279 890 praeparari
300 821 454 889 tamquam
475 814 516 873 ad
537 813 648 877 facilia.
681 822 712 875 ct
727 823 812 888 sunt,
833 815 944 890 Lucili,
965 817 1080 878 lucilia:

102 914 171 959 curu
188 913 264 958 vero
279 899 371 958 multo
388 905 457 957 ante
472 898 633 958 meditatus
648 899 834 972 accesseris,
857 900 989 961 iucunda
1005 918 1081 977 quo·

102 998 172 1058 que.
202 982 283 1041 inest
302 982 383 1042 enim
401 981 477 1056 illis,
500 983 567 1042 sine
589 997 650 1056 qua
669 981 741 1040 nihil
762 988 810 1042 est
829 982 1009 1058 iucundum,
1032 1000 1081 1045 se·

102 1067 227 1128 auritas.
260 1065 473 1126 Necessarium
495 1081 569 1140 ergo
591 1065 709 1137 iudico,
735 1065 767 1125 id
790 1067 873 1140 quod
898 1066 951 1126 tibi
973 1069 1124 1143 scripsira

102 1165 233 1224 magnos
253 1148 337 1209 viros
364 1165 459 1223 saepe
482 1150 609 1224 iecisse,
638 1150 760 1223 aliquos
785 1149 852 1208 dies
877 1147 1080 1225 interponere,

103 1234 216 1310 quibus
239 1249 297 1293 nos
311 1232 489 1308 imaginaria
504 1240 684 1308 paupertate
699 1247 898 1292 exerceamus
914 1233 951 1293 ad
968 1250 1081 1294 veram.

102 1318 189 1394 quod
208 1333 247 1377 eo
268 1315 365 1392 magis
386 1317 559 1377 iaciendum
580 1324 641 1389 est,
666 1316 750 1390 quod
773 1314 890 1377 deliciis
910 1319 1081 1391 pemradui·

101 1418 169 1462 mus
191 1409 222 1461 et
241 1402 343 1461 omnia
363 1401 439 1462 dura
459 1416 495 1460 ac
517 1399 653 1460 difficilia
674 1398 857 1460 iudicamus=
880 1399 984 1476 potius
999 1400 1082 1461 exci-

101 1485 214 1546 tandus
235 1500 253 1544 e
274 1501 383 1546 somno
404 1491 434 1544 et
448 1485 638 1544 vellicandus
654 1491 703 1545 est
719 1484 838 1544 animus
854 1486 1081 1546 admonendus-

103 1586 164 1644 que
180 1576 317 1629 naturam
333 1569 421 1629 nobis
433 1567 588 1642 minimum
601 1565 806 1628 constituisse.
839 1568 934 1630 Neruo
946 1570 1083 1630 nascitur

103 1654 201 1714 dives.
236 1652 376 1728 quisquis
396 1651 460 1712 exit
476 1652 505 1711 in
523 1653 636 1724 lucem,
657 1648 763 1712 iussus
778 1658 826 1711 est
840 1653 919 1713 lacte
932 1661 964 1714 et
979 1669 1079 1728 panno

102 1752 174 1880 lissi&
199 1744 377 1798 contentum
405 1737 444 1797 ab
469 1735 517 1795 his
542 1735 634 1796 initiis
659 1751 717 1795 nos
743 1750 837 1810 regna
861 1752 923 1797 uon
947 1736 1080 1813 capiunt.

131 1837 149 1880 a
161 1836 189 1880 e.

396 1956 613 2014 EPISTULA
639 1956 685 2013 IX.
713 1957 785 2028 (al.)
866 1911 869 1916 Ι

356 2052 468 2104 Saurea
484 2055 596 2104 Lucrum
616 2064 668 2104 suo
687 2064 826 2104 suuursrr.

166 2156 239 2217 Cum
254 2155 321 2217 istis
336 2155 388 2216 tibi
403 2170 474 2215 esse
490 2156 643 2231 negotium
659 2156 793 2230 iudicas,
809 2156 971 2231 dequibus
984 2154 1078 2229 scrip·
1095 2173 1106 2225 1

100 2248 211 2303 saras?
231 2241 395 2300 maximum
410 2239 565 2314 negotium
579 2246 678 2300 tecum
692 2238 798 2300 habes.
819 2248 852 2301 tu
866 2239 919 2300 tibi
933 2241 1080 2300 molestus

101 2342 152 2386 es=
183 2324 259 2400 quid
279 2324 355 2384 velis
376 2324 488 2383 nescis.
514 2323 622 2384 melius
648 2322 761 2398 probas
776 2323 906 2383 honesta
924 2339 1015 2397 quarn
1033 2338 1081 2381 se-

101 2407 217 2484 queris.
244 2409 348 2482 vides,
370 2407 421 2467 ubi
442 2408 481 2469 sit
503 2406 603 2485 posita
621 2407 764 2477 felicitas,
789 2405 843 2466 sed
861 2407 899 2466 ad
914 2406 996 2465 illam
1011 2421 1081 2479 per·

102 2492 210 2554 venire
224 2509 285 2553 non
300 2492 408 2552 audes.
431 2492 505 2567 quid
521 2493 560 2552 sit
576 2499 690 2565 autern,
708 2489 789 2564 quod
806 2496 836 2549 te
848 2489 991 2564 inpediat,
1010 2489 1082 2562 quia

101 2592 211 2653 parum
227 2577 296 2652 ipse
312 2575 454 2652 dispicis‚
478 2577 592 2637 dicnm=
613 2590 724 2650 magna
738 2590 810 2635 csse
824 2572 901 2633 haec
915 2572 1080 2646 existimas

101 2676 184 2736 quae
202 2660 364 2720 relicturus
386 2675 435 2733 es,
463 2667 594 2720 etcum
616 2657 864 2736 proposuisti
885 2656 956 2718 tibi
977 2657 1081 2717 illurn

101 2744 366 2816 securitatem,
394 2744 568 2818 adquam
593 2741 833 2804 transiturus
856 2759 911 2817 es,
939 2742 1084 2802 retinet

88 2827 139 2889 'tc
166 2828 282 2888 huius
309 2829 427 2901 vitac,
457 2844 476 2887 a
504 2844 576 2904 qua
602 2843 834 2888 recessurus
865 2842 920 2900 cs,
951 2826 1083 2900 fulgor

102 2928 295 2987 tamquam
317 2912 353 2970 in
376 2912 538 2972 sordida
560 2920 596 2971 ct
616 2913 785 2972 obscura
806 2927 993 2971 casurum.
1022 2910 1111 2976 Ena

101 3012 183 3070 ras,
203 2994 341 3056 Lucili:
364 3012 403 3054 ex
417 2995 475 3056 hac
488 2994 551 3057 vita
564 2997 603 3056 ad
618 2996 699 3055 illam
714 2995 919 3057 adscenditur.
939 2994 1023 3067 quod
1037 2992 1083 3052 in-

103 3085 201 3143 terest
223 3079 302 3140 inter
323 3079 518 3153 splendorem
539 3087 569 3140 et
583 3082 696 3152 lucem,
718 3095 787 3140 cunr
801 3079 878 3140 haec
896 3085 1007 3138 certam
1023 3075 1082 3136 ori-

102 3165 206 3240 ginem
226 3164 339 3224 habeat
353 3177 389 3223 ac
406 3179 508 3237 suern,
531 3164 581 3224 ille
597 3162 689 3224 niteat
702 3164 817 3237 alieno,
839 3162 899 3222 hoc
914 3160 1083 3229 inter-hanc

103 3248 196 3308 vitam
223 3254 254 3309 et
278 3245 376 3306 illam=
403 3247 480 3307 haec
500 3248 618 3322 fulgore
639 3248 830 3308 extrinsecus
852 3245 992 3304 veniente
1013 3259 1083 3319 per-

104 3348 200 3392 cussa
219 3339 283 3406 est,
312 3345 448 3390 crassam
470 3331 511 3390 illi
532 3332 631 3392 statim
652 3330 788 3391 umbram
811 3329 914 3402 faciet,
941 3326 1083 3403 quisquis

105 3415 270 3477 obstiterim
297 3415 348 3474 illa
370 3430 427 3474 suo
445 3415 558 3475 lumine
573 3415 708 3476 inlustris
723 3421 779 3474 est.
812 3411 944 3473 studia
964 3419 1000 3472 te
1021 3419 1085 3471 tua

105 3501 250 3560 clarum
277 3505 315 3568 et
339 3496 505 3559 nobilem
532 3499 724 3560 efficient.
760 3497 941 3572 Exemplum
960 3495 1113 3573 Epicurio
