2468 3930
143 242 207 308 344
435 241 468 300 L.
488 239 634 300 ANNAEI
656 237 832 299 SENECAE

145 396 214 470 cipe
228 393 309 454 hunc
319 392 359 450 M.
376 391 519 451 catone
528 406 557 449 m
569 388 778 462 recentiorem,
791 403 860 448 cum
871 404 933 464 quo
945 394 976 448 et
986 388 1129 450 infestius

145 480 266 538 lortuna
287 475 348 549 egit
363 482 393 534 et
408 473 604 548 pertinacius.
633 473 681 533 cui
697 487 765 532 cum
781 471 1017 532 omnibus'locis
1035 473 1128 534 obsti·

144 563 240 633 tisset,
256 557 426 618 novissime
440 564 470 616 et
484 555 514 615 iu
529 562 635 629 morte,
650 556 784 616 ostendit
796 562 897 615 tamen
908 556 1006 614 virum
1019 557 1125 617 lortem

145 659 242 720 posse
263 642 357 701 invita
378 641 499 701 fortuna
519 640 638 712 vivere,
664 638 756 698 invita
777 640 869 699 mori:
892 645 956 699 tota
976 638 1020 699 illi
1042 641 1126 700 aetas

146 726 241 787 autin
257 727 351 786 armis
367 732 415 784 est
428 732 538 784 exacta
554 722 694 783 civilibus
709 722 806 782 autin
821 728 919 783 aetate
935 722 1126 798 concipiente

145 811 205 870 iam
222 810 311 869 civile
330 808 452 868 bellum.
481 813 511 867 et
532 807 613 866 hunc
634 807 705 866 licet
725 807 810 866 dicas
831 821 893 865 non
914 807 1016 866 miuus
1037 823 1125 882 quam

147 894 293 954 Socraten
314 893 452 954 servituti
470 906 505 950 se
526 891 686 963 eduxisse,
707 889 765 950 nisi
785 890 863 950 lorte
881 891 933 950 Cn.
949 890 1125 966 Pompeium

146 985 176 1038 et
199 977 361 1037 Gaesarem
385 982 414 1035 et
435 975 579 1035 Crassum
602 979 691 1048 putas
717 973 863 1035 libertatis
889 973 995 1034 socios
1022 975 1126 1034 luisse.

103 1062 239 1123 30Nemo
260 1067 405 1121 mutatum
428 1056 572 1118 Catonem
593 1058 704 1118 totiens
724 1064 838 1118 mutate
856 1057 1017 1132 republica
1037 1057 1126 1118 vidite

147 1145 287 1206 eumdem
306 1159 341 1204 se
360 1144 391 1202 in
413 1143 494 1202 omni
515 1148 595 1202 statu
617 1141 778 1216 praestitit,
802 1140 833 1200 in
851 1150 1009 1216 praetura,
1029 1141 1062 1202 in
1080 1157 1126 1201 re

147 1232 246 1305 pulsa,
266 1229 297 1287 in
313 1225 517 1300 accusatione,
539 1225 569 1285 in
584 1225 751 1300 provincia,
772 1225 802 1284 in
821 1225 978 1299 concione,
994 1226 1026 1284 iu
1042 1240 1128 1285 exer·

148 1313 222 1384 citu,
244 1310 275 1370 iu
290 1318 396 1372 morte.
441 1310 581 1385 Denique
600 1311 631 1368 in
646 1309 697 1368 illa
712 1308 899 1383 reipublicae
913 1309 1127 1384 trepidatione,

148 1412 216 1456 cum
236 1395 318 1455 illinc
333 1394 445 1454 Caesar
466 1402 550 1454 esset
570 1394 677 1452 decem
698 1391 869 1467 legionibus
891 1393 1128 1467 pugnacissimis

147 1479 313 1551 subnixus,
342 1484 388 1538 tot
415 1484 586 1536 exterarum
614 1477 749 1551 gentium
774 1474 950 1552 praesidiiS,
979 1476 1051 1536 hinc
1077 1477 1128 1536 Gn.

146 1563 320 1637 Pompeius,
337 1561 411 1622 satis
427 1576 506 1622 unus
523 1562 674 1621 adversus
690 1562 800 1633 omnia,
816 1576 884 1620 cum
898 1559 949 1619 alii
963 1561 1002 1620 ad
1018 1561 1128 1621 Caesa·

147 1662 212 1706 rem
223 1647 411 1717 inclinarent,
429 1643 478 1704 alii
490 1645 529 1703 ad
541 1645 728 1719 Pompeium,
740 1647 827 1705 solus
840 1645 912 1704 Cato
925 1643 998 1705 lecit
1009 1645 1128 1719 aliquas

105 1741 138 1794 31
148 1738 178 1789 et
197 1728 385 1803 reipublicae
407 1735 519 1802 partes.
557 1728 596 1797 Si
613 1727 713 1788 animo
730 1728 882 1803 conplecti
896 1728 1033 1788 volueris
1048 1729 1128 1789 illius

147 1811 308 1887 imaginem
324 1812 480 1887 temporis,
495 1811 614 1871 videbis
627 1812 707 1871 illinc
720 1813 839 1887 plebem
853 1819 882 1872 et
893 1827 983 1871 ornne
995 1819 1131 1872 erectum

148 1897 255 1956 adres
274 1911 372 1956 novas
391 1899 514 1970 volgus,
535 1895 607 1955 hinc
626 1897 786 1971 optimates
805 1904 835 1956 et
851 1904 1024 1971 equestrem
1047 1895 1129 1954 ordi-

148 1995 233 2053 nem,
257 1978 404 2054 quicquid
427 1987 492 2039 erat
510 1980 540 2039 in
562 1980 681 2040 civitate
704 1980 800 2041 sancti
820 1987 851 2040 et
869 1979 978 2054 electi,
994 1979 1075 2038 duos
1096 1979 1127 2036 in

149 2064 249 2123 medio
266 2065 406 2135 relictos,
421 2064 641 2139 rempublicam
655 2072 685 2124 ct
701 2064 855 2124 Catonern.
899 2060 1068 2137 Miraberis,
1084 2061 1125 2121 in·

150 2163 251 2223 quem,
267 2164 335 2208 cum
349 2147 600 2208 animadverteris

210 2231 335 2293 Atriden
352 2233 564 2308 hiemumque
577 2237 607 2294 ct
617 2249 733 2293 saccom
747 2233 885 2292 ambobus
897 2231 1051 2293 Achillen:
1116 2290 1119 2296 .

106 2320 310 2392 olutrumque
331 2318 411 2375 enim
428 2316 585 2392 inprobat,
600 2323 762 2391 utrumque
778 2321 924 2376 exarmat.
968 2315 1056 2375 Hanc
1074 2314 1129 2375 lert

149 2401 188 2459 de
206 2409 337 2476 utroque
357 2401 551 2462 sententiam=
576 2401 617 2460 ait
632 2417 701 2474 ,‚se,
723 2399 750 2460 si
768 2401 880 2460 Caesar
896 2398 1018 2473 vicerit,
1039 2398 1129 2458 mori·

149 2493 264 2558 turum,
287 2485 314 2544 si
328 2484 501 2558 Pompeius,
518 2487 739 2545 exulaturum.“
783 2483 861 2557 Quid
876 2483 1023 2556 habebat,
1047 2482 1129 2559 quod

148 2569 281 2640 timeret,
303 2569 354 2642 qui
375 2567 406 2626 id
428 2569 531 2627 sibiet
549 2566 631 2629 victo
649 2577 679 2629 et
692 2566 799 2629 victori
815 2567 1028 2640 constituerat,
1051 2581 1130 2642 quae

150 2652 312 2711 constituta
334 2664 405 2710 esse
425 2651 463 2711 ab
487 2651 627 2712 hostibus
653 2652 824 2713 iratissimis
850 2657 1012 2725 poterant?
1044 2649 1131 2725 periit

106 2733 251 2808 sellaque
272 2749 309 2793 ex
329 2734 453 2795 decreto
476 2750 544 2795 suo.
587 2734 686 2797 Vides
707 2751 803 2810 posse
827 2736 967 2794 homines
992 2734 1129 2794 laborem

149 2818 224 2892 pati:
253 2832 309 2892 per
327 2816 444 2878 medias
466 2817 589 2879 Airicac
610 2820 790 2880 solitudines
810 2819 907 2894 pedes
932 2818 1019 2878 duxit
1042 2833 1130 2878 exer·

150 2900 249 2960 citum.
278 2901 365 2960 vides
387 2918 482 2976 posse
506 2903 627 2962 tolerari
648 2904 743 2963 sitim:
771 2904 800 2963 in
823 2902 952 2963 collibus
973 2902 1129 2962 arentibus

150 2983 217 3045 sine
238 2983 309 3045 ullis
330 2983 545 3060 inpedimentis
569 2985 639 3046 victi
661 2988 814 3047 exercitus
835 2985 982 3061 reliquias
1003 2985 1128 3046 trallens

149 3068 283 3144 inopiam
297 3069 435 3131 humoris
450 3071 594 3130 loricatus
608 3072 674 3131 tulit
691 3078 736 3144 et,
760 3071 902 3146 quotiens
917 3085 1018 3144 aquae
1032 3069 1130 3130 luerat

150 3152 284 3227 occasio,
301 3154 488 3214 novissimus
501 3153 586 3214 bibit.
607 3155 695 3215 vides
710 3155 857 3216 honorem
872 3161 902 3214 et
916 3161 1019 3212 notam
1035 3167 1130 3229 posse

150 3239 317 3298 contemni:
346 3240 455 3299 eodem
478 3253 539 3313 quo
563 3240 707 3313 repulsus
733 3246 781 3299 est
802 3239 851 3298 die
873 3238 903 3297 in
924 3235 1048 3297 comitio
1070 3236 1130 3312 pila

150 3321 230 3382 lusit.
258 3321 345 3382 vides
365 3339 461 3398 posse
480 3337 542 3381 non
562 3323 659 3382 timeri
680 3322 845 3399 potentiam
865 3321 1078 3395 superiorum=
1100 3327 1132 3380 et

149 3404 327 3480 Pompeium
342 3413 372 3467 et
389 3407 560 3480 Caesarem,
576 3423 705 3483 quorum
720 3423 810 3469 nemo
825 3407 953 3467 alterum
971 3405 1130 3468 offendere

151 3488 298 3562 audebat,
320 3489 377 3549 nisi
393 3498 427 3551 ut
447 3491 574 3550 alterum
589 3492 808 3565 demereretur,
830 3488 921 3550 simul
939 3486 1129 3565 provocavit
