2468 3930
138 209 202 275 uod
428 208 462 267 L.
483 205 631 267 ΑΝΝΑΕΙ
653 206 829 267 SENECAE

138 370 208 425 ante
223 360 387 437 loquebar,
403 368 560 436 praestare
574 373 635 418 non
650 364 792 433 possunt.
812 358 888 419 ludit
900 359 969 419 istis
984 356 1117 436 animus,

138 465 199 509 non
215 446 338 522 prolicit
350 451 380 504 et
395 442 622 519 philosophiam
636 459 655 502 a
670 442 790 517 fastigio
803 458 860 504 suo
874 440 999 504 deducit
1009 444 1040 504 iu
1053 446 1117 520 plo·

108 541 218 591 bnum.
250 530 357 589 Necte
371 528 579 603 prohibuerim
594 527 760 601 aliquando
774 525 834 587 ista
849 543 950 602 agere,
967 528 1023 587 scd
1036 535 1117 603 tuuc,

138 631 207 675 oum
221 614 308 674 voles
323 612 396 672 nihil
411 627 511 686 agere.
529 611 589 672 hoc
603 618 705 670 tamen
720 609 833 671 habent
847 612 877 672 in
890 627 926 693 sp
936 611 1116 686 pessimum,

138 698 330 758 dulcedinem
343 696 562 770 quamdamsui
575 695 725 756 faciuntet
736 693 869 755 animum
880 695 988 770 specie
1001 695 1117 758 subtili·
1162 741 1163 744 ,

136 783 206 842 tatis
221 781 376 841 inductum
387 786 491 840 tenent
503 796 539 839 ac
552 786 717 852 morantur,
733 795 802 840 cum
813 786 1009 840 tartarorum
1020 780 1117 841 moles

136 873 240 941 vocet,
263 881 332 925 cum
357 866 406 923 vix
428 871 492 926 tota
512 864 574 923 vita
595 864 743 937 sufficiat,
765 869 799 925 ut
811 863 873 924 hoc
893 878 987 925 unum
1002 865 1116 938 discas,

137 950 228 1011 vitam
250 957 455 1010 contemnere.
485 946 599 1021 „Quid
619 951 766 1022 regeret“
782 947 895 1022 inquis,
940 946 1116 1009 Secundum

138 1049 217 1109 opus
239 1041 300 1094 cett
327 1048 395 1092 nam
416 1047 506 1092 nemo
528 1032 608 1092 illam
628 1031 708 1092 bene
728 1031 807 1091 rexit
827 1031 886 1092 nisi
911 1031 964 1107 qui
982 1040 1115 1094 oontem-

136 1124 250 1193 pserat.
283 1118 370 1177 Vale.

424 1251 640 1311 EPISTULA
660 1253 706 1311 ΠΙ.
736 1253 825 1324 (112.)

402 1345 512 1397 sunnon
530 1347 641 1398 Lucum
660 1357 712 1396 suo
732 1358 872 1398 sunnon.

110 1464 123 1515 1
199 1452 295 1527 cupio
313 1451 504 1512 mehercules
520 1451 650 1514 amicum
662 1457 744 1510 tuum
757 1448 889 1523 formari,
901 1457 934 1510 ut
946 1450 1116 1526 desideras,

137 1544 167 1596 et
178 1537 307 1596 institui=
325 1536 381 1596 sed
392 1536 482 1594 valde
497 1536 592 1595 durus
607 1534 733 1609 capitur,
749 1531 850 1607 immo,
868 1533 952 1610 quod
964 1537 1116 1597 estmole

137 1621 228 1694 stius,
255 1619 344 1681 valde
364 1620 463 1679 mollis
480 1620 599 1694 capitur
615 1625 645 1678 et
665 1618 888 1696 consuetudine
901 1618 983 1678 mala
998 1634 1036 1680 ac
1052 1620 1115 1680 diu·

136 1704 199 1764 tina
226 1703 351 1765 fractus.
373 1702 445 1764 volo
471 1703 523 1763 tibi
545 1719 584 1762 ex
604 1708 710 1763 nostro
732 1702 860 1763 artificio
876 1704 1053 1779 exemplum
1069 1719 1115 1763 re·

107 1789 230 1854 nferrer
255 1803 317 1847 non
338 1786 492 1863 quaelibet
512 1787 685 1847 insitionem
703 1787 771 1847 vitis
788 1786 914 1862 potitura
938 1790 965 1846 si
981 1795 1072 1848 vetus
1086 1795 1116 1848 ct

135 1886 231 1932 exesa
245 1879 308 1946 est,
330 1872 356 1931 si
372 1871 491 1930 infirma
506 1871 705 1946 gracilisque,
722 1878 850 1932 autnon
866 1871 993 1948 recipiet
1006 1887 1114 1932 surcu-

133 1956 195 2016 lum
211 1962 335 2015 autnon
351 1956 411 2015 alet
421 1972 478 2017 nec
493 1956 658 2032 adplicabit
671 1955 730 2014 sibi
742 1970 799 2016 uec
812 1956 843 2014 in
858 1955 1029 2031 qualitatem
1045 1956 1114 2016 eius

134 2047 334 2116 naturamque
351 2041 497 2102 transibit.
518 2041 622 2117 itaque
638 2040 773 2100 solemus
790 2055 884 2115 supra
897 2046 1006 2099 terram
1022 2052 1113 2115 prae·

135 2123 246 2196 cidere,
261 2133 303 2198 ut
320 2125 346 2185 si
362 2142 423 2185 non
437 2123 612 2200 respondit,
627 2124 767 2200 temptari
782 2122 884 2200 possit
898 2123 1036 2184 secunda
1050 2123 1113 2183 lor·

103 2215 205 2270 3tuna
220 2211 370 2270 etiterum
384 2208 899 2286 repetitainlraterraminseratur.
920 2206 987 2283 Hic,
997 2207 1039 2268 de
1050 2223 1113 2284 quo

133 2293 243 2353 scribis
258 2301 288 2354 et
302 2296 446 2370 mandas,
462 2310 524 2355 non
541 2292 634 2355 babet
651 2294 746 2353 vires=
766 2291 891 2352 indulsit
903 2289 996 2353 vitiis.
1022 2291 1114 2353 simul

132 2385 162 2438 et
176 2381 322 2439 emarcuit
337 2386 367 2439 et
380 2378 522 2440 induruit.
535 2394 596 2439 non
612 2384 716 2453 potest
726 2377 865 2453 recipere
874 2375 1034 2450 rationem,
1048 2392 1113 2438 non

131 2471 234 2538 potest
253 2465 376 2524 nutrire.
407 2465 467 2538 „At
487 2461 572 2538 cupit
584 2463 685 2537 ipse.“
714 2460 783 2521 Noli
798 2460 934 2522 credere.
963 2476 1026 2521 non
1042 2459 1113 2521 dico

131 2547 215 2606 illum
237 2545 355 2607 mentiri
374 2545 441 2608 tibi:
464 2553 550 2622 putat
569 2562 604 2607 se
624 2561 747 2622 cupere.
770 2543 959 2607 stomachum
980 2545 1023 2606 illl
1042 2545 1115 2607 lecit

101 2631 265 2691 sluxuriar
292 2630 351 2690 cito
374 2647 443 2690 cum
462 2631 513 2691 illa
533 2630 695 2692 redibitio
715 2629 852 2706 gretiam.
882 2627 966 2703 „Sed
988 2629 1062 2690 dicit
1077 2645 1114 2690 se

131 2714 246 2775 offendi
260 2715 322 2774 vita
337 2720 425 2777 sua.“
460 2715 527 2777 Non
543 2714 729 2790 negaverim.
756 2714 825 2790 quis
842 2712 923 2773 eninr
935 2728 1000 2774 non
1015 2712 1113 2775 olien-

131 2797 232 2857 diturt
256 2797 395 2859 homines
409 2798 482 2860 vitia
497 2816 555 2861 sua
569 2806 599 2859 et
616 2805 718 2860 amant
731 2798 821 2860 simul
835 2805 866 2858 et
879 2796 1025 2861 odernnt=
1039 2806 1114 2860 tnnc

129 2880 234 2957 itaque
248 2883 288 2943 de
303 2883 354 2944 illo
370 2883 503 2946 feremus
516 2881 714 2959 sententiam,
731 2899 800 2945 cum
815 2882 910 2943 fldem
923 2881 1015 2945 nobis
1030 2884 1112 2944 lece·

128 2966 169 3026 rit
182 2967 313 3028 invisam
333 2967 393 3029 iam
414 2968 474 3030 sibi
494 2985 567 3031 esse
585 2967 751 3029 luxuriam:
773 2981 855 3027 nunc
868 2965 929 3027 illis
942 2969 1022 3029 malo
1038 2982 1113 3030 con-

129 3052 220 3114 venit.
258 3054 345 3113 Vale.

416 3189 635 3248 EPISTULA
654 3192 703 3248 IV.
729 3192 819 3260 (lla)

377 3287 489 3341 sunnon
505 3287 617 3339 Lucum
636 3297 689 3338 suo
710 3297 849 3338 annornm

101 3399 114 3450 1
187 3390 355 3452 Desideras
370 3389 424 3451 tibi
438 3388 531 3450 scribi
547 3405 638 3465 ame,
655 3387 728 3465 quid
744 3387 873 3450 sentiam
888 3387 928 3448 do
939 3386 1000 3448 bac
1013 3402 1104 3463 queo

129 3472 229 3533 stione
249 3471 358 3535 iactato
376 3473 459 3551 opud
478 3480 621 3537 nostros:
641 3490 686 3534 an
708 3472 877 3549 iustitia,
899 3470 1111 3545 tortitudo,
