2468 3930
203 228 245 292 ³8
493 228 527 287 L.
550 227 696 286 ΑΝΝΛΕΙ
719 226 893 286 SENECAE

205 381 383 445 stituissem.
404 395 495 454 reges
515 379 646 440 Parthos
665 396 727 440 non
747 388 849 455 potest
867 380 1030 456 quisquam
1046 382 1183 443 salutare

204 468 272 528 sine
287 479 426 524 munerea
442 462 495 523 tibi
509 463 683 523 valedicere
699 480 760 524 non
776 464 846 523 licet
861 465 964 539 gratis.
998 463 1078 539 Quid
1091 467 1183 527 istict

204 551 243 610 ab
258 549 392 624 Epicuro
407 554 544 608 mutuum
560 562 692 607 sumam=
721 546 876 621 „Multis
898 564 1065 624 parasse
1081 550 1181 610 divi-

204 634 280 694 tias
302 648 375 692 non
397 631 490 691 linis
513 630 762 691 miseriarum
785 632 872 706 luit,
901 632 970 692 sed
989 635 1182 697 mutatio.“

162 727 195 782 ll
206 716 273 777 Non
287 715 347 776 hoc
363 716 464 775 miror.
487 730 547 773 non
563 721 611 774 est
624 714 703 773 enim
718 713 748 773 in
759 715 852 775 rebus
865 715 976 788 vitium,
994 716 1095 776 sedin
1111 719 1181 794 ipso

204 801 315 860 animo.
338 798 427 872 illud,
457 797 541 873 quod
565 805 775 872 paupertatem
795 797 885 859 nobis
907 814 1034 874 gravem
1055 801 1179 876 lecerat,

203 892 233 945 et
244 883 364 944 divitias
376 896 488 956 graves
500 881 579 941 iecit.
598 881 857 955 Quemadmodum
869 881 942 942 nihil
955 882 1065 959 differt,
1080 891 1181 946 utrum

203 982 327 1041 aegrum
339 968 369 1026 iu
383 966 484 1040 ligneo
498 966 577 1026 lecto
594 981 632 1023 an
649 966 679 1023 in
695 980 789 1026 aureo
805 968 967 1027 conloces=
984 983 1181 1045 quocumque

202 1051 285 1112 illum
305 1050 512 1123 transtuleriS,
536 1048 677 1109 morbum
696 1064 801 1108 secum
824 1065 913 1110 suum
931 1052 1113 1113 transieram
1135 1053 1180 1113 sic

201 1135 275 1194 nihil
289 1136 390 1208 refert,
408 1140 508 1194 utrum
527 1147 620 1206 aeger
635 1132 754 1193 animus
769 1134 799 1192 in
815 1132 928 1194 divitiis
945 1151 983 1194 an
999 1135 1028 1193 in
1044 1151 1176 1212 pauper·

202 1226 261 1279 tate
276 1225 415 1294 ponatur.
435 1218 546 1278 malum
565 1232 654 1276 suum
669 1217 750 1276 illum
768 1217 917 1292 sequitur.
943 1219 1032 1278 Vale.

497 1352 715 1409 EPISTOLA
734 1355 781 1409 Vl.
804 1355 876 1426 (18.)

454 1448 565 1499 Seneca
583 1448 695 1499 Lucrrro
712 1460 764 1500 suo
781 1461 921 1502 sanurrrr.

171 1562 185 1615 1
264 1553 434 1612 December
449 1560 496 1612 est
510 1551 639 1612 mensis=
656 1567 725 1612 cum
739 1553 871 1612 maxime
885 1551 992 1613 civitas
1008 1552 1109 1612 sudat.
1130 1552 1179 1613 ius

204 1637 342 1697 luxuriae
369 1637 511 1710 publicae
537 1636 640 1696 datum
666 1643 723 1695 est·
754 1636 868 1711 ingenti
893 1636 1044 1711 adparatu
1069 1644 1180 1697 sonant

203 1721 319 1793 omnia,
345 1726 500 1795 tamquam
527 1718 693 1794 quicquam
717 1719 795 1780 inter
818 1718 990 1780 Saturnalia
1010 1718 1128 1781 intersit
1151 1727 1180 1780 et

203 1804 269 1864 dies
290 1819 392 1864 rerum
413 1803 613 1878 agendarum:
642 1804 721 1864 adeo
743 1802 816 1863 nihil
838 1804 981 1879 interest,
1008 1811 1119 1865 utnon
1133 1804 1176 1864 vi·

204 1888 311 1949 deatur
324 1886 397 1946 mihi
411 1903 542 1962 errasse,
558 1885 611 1962 qui
626 1887 715 1947 dixit:
737 1888 807 1948 olim
824 1903 962 1947 mensem
979 1887 1179 1948 Decembrem

173 1972 313 2043 aluisse,
339 1987 420 2030 nunc
435 1987 556 2031 annum.
594 1970 627 2030 Si
641 1978 670 2031 te
684 1970 734 2030 hic
747 1971 907 2046 haberem,
933 1971 1063 2032 libenter
1076 1977 1178 2032 tecum

203 2057 383 2129 conferrem,
407 2055 481 2131 quid
496 2055 685 2116 existimares
700 2071 772 2116 esse
786 2057 974 2115 laciendum=
989 2061 1091 2115 utrum
1105 2052 1178 2114 nihil

201 2155 241 2198 ex
261 2137 413 2199 cotidiana
433 2138 655 2200 consuetudine
676 2140 877 2214 movendum,
897 2155 951 2212 aa,
973 2154 1012 2198 ne
1026 2137 1179 2199 dissidere

200 2222 377 2283 videremur
393 2239 462 2284 cum
476 2222 607 2299 publicis
622 2222 773 2295 moribus,
796 2230 826 2282 et
842 2223 968 2284 hilarius
985 2223 1178 2284 coenandum

201 2314 231 2367 et
245 2308 418 2367 exuendam
432 2316 544 2382 togam.
565 2323 634 2366 nam
651 2306 736 2383 quod
751 2307 817 2366 fieri
830 2307 889 2367 nisi
904 2308 934 2366 in
949 2307 1079 2367 tumultu
1090 2306 1178 2367 ettri·

200 2393 239 2452 sti
248 2399 385 2467 tempore
398 2390 526 2451 civitatis
537 2407 598 2451 non
610 2391 737 2462 solebat
753 2391 918 2466 voluptatis
930 2406 1024 2450 causa
1036 2404 1072 2449 aa
1085 2389 1177 2450 lesto-

171 2491 266 2545 3rum
288 2475 404 2536 dierum
424 2486 542 2534 vestem
562 2473 755 2535 mutavimus.
794 2473 826 2535 Si
841 2483 871 2535 te
885 2474 964 2534 bene
978 2471 1061 2546 novi,
1077 2472 1178 2534 arbitri

200 2560 338 2636 partibus
359 2561 480 2619 iunctus
496 2574 554 2616 nec
570 2574 625 2632 per
639 2558 740 2619 omnia
757 2573 814 2618 nos
830 2559 944 2619 similes
961 2572 1033 2617 esse
1048 2553 1178 2632 pilectae

199 2644 307 2702 turbae
322 2641 476 2700 voluisses
499 2656 556 2700 nec
578 2657 633 2715 per
647 2641 749 2702 omnia
763 2642 943 2702 dissimiles:
965 2641 1025 2700 nisi
1038 2641 1116 2700 forte
1130 2639 1178 2700 his

200 2725 332 2784 maxime
347 2724 456 2783 diebus
479 2724 580 2784 animo
596 2723 807 2799 imperandum
822 2733 885 2798 est,
906 2732 937 2784 ut
951 2733 1022 2786 tunc
1036 2724 1177 2799 volupta-

200 2808 281 2870 tibus
298 2809 384 2867 solus
399 2805 558 2881 abstineat,
580 2825 649 2868 cum
662 2809 691 2868 in
707 2810 775 2870 illas
790 2809 889 2869 omnis
900 2810 988 2870 turba
1000 2808 1177 2883 procubuit:

201 2892 403 2952 certissimum
420 2892 521 2968 [enim]
537 2900 745 2967 argumentum
766 2892 916 2953 firmitatis
937 2907 1013 2953 suae
1033 2891 1130 2967 capit,
1152 2889 1178 2950 si

201 2976 240 3035 ad
258 2975 371 3035 blanda
393 2982 422 3034 et
442 2974 471 3034 in
488 2976 639 3037 luxuriam
654 2977 803 3037 trahentia
816 2992 875 3036 nee
894 2977 917 3036 it
936 2991 994 3035 nec
1007 2973 1177 3035 abducitur.

172 3060 267 3119 tHoc
282 3061 375 3119 multo
392 3060 500 3120 lortius
516 3067 571 3131 est,
588 3060 673 3120 ebrio
696 3075 733 3120 aa
749 3059 915 3120 vomitante
929 3059 1045 3135 populo
1062 3058 1179 3119 siccum

202 3159 238 3203 ac
253 3142 389 3204 sobrium
405 3159 486 3204 esse.
508 3144 582 3203 illud
596 3145 803 3219 temperatius,
819 3161 881 3205 non
893 3157 1061 3217 excerpere
1074 3157 1109 3202 se
1121 3156 1179 3202 nec

201 3225 339 3302 insigniri
355 3243 412 3287 nec
428 3228 548 3287 misceri
565 3227 705 3287 omnibus
719 3235 750 3288 et
764 3228 887 3300 eadem,
912 3227 970 3288 sed
990 3242 1053 3286 non
1068 3226 1179 3285 eodem

201 3312 294 3370 modo
310 3313 427 3372 iacere:
452 3310 523 3371 licet
540 3311 620 3370 enim
635 3310 702 3371 sine
719 3311 839 3372 luxuria
854 3327 946 3387 agere
960 3312 1071 3370 festum
1087 3308 1179 3369 diem.

173 3393 340 3454 scelerum
362 3396 441 3456 adeo
465 3394 537 3453 mihi
558 3394 658 3470 placet
669 3401 818 3469 temptare
833 3396 924 3454 animi
939 3396 981 3455 tui
996 3393 1178 3466 firmitatem,

208 3480 236 3534 rt
249 3491 288 3535 ex
310 3485 476 3553 praecepto
494 3494 671 3554 magnorum
691 3477 825 3539 virorum
844 3477 898 3538 tibi
920 3493 1046 3554 quoque
1060 3477 1179 3553 praeci·
