2468 3930
194 241 258 307 272
472 242 507 300 L.
528 239 675 300 ANNAEl
698 237 873 300 SENECAE

195 398 275 470 nire,
298 409 532 470 praesumamus
546 392 665 466 animo,
686 391 713 453 si
728 393 870 452 nolumus
889 391 1020 468 obprimi
1038 409 1100 455 nee
1113 395 1185 458 ullis

194 478 345 540 inusitatis
366 478 449 536 velut
472 476 562 536 novis
587 475 803 550 obstupefieri=
828 475 859 535 in
879 476 1004 551 plenum
1020 479 1186 552 cogitanda

167 562 315 624 9iorluna
328 567 384 621 est.
422 559 568 633 Quotiens
581 559 686 633 Asiae,
704 558 846 633 quotiens
861 559 999 619 Achaiae
1012 561 1107 623 urbes
1122 581 1185 626 uno

194 653 326 706 tremore
343 643 540 704 oeciderunt?
560 649 636 716 quot
650 642 766 717 oppida
782 643 812 702 in
826 641 926 720 Syrte,
944 650 1020 719 quot
1035 645 1067 704 in
1081 646 1185 708 Maee-

195 727 290 790 donia
313 728 463 788 devorata
487 732 585 790 santi,
627 725 752 804 Cypron
779 727 923 800 quotiens
948 728 1081 790 vastavit
1107 729 1186 791 haee

195 813 321 873 oladest
356 809 498 885 quotiens
518 810 550 870 in
563 824 600 869 aa
613 807 737 884 Paphus
754 810 894 870 oonruitt
938 811 1116 885 frequenter
1130 831 1184 875 no·

194 896 243 956 bis
258 895 469 956 nuntiatisunt
491 900 621 953 totarum
640 892 760 953 urbium
785 893 924 954 interitus
949 900 980 954 et
1004 911 1078 970 nos,
1107 897 1187 958 inter

194 994 277 1055 quos
293 980 470 1053 frequentur
486 977 545 1037 isla
562 977 750 1051 nuntiantur,
781 984 875 1053 quola
888 993 962 1052 pars
982 978 1118 1040 omnium
1130 997 1185 1042 su-

195 1069 285 1123 must
321 1063 548 1135 consurgamus
566 1059 668 1135 itaqua
683 1061 834 1122 adversus
848 1061 973 1123 tortuita
989 1070 1019 1123 et
1034 1062 1186 1138 quioquid

194 1145 350 1221 inciderit,
377 1145 511 1206 sciamus
532 1161 595 1206 uon
618 1159 689 1204 esse
711 1149 770 1204 lam
793 1161 938 1218 magnum
951 1162 1047 1221 quam
1061 1163 1186 1209 rumore

155 1228 331 1292 loiaotetur.
369 1228 485 1289 Civitas
506 1229 580 1289 arsit
599 1229 744 1302 opulenta
763 1237 1040 1305 ornamentumque
1060 1233 1185 1306 provin-

197 1313 325 1388 ciaram,
348 1312 462 1388 auibus
483 1319 514 1371 et
529 1313 644 1372 inserta
660 1318 729 1372 erat
742 1319 773 1373 et
789 1321 934 1387 excepta,
950 1314 1004 1374 uni
1024 1320 1125 1374 tamen
1140 1316 1184 1375 in·

195 1398 298 1474 posita
310 1405 344 1457 et
358 1397 429 1456 haio
446 1410 508 1455 non
523 1396 671 1457 altissimo
685 1397 796 1457 monti:
819 1397 952 1457 omnium
968 1397 1095 1458 istarum
1111 1399 1184 1458 aivi-

194 1482 315 1554 tatium,
343 1495 421 1556 quas
436 1496 518 1540 nune
532 1477 712 1554 magnificas
732 1496 769 1540 ac
789 1478 909 1543 nobiles
926 1481 1029 1555 audis,
1054 1482 1186 1556 vestigia

198 1580 323 1641 quoque
340 1571 462 1637 tempus
488 1563 604 1623 eradat.
649 1578 712 1624 non
736 1564 841 1638 vides,
868 1565 1128 1640 queamdmodum
1152 1566 1184 1624 in

196 1647 313 1709 Astraia
329 1647 565 1707 clarissimarum
574 1645 772 1708 rubiumiam
788 1649 985 1708 fundamenta
999 1656 1186 1724 consumpta

196 1732 256 1792 sint
269 1747 327 1790 nee
344 1731 508 1806 quiequam
520 1736 639 1803 exstet,
673 1746 712 1791 ex
740 1748 801 1806 quo
828 1732 975 1807 adpareat
995 1732 1063 1792 illas
1085 1733 1186 1793 saltim

155 1824 187 1876 ll
196 1813 315 1876 fuisset
355 1815 422 1874 Non
441 1822 557 1874 tantum
572 1831 664 1874 manu
678 1814 759 1876 laeta
772 1815 914 1875 labuntur
928 1829 985 1873 neo
999 1821 1114 1876 lantum
1130 1817 1185 1876 hu-

196 1915 286 1959 mana
310 1905 374 1958 arte
399 1905 491 1972 atque
512 1897 662 1959 industria
682 1899 784 1973 posita
797 1896 983 1958 vertitatem
1012 1896 1084 1971 iuga
1097 1915 1185 1958 mon-

196 1984 270 2044 tium
286 1981 438 2043 diffluunt.
467 1988 551 2042 totae
566 1983 717 2042 desedere
729 1981 881 2056 maiorm.
915 1986 1022 2055 operta
1036 1988 1110 2041 sunt
1127 1981 1185 2043 llu-

197 2067 312 2140 otibus,
335 2082 413 2140 quae
430 2066 542 2141 procul
557 2082 575 2125 a
589 2072 759 2141 conspeetu
777 2063 870 2126 maris
885 2064 1014 2126 stabunt.
1053 2067 1188 2128 vastavit

196 2149 276 2226 ignis
292 2148 308 2187 *
322 2154 433 2223 solum,
448 2151 560 2224 eolles,
575 2166 632 2225 per
647 2166 727 2225 quos
741 2149 912 2223 relucebat,
931 2147 1026 2210 erosit
1040 2153 1072 2207 et
1088 2165 1185 2223 quon·

197 2236 267 2295 dam
283 2235 448 2295 altissimos
464 2232 612 2308 vertices,
628 2233 740 2295 solatia
753 2231 960 2308 navigantium
974 2247 1013 2293 aa
1027 2234 1184 2308 speculas,

197 2319 238 2379 ad
250 2319 364 2379 humile
379 2319 515 2379 deduxit.
538 2318 641 2392 lpsius
652 2325 779 2381 naturae
793 2333 890 2394 opere
903 2323 1054 2377 vexantur
1068 2323 1099 2377 et
1113 2316 1184 2379 ideo

158 2416 296 2478 leaeque
308 2404 412 2463 auimo
428 2404 508 2462 ferre
521 2401 672 2462 debemus
686 2402 807 2463 urbium
821 2401 952 2462 excidia.
997 2399 1116 2461 (lasura
1132 2415 1185 2460 ex·

197 2493 286 2547 stant.
330 2502 437 2547 omnes
457 2485 507 2545 hie
529 2485 629 2546 exitus
649 2491 767 2546 manen
798 2485 864 2546 sive
884 2486 1003 2546 interna
1016 2483 1064 2544 vis
1079 2481 1185 2544 flatus-

196 2586 258 2645 que
272 2570 436 2645 praeolusa
452 2570 595 2630 violentia
609 2570 743 2644 pondus,
758 2568 817 2630 sub
833 2585 895 2645 quo
909 2574 1058 2640 tenentur,
1074 2583 1185 2628 exeus-

197 2654 306 2726 serint,
339 2655 405 2713 sive
426 2653 605 2713 torrentium
624 2652 656 2713 in
678 2652 781 2714 abdito
802 2650 868 2730 [vis]
894 2651 1009 2712 vastior
1034 2650 1187 2713 obstantia

197 2734 365 2810 effregerit,
389 2736 455 2794 sive
470 2735 660 2797 flammarum
674 2737 819 2798 violentia
836 2735 1042 2811 eonpaginetn
1058 2735 1118 2795 soli
1136 2752 1186 2796 ru-

196 2818 284 2895 perit,
301 2817 368 2878 sive
382 2826 536 2893 vetustas,
557 2821 589 2880 in
612 2838 674 2897 qua
693 2820 766 2880 nihil
781 2827 877 2881 tutum
892 2825 949 2894 est,
964 2817 1187 2894 expugnaverit

196 2902 372 2978 minutatim,
388 2904 455 2963 sive
468 2905 602 2978 gravitas
617 2905 696 2965 coeli
709 2904 832 2966 eiecerit
846 2905 981 2980 populos
994 2910 1025 2963 el
1038 2903 1117 2964 situs
1131 2901 1186 2961 de·

199 2994 280 3049 serta
295 2988 480 3062 corruperit.
510 2988 698 3052 Enumerare
711 3005 818 3049 omnes
833 2990 964 3049 latorum
979 2986 1046 3047 vias
1060 2987 1186 3060 longum

197 3078 259 3132 est:
284 3071 344 3133 hoa
364 3089 459 3132 unum
475 3073 558 3134 saio=
590 3073 692 3134 omnia
705 3073 877 3134 mortalium
892 3087 988 3148 opera
1002 3069 1186 3132 mortalitate

156 3165 189 3219 13
197 3156 340 3216 damnata
360 3164 446 3231 sunt,
475 3156 554 3217 inter
568 3158 701 3232 peritura
717 3156 857 3217 vivimus.
903 3157 988 3216 Haeo
1003 3170 1077 3230 ergo
1093 3160 1187 3228 utque

196 3239 350 3301 eiusmodi
366 3242 476 3304 solatia
489 3241 641 3302 admoveo
654 3241 787 3302 Liberali
798 3249 907 3303 nostro
922 3238 1094 3300 incredibili
1110 3252 1186 3313 quo·

197 3324 268 3384 dam
282 3326 398 3400 patriae
413 3340 489 3385 suae
504 3341 607 3388 amone
621 3325 780 3401 flagranti,
797 3341 877 3400 puae
893 3326 1027 3385 tortasse
1042 3336 1186 3383 eonsum-

118 3456 123 3464 .
196 3415 250 3481 pta
264 3416 320 3481 est,
334 3409 413 3469 utin
427 3409 537 3470 melius
553 3410 754 3471 exaltaretur:
775 3425 896 3485 saepe
909 3407 1047 3469 maiori
1063 3408 1186 3467 tortu-

196 3506 266 3550 nae
281 3493 405 3552 looum
427 3493 524 3554 feeit
542 3493 693 3555 iniuria
727 3496 821 3556 marita
831 3492 1027 3568 oeciderunt,
1045 3496 1082 3552 al
1095 3487 1186 3551 atam
