2468 3930
243 218 413 281 EPISTUL.
428 218 522 282 MOR.
542 221 615 281 LIB.
630 222 666 281 X.
688 221 746 281 ΕΡ.
758 231 784 283 1.
795 231 821 283 l.
839 229 897 298 (77.
908 229 966 297 78.)
1027 226 1089 292 195

112 375 208 434 multa
222 371 352 432 honeste
371 372 461 431 facio.
499 370 612 432 invitus
630 371 770 448 relinquo
789 373 890 434 officia
905 376 999 451 vitae,
1022 381 1087 453 qui·

111 458 172 518 bus
187 455 318 517 fideliter
333 463 364 515 et
377 455 526 516 industrie
544 457 686 530 fungor.“
716 456 860 530 Quidam
876 460 979 519 nescis
993 478 1087 523 unum

112 556 186 601 esse
201 555 241 600 ex
256 537 336 599 vitae
350 537 461 598 officiis
477 545 508 598 et
520 540 619 598 morit
646 541 760 600 nullum
777 541 911 601 officium
927 544 1087 619 relinquis.

115 640 175 684 uon
190 621 271 684 enim
286 628 389 683 certus
404 638 564 698 numerus,
581 638 671 698 quern
686 623 801 685 debeas
817 627 957 701 explere,
976 626 1087 690 linitur.

110 707 200 768 Nulla
213 704 276 767 vita
290 713 338 767 est
353 721 416 765 non
429 706 544 765 brevis.
580 723 650 766 narn
673 707 699 766 si
714 708 753 768 ad
771 715 909 769 naturam
925 726 1026 772 rerum
1042 725 1130 777 re-so

111 790 270 867 spexeris,
292 789 381 850 etiarn
396 787 579 850 Nestoriset
591 789 727 851 Statiliae
741 791 844 851 brevis
859 800 920 866 est,
947 812 1025 869 quae
1042 798 1087 857 in·

110 874 204 935 scribi
224 880 419 935 monumento
438 889 496 933 suo
517 873 606 935 iussit
628 874 716 932 annis
737 890 772 934 se
793 877 1087 950 nonagintanovem

109 958 237 1020 vixisse.
266 955 355 1017 vides
371 957 503 1032 aliquem
519 956 643 1030 gloriari
658 966 817 1018 senectute
831 961 933 1035 longa.
967 965 1036 1038 quis
1052 965 1086 1024 il-

109 1043 171 1102 lam
191 1042 271 1101 ierre
292 1041 459 1116 potuisset,
482 1041 508 1099 si
531 1041 712 1116 contigisset
731 1043 929 1103 centesimum
949 1045 1087 1121 inpleret

110 1124 271 1200 Quomodo
284 1123 402 1198 fabula,
418 1123 464 1183 sic
477 1126 539 1184 vita
559 1141 620 1185 non
642 1140 733 1199 quarn
749 1124 815 1199 diu,
832 1127 889 1185 sed
903 1128 1087 1201 quambene
1203 1155 1206 1162 ·

110 1208 365 1281 ocustarum.
396 1206 470 1267 nihil
488 1208 528 1268 ad
541 1224 605 1267 rem
624 1209 769 1282 pertinet,
787 1225 848 1284 quo
864 1211 933 1270 loco
950 1211 1085 1273 desinas.

110 1308 307 1369 quocumque
328 1293 416 1353 voles
438 1291 561 1354 desine:
584 1298 699 1352 tanturn
720 1291 833 1354 bonam
855 1294 1023 1356 clausulam
1042 1296 1088 1355 in·

108 1392 202 1453 pone.
231 1377 319 1438 Vale.

410 1511 627 1570 EPISTULA
652 1513 685 1568 ll.
713 1515 784 1584 (78.)

362 1609 473 1660 Ssnscx
489 1609 602 1660 Lucrnro
622 1619 674 1659 sno
692 1619 831 1660 assumar.

171 1712 286 1773 Vexari
305 1718 335 1772 te
356 1710 603 1771 distillationibus
625 1711 742 1772 crebris
757 1728 793 1771 ac
810 1711 983 1787 febriculis,
1005 1728 1112 1790 quael

107 1799 217 1872 longas
239 1795 453 1856 distillationes
477 1801 508 1854 et
536 1795 564 1854 in
590 1796 844 1857 consuetudinem
866 1796 1016 1859 adductas
1036 1814 1084 1858 se·

108 1887 257 1958 quuntur,
279 1895 316 1940 eo
338 1878 497 1939 molestius
512 1879 584 1938 mihi
600 1887 661 1954 est,
685 1881 756 1955 quia
780 1887 927 1955 expertus
943 1898 1012 1942 sum
1025 1881 1085 1942 hoc

106 1981 206 2041 genus
227 1963 416 2036 valitudinis,
447 1963 531 2038 quod
551 1961 630 2024 inter
651 1963 735 2024 initia
757 1965 944 2040 contempsi:
966 1972 1087 2041 poterat

106 2049 210 2110 adhuc
229 2047 439 2108 adulescentia
459 2046 584 2108 iniurias
601 2049 680 2107 lerre
696 2056 725 2108 et
742 2065 777 2109 se
792 2049 943 2110 adversus
958 2049 1084 2110 morbos

107 2132 325 2194 contumaciter
343 2145 460 2206 gerere.
494 2131 606 2191 deinde
633 2130 783 2193 subcubui
806 2138 836 2191 et
856 2148 893 2193 eo
918 2134 1085 2208 perductus

106 2233 189 2291 sum,
210 2223 244 2277 ut
264 2215 333 2291 ipse
354 2214 531 2276 distillarem
554 2215 594 2275 ad
616 2230 763 2275 summam
779 2216 906 2275 maciem
921 2217 1084 2277 deductus.

106 2300 208 2376 Saepe
222 2301 357 2375 inpetum
373 2299 440 2374 cepi
456 2298 686 2382 abrumpendae
699 2297 796 2359 vitaer
814 2299 910 2373 patris
922 2316 971 2360 me
984 2300 1112 2361 indul-2

104 2383 274 2460 gentissimi
290 2391 432 2445 senectus
448 2382 579 2442 retinuit.
606 2383 737 2457 cogitavi
749 2382 829 2441 eninr
839 2399 900 2442 non
917 2399 1008 2457 quarn
1023 2385 1083 2443 ior-

103 2469 174 2530 titer
187 2485 245 2544 ego
260 2469 337 2528 mori
349 2483 491 2543 possem,
515 2467 571 2527 sed
594 2482 685 2542 quarn
707 2465 757 2526 ille
775 2466 891 2526 fortiter
906 2465 1084 2527 desiderare
1154 2494 1159 2502 ·

103 2568 167 2613 non
182 2551 299 2628 posset.
321 2552 425 2627 itaque
439 2551 585 2627 imperavi
601 2551 689 2623 mihi,
703 2557 736 2610 ut
749 2549 895 2611 viverem.
917 2550 1083 2627 aliquando

104 2637 186 2696 enim
200 2645 232 2698 et
245 2637 350 2718 vivere
365 2637 483 2697 fortiter
498 2637 599 2696 iacere
616 2642 672 2697 est.
699 2635 783 2708 Quae
800 2633 872 2695 mihi
886 2641 960 2696 tunc
973 2635 1112 2694 luerinte

104 2720 215 2781 solatio
236 2718 350 2795 dicam,
372 2721 399 2780 si
420 2721 508 2795 prius
529 2719 589 2780 hoc
610 2721 732 2793 dixero,
760 2719 838 2779 haec
859 2721 943 2796 ipsa,
972 2717 1083 2795 quibus

103 2804 357 2880 adquiescebam,
392 2804 562 2866 medicinae
582 2803 644 2864 virn
665 2803 822 2865 habuisse.
863 2803 893 2863 in
915 2802 1083 2864 remedium

105 2889 220 2949 cedunt
232 2888 363 2949 honesta
379 2889 503 2948 solatia:
522 2895 552 2948 et
567 2889 714 2965 quicquid
727 2889 860 2949 animum
872 2886 977 2962 erexit,
993 2888 1083 2947 etiarn

102 2971 227 3048 corpori
247 2972 389 3048 prodest:
418 2972 521 3032 studia
535 2972 608 3032 rnilri
620 2979 726 3033 nostra
742 2974 832 3034 saluti
847 2973 977 3033 luerunt.
1016 2970 1082 3045 ptri-

96 3056 265 3132 losophiae
280 3065 440 3132 acceptum
455 3055 537 3129 lero,
560 3057 644 3132 quod
664 3058 799 3130 surrexi,
827 3056 912 3132 quod
928 3052 1081 3115 convalui.

101 3138 145 3201 illi
163 3141 257 3202 vitam
285 3140 383 3202 debeo
406 3147 436 3200 et
456 3139 531 3199 nihil
552 3139 617 3213 [illi]
640 3141 739 3200 minus
769 3139 915 3200 debead.
957 3137 1110 3200 Multumt

99 3223 175 3286 milri
196 3225 388 3285 contulerunt
407 3225 446 3283 ad
465 3223 578 3284 bonam
601 3223 797 3283 valitudinem
819 3222 922 3292 amici,
952 3236 1082 3297 quorum

101 3308 383 3384 adhortationibus,
416 3307 543 3382 vigiliis,
578 3305 772 3368 sermonibus
794 3303 968 3366 adlevabar.
1003 3303 1082 3363 Nihil

99 3408 216 3469 aeque,
246 3391 360 3466 Lucili,
392 3390 526 3452 virorum
551 3392 678 3467 optime,
712 3405 837 3464 aegrum
866 3386 965 3450 reiicit
989 3394 1082 3463 atque

99 3475 228 3540 adiuvat
242 3493 333 3555 quam
349 3477 513 3538 amicorum
529 3477 679 3537 adiectus.
715 3473 789 3534 nihil
805 3487 904 3597 aeqpe
918 3478 1080 3550 exspecta·
