2468 3930
180 239 240 302 188
465 239 499 297 L.
520 237 667 297 ANNAEI
690 235 865 297 SENECAE

179 397 229 448 tus
251 387 389 446 efficitur.
432 384 569 446 Dicimus
589 390 620 444 et
638 384 691 444 illa
711 385 793 448 bona
806 398 893 459 csse,
915 399 996 459 quae
1011 400 1031 445 a
1046 385 1159 449 virtute

180 472 317 547 prolecta
333 476 535 542 contectaque
550 476 634 542 sunt,
655 467 750 527 idest
764 483 859 543 opera
873 467 940 527 eius
958 469 1070 529 omnia.
1099 471 1159 533 sed

139 569 170 626 17
179 556 250 614 ideo
265 569 359 612 unum
374 552 443 626 ipsa
457 551 569 610 bonum
585 559 641 626 εει,
657 551 858 627 quianullum
874 550 943 610 sine
955 549 1007 612 illa
1024 559 1082 614 est
1123 553 1158 617 si

181 652 270 698 omne
285 636 315 695 in
331 634 432 694 animo
448 635 562 693 bonum
576 642 637 707 est,
660 633 808 710 quicquid
821 633 905 695 illum
919 634 1087 710 confirmat,
1103 653 1157 698 ex·

181 721 271 791 tollit,
292 718 471 792 amplificat,
492 717 607 777 bonum
627 726 688 777 est:
709 717 888 777 validiorem
907 724 1007 778 aulam
1023 719 1159 783 animum

182 810 212 862 et
231 801 432 862 excelsiorem
461 806 491 860 et
515 801 691 875 ampliorem
716 800 789 861 lacit
810 801 916 861 virtus.
949 817 1021 862 nam
1045 809 1158 879 cetera,

183 902 262 961 quae
277 885 458 960 cupiditales
474 891 596 944 nostras
610 883 746 957 inritant,
764 884 938 959 deprimunt
951 901 1079 960 quoque
1093 887 1157 949 ani-

181 986 264 1029 mum
279 975 309 1028 et
322 968 506 1028 labefaciunt
521 974 564 1038 et,
588 983 656 1027 cum
669 966 812 1027 videntur
823 968 982 1043 adtollere,
997 967 1107 1031 inflant
1119 986 1158 1031 ac

182 1055 275 1112 multa
291 1052 421 1112 vanitate
435 1052 591 1110 deludunt.
619 1066 691 1124 ergo
713 1066 807 1110 unum
822 1051 854 1110 id
873 1051 987 1111 bonum
1009 1058 1072 1127 est,
1094 1071 1156 1129 quo

140 1135 290 1198 18melior
314 1135 433 1194 animus
459 1135 617 1194 efficietur.
662 1133 772 1193 Omnes
799 1134 936 1195 actiones
960 1135 1055 1197 totius
1078 1137 1157 1198 vitae

181 1217 302 1279 honesti
317 1235 354 1279 ac
369 1219 465 1292 turpis
480 1224 623 1292 respectu
637 1223 855 1292 temperantur=
879 1218 919 1277 ad
933 1217 1011 1279 haec
1025 1219 1159 1281 lactendi

183 1310 286 1362 elnon
301 1301 433 1361 faciendi
454 1300 529 1360 ratio
549 1301 694 1374 dirigitur.
722 1300 794 1374 quid
817 1300 951 1374 sithoc,
973 1301 1089 1364 dicam=
1110 1304 1158 1363 vir

181 1386 282 1447 bonus
299 1385 383 1460 quod
398 1384 527 1443 honeste
539 1400 574 1443 εε
586 1385 733 1444 facturum
746 1384 905 1458 putaverit,
919 1383 1020 1458 faciet,
1036 1386 1155 1447 etiamsi

182 1467 371 1529 laboriosum
394 1467 458 1526 erit.
491 1467 596 1539 saciet,
617 1465 735 1527 etiamsi
755 1468 936 1528 damnosum
956 1467 1023 1529 crit.
1051 1468 1153 1543 faciet,

182 1551 300 1611 etiarnsi
315 1550 522 1625 periculosum
538 1552 608 1609 erit:
629 1566 736 1610 rursus
752 1552 836 1625 quod
850 1556 939 1624 turpe
954 1551 1017 1624 erit,
1032 1567 1094 1614 nan
1109 1552 1154 1612 la-

182 1634 249 1706 ciet,
263 1634 379 1693 etiamsi
391 1633 551 1708 pecuniam
562 1634 688 1708 adierat,
700 1633 818 1694 etiamsi
829 1635 1024 1710 voluptatem,
1035 1634 1155 1696 etiamsi

183 1720 357 1791 polentiam.
389 1717 428 1776 ab
447 1715 577 1776 honesto
598 1718 680 1777 nulla
702 1733 736 1777 re
756 1717 970 1791 deterrebitur,
995 1717 1036 1777 ad
1055 1719 1157 1794 turpia

140 1806 173 1860 19
182 1801 264 1861 nulla
288 1799 471 1861 invitabitur.
513 1800 594 1874 Ergo
620 1800 646 1860 si
675 1800 837 1861 honestum
862 1801 968 1876 utique
993 1808 1154 1863 secuturus

182 1892 244 1956 est,
269 1892 356 1958 turpe
375 1884 481 1959 utique
496 1884 642 1943 vitaturus
665 1892 695 1944 et
708 1885 738 1943 in
754 1884 835 1944 omni
853 1891 923 1945 actu
937 1884 1017 1944 vitae
1033 1892 1154 1960 specta·

181 1973 266 2027 turus
288 1966 366 2026 haec
387 1968 466 2040 duo,
490 1983 548 2027 nec
568 1968 651 2026 aliud
669 1967 785 2028 bonum
806 1983 897 2043 quam
916 1967 1082 2028 honestum
1098 1983 1154 2029 nec

182 2051 264 2111 aliud
277 2052 388 2110 malum
404 2066 495 2126 quam
511 2058 609 2126 turpe,
626 2051 652 2110 si
666 2067 726 2110 una
739 2051 939 2126 indepravata
953 2051 1049 2112 virtus
1063 2058 1154 2113 estet

182 2136 249 2195 sola
264 2143 420 2208 permanet
433 2135 547 2194 tenoris
571 2135 633 2194 sui=
661 2151 753 2194 unum
773 2140 821 2194 est
839 2134 953 2195 bonum
973 2132 1086 2210 virtus,
1107 2133 1153 2195 cui

180 2217 240 2277 iam
255 2217 409 2292 accidere,
428 2234 467 2278 ne
482 2219 521 2278 sit
537 2217 661 2290 bonum,
677 2235 738 2278 non
754 2224 864 2293 potest.
885 2217 1060 2279 mutationis
1075 2217 1154 2293 peri-

182 2302 282 2362 culum
297 2301 417 2377 effugit:
440 2302 564 2362 stultitia
578 2302 619 2360 ad
635 2301 814 2375 sapientiam
830 2303 935 2376 erepit.
958 2300 1111 2376 sapientia
1123 2300 1153 2360 in

138 2385 335 2446 20stullitiam
355 2403 416 2446 non
430 2386 605 2447 revolvitur.
648 2384 732 2459 Dixi,
752 2385 778 2444 si
793 2385 870 2446 lorle
883 2383 1061 2458 meministi,
1081 2399 1152 2447 con·

181 2471 283 2544 cupita
306 2471 399 2544 volgo
426 2477 457 2531 ct
481 2469 641 2529 formidata
665 2468 838 2530 inconsulto
863 2469 968 2542 inpetu
986 2469 1153 2543 plerosque

182 2556 335 2613 calcassa=
363 2554 504 2612 inventus
530 2560 591 2625 est,
617 2552 669 2627 qui
689 2550 820 2611 flammis
842 2549 1003 2626 inponeret
1022 2566 1151 2624 manum,

182 2637 268 2695 cuius
281 2637 376 2695 risum
390 2652 451 2696 non
466 2635 696 2709 interrumperet
710 2642 820 2708 tortor,
847 2635 899 2710 qui
914 2635 944 2693 in
959 2635 1067 2695 lunare
1080 2634 1153 2696 libe-

180 2733 281 2776 rorum
297 2718 450 2777 lacrimam
465 2735 526 2778 non
542 2717 680 2792 mitteret,
699 2717 751 2792 qui
764 2718 854 2778 morti
870 2734 932 2778 non
946 2717 1087 2792 trepidas
1101 2732 1151 2777 oc·

181 2809 323 2860 curreret.
342 2816 428 2860 amor
438 2808 468 2860 et
478 2801 524 2860 ira
535 2808 565 2861 et
576 2800 726 2876 cupiditas
739 2802 874 2877 pericula
885 2801 1151 2876 depoposcerunta

181 2884 265 2957 quod
286 2889 388 2958 potest
406 2883 508 2943 brevis
529 2885 691 2945 obstinatio
707 2885 799 2945 animi
813 2883 917 2958 aliquo
932 2885 1054 2945 stimulo
1070 2883 1151 2943 exci-

178 2973 248 3040 tata,
266 2974 379 3041 quanto
396 2968 493 3040 magis
508 2967 613 3037 virtus,
629 2985 709 3044 quae
724 2985 785 3028 non
801 2983 841 3027 ex
854 2968 960 3043 inpetu
970 2983 1029 3028 nec
1040 2966 1151 3040 subito,

136 3057 169 3111 al
178 3050 235 3110 sed
250 3051 418 3126 aequaliter
432 3053 522 3127 valet,
537 3053 587 3111 cui
601 3059 782 3126 perpetuum
796 3049 891 3111 robur
905 3056 973 3111 esti
997 3048 1151 3126 Sequitur,

178 3142 219 3207 ut
234 3151 314 3210 quae
326 3136 364 3194 ab
375 3135 555 3196 inconsultis
568 3151 663 3209 saepe
673 3140 915 3208 contemnuntur,
930 3132 1152 3209 asapientlbas

179 3233 314 3294 semper,
341 3234 377 3279 ea
397 3235 455 3279 nec
469 3218 552 3280 bona
566 3219 627 3279 sint
640 3234 696 3278 nec
717 3220 805 3278 mala.
833 3234 927 3280 unum
947 3233 1022 3292 ergo
1036 3216 1152 3278 bonum

177 3300 245 3374 ipsa
260 3303 355 3363 virtus
371 3311 426 3376 cst,
443 3319 522 3378 quae
535 3304 612 3362 inter
623 3302 701 3362 lianc
714 3302 865 3362 fortunam
880 3309 909 3362 et
919 3302 1001 3362 illam
1016 3298 1153 3377 superba

135 3383 290 3446 iaincedit
309 3402 376 3446 cum
396 3402 506 3460 magno
530 3385 688 3461 utriusque
709 3392 895 3461 contemptu.
939 3384 972 3445 Si
990 3385 1071 3444 hanc
1085 3383 1150 3460 opi-

179 3467 300 3528 nionem
312 3471 477 3547 receperis,
496 3470 611 3546 aliquid
626 3470 741 3530 bonum
757 3485 829 3529 esse
842 3476 965 3545 praeter
977 3469 1150 3540 honestum,
