2468 3930
148 249 224 314 244
446 249 481 308 L.
501 248 651 309 ANNAEI
672 247 848 310 SENECAE

147 405 244 478 riunt,
265 399 411 463 invidiam
427 401 610 462 contrahunt
630 408 660 462 et
679 416 780 476 usque
796 417 833 462 eo
849 407 981 462 mentem
996 402 1138 476 alienant,

104 495 179 551 siut
193 489 273 547 lama
287 487 438 562 pecuniae
459 502 517 545 nos
538 487 627 546 etiarn
649 485 789 546 nocitura
809 487 956 546 delectet:
981 486 1065 548 hona
1086 504 1139 548 au·

148 581 208 634 tem
223 571 325 631 omnia
340 586 446 630 carere
457 570 548 645 eulpa
560 571 663 631 decet:
679 585 757 645 pura
769 577 849 643 sunt,
865 586 926 631 non
939 581 1140 647 corrumpunt

148 656 277 727 animos
294 672 355 715 non
372 654 545 717 sollicitant.
579 655 728 714 extollunt
743 654 865 727 quidem
882 660 912 713 et
927 654 1066 730 dilatant,
1082 657 1140 717 sed

148 741 215 800 sine
234 745 363 800 tumore.
407 753 488 814 quae
507 739 591 798 bona
605 746 691 811 sunt,
712 737 855 797 fiduciam
870 739 999 812 faciunt,
1017 741 1139 801 divitiae

120 831 121 834 ’
148 823 317 884 audaciam.
351 838 431 899 quae
445 821 528 882 bona
542 829 621 895 sunt,
635 822 873 896 magnitudinem
888 823 980 882 animi
997 824 1077 896 dant,
1094 825 1138 884 di-

147 909 238 968 vitiae
253 906 456 967 insolentiam.
492 905 567 967 nihil
585 913 685 966 autem
705 906 788 965 aliud
804 912 853 967 est
866 907 1029 968 insolentia
1044 925 1137 983 quam

103 993 268 1067 33species
283 989 500 1066 magnitudinis
512 990 600 1049 falsa.
631 990 830 1065 „istomodo
847 990 953 1066 inquit,
968 992 1058 1051 etiam
1074 1009 1139 1051 ma-

147 1077 208 1135 lum
223 1083 295 1136 sunt
307 1074 446 1146 divitiae,
464 1091 525 1135 non
540 1082 655 1134 tantum
672 1075 788 1136 bonum
809 1091 871 1135 non
887 1080 987 1136 sunt.“
1024 1075 1138 1136 Essent

146 1162 274 1234 malum,
292 1159 318 1219 si
334 1176 390 1235 per
404 1174 439 1218 se
455 1164 615 1232 nocerent,
637 1158 678 1233 si,
699 1167 732 1219 ut
747 1158 824 1233 dixi,
840 1158 989 1220 haberent
1003 1159 1138 1220 efficien-

148 1253 207 1306 tem
222 1260 362 1304 causam=
389 1259 470 1303 nunc
491 1244 728 1317 praecedentem
748 1243 861 1302 habent
884 1250 914 1303 et
937 1244 1060 1319 quidem
1076 1260 1139 1304 non

147 1328 317 1389 inritantem
344 1334 459 1387 tantum
485 1327 619 1397 animos,
652 1327 707 1388 sed
733 1326 952 1388 adtrahentenr.
1002 1328 1139 1403 speciem

147 1414 226 1473 enim
241 1413 315 1473 honi
330 1412 502 1472 obtundunt
515 1411 710 1470 verisimilem
724 1427 761 1470 ac
776 1412 934 1487 plerisque
950 1413 1138 1472 credibilem.

103 1497 243 1558 34Habet
263 1495 359 1556 virtus
382 1511 509 1571 quoque
531 1496 767 1570 praecedentem
786 1511 928 1556 causam:
949 1496 1075 1557 adducit
1095 1497 1138 1555 in-

147 1581 269 1640 vidiam.
312 1580 414 1640 multis
432 1579 513 1640 enim
531 1588 656 1655 propter
676 1578 872 1655 sapientiam,
894 1579 997 1640 multis
1013 1588 1140 1656 propter

146 1665 290 1725 iustitiam
310 1664 472 1724 invidetur.
513 1664 570 1723 sed
595 1680 653 1725 nec
673 1680 713 1725 ex
736 1681 771 1725 se
791 1664 871 1725 hanc
896 1681 1023 1725 causam
1048 1664 1140 1726 habet

146 1763 204 1809 nec
221 1746 426 1809 verisimilem.
459 1755 567 1809 contra
581 1749 662 1808 enirn
674 1748 866 1811 verisimilior
879 1749 932 1810 illa
947 1747 1070 1824 species
1083 1747 1138 1809 ho-

146 1833 260 1892 minum
280 1832 388 1893 animis
404 1832 535 1894 obicitur
552 1833 710 1908 avirtute,
734 1849 813 1909 quae
828 1835 897 1895 illos
912 1835 943 1894 in
959 1849 1093 1894 amorem
1109 1840 1139 1891 et

146 1917 377 1977 admirationem
392 1925 491 1978 vocet.

104 2013 138 2067 35
209 1992 395 2063 Posidonius
422 2003 467 2063 sic
494 2003 744 2077 interrogandum
771 2002 826 2062 ait:
857 2004 986 2077 „Quae
1011 2016 1136 2075 neque

146 2086 455 2160 magnitudinem
480 2087 609 2147 animo
640 2088 731 2148 dant
755 2103 828 2147 nec
855 2086 1041 2148 fiduciam
1069 2100 1138 2144 nec

146 2171 741 2247 securitatem,nonsuntbona.
786 2171 1139 2232 divitiaeautemet

145 2255 247 2316 hona
269 2256 450 2316 valitudo
476 2263 513 2316 et
540 2254 685 2316 similia
710 2256 771 2315 his
800 2254 897 2315 nihil
925 2255 1059 2315 horum
1081 2255 1137 2313 la·

147 2339 268 2401 ciunt=
291 2356 384 2415 ergo
403 2357 477 2400 nou
493 2346 582 2401 sunt
600 2339 733 2401 bona.“
767 2341 854 2400 Hanc
869 2338 1139 2414 interrogationem

146 2426 243 2500 magis
269 2425 443 2486 etiamnunc
468 2424 527 2485 hoc
553 2425 646 2485 modo
673 2423 816 2486 intendit=
853 2424 983 2498 „Quae
1010 2413 1138 2499 deque

146 2509 453 2585 magnitudinem
482 2509 605 2570 animo
636 2509 728 2570 daut
756 2523 826 2568 nec
857 2506 1043 2568 fiduciam
1069 2522 1138 2568 nec

147 2592 414 2666 securitatem,
431 2601 567 2654 contra
589 2600 713 2654 autem
730 2591 1000 2666 insolentiam,
1015 2599 1137 2653 tumo—

146 2692 237 2748 rem,
275 2677 540 2750 arrogantiam
569 2685 719 2753 creant,
751 2678 972 2736 malasuut.
1016 2676 1137 2736 alor-

146 2759 258 2819 tuitis
274 2761 559 2821 auteminhaee
579 2760 819 2837 inpellimur:
841 2776 933 2835 ergo
955 2777 1027 2823 non
1049 2766 1138 2820 sunt

145 2843 276 2903 bonafl

104 2940 138 2996 36
208 2928 302 3001 „Hac
318 2924 424 3003 inquie
441 2928 559 2993 ratione
574 2947 612 2991 ne
628 2931 790 2992 commoda
806 2930 930 3005 quidem
945 2930 1005 2990 ista
1019 2933 1137 2988 erunt.“

145 3011 216 3072 Alia
230 3018 277 3073 est
292 3013 523 3077 commodorum
540 3013 697 3089 condicio,
725 3015 785 3075 alia
805 3016 971 3075 bonorum:
1002 3027 1136 3072 commo-

147 3097 221 3158 dum
235 3103 297 3170 est,
319 3098 403 3172 quod
420 3101 489 3174 plus
504 3117 581 3161 usus
596 3100 689 3160 habet
704 3115 795 3176 quam
810 3099 978 3161 molestiae.
1021 3095 1136 3156 bonum

147 3182 299 3242 sincerum
314 3197 386 3243 esse
404 3184 496 3245 debet
514 3192 544 3244 et
558 3185 597 3244 ab
613 3185 693 3244 omni
709 3189 796 3259 parte
810 3182 976 3244 innoxium.
1012 3197 1073 3240 non
1090 3188 1139 3240 est

145 3266 178 3326 id
191 3267 320 3339 honum,
336 3268 421 3343 quod
435 3270 505 3344 plus
525 3269 668 3344 prodest,
691 3269 748 3329 sed
765 3269 850 3343 quod
865 3274 979 3329 tantum
998 3265 1137 3340 prodest.

103 3354 136 3410 st
145 3348 306 3412 Praeterea
320 3353 515 3413 commodum
530 3361 561 3413 et
575 3353 615 3414 ad
628 3351 771 3414 animalia
785 3353 916 3428 pertinet
936 3351 1020 3412 etad
1036 3351 1138 3425 inper-

147 3435 244 3496 fectos
265 3435 406 3496 homines
427 3443 458 3496 et
477 3437 517 3497 ad
533 3439 652 3498 stultos.
700 3440 803 3513 itaque
825 3443 928 3512 potest
950 3438 978 3496 ei
999 3450 1071 3495 esse
1093 3435 1137 3495 in-

147 3519 343 3581 commodum
358 3523 498 3595 mixtum,
515 3523 572 3582 sed
586 3522 780 3582 commodum
796 3522 937 3583 dicituro
952 3519 1067 3582 maiore
1089 3520 1137 3581 sui
