2468 3930
271 215 441 276 EPISTUL.
455 212 549 275 MOR.
572 214 722 274 Litavtl.
745 214 801 274 ΕΡ.
809 223 836 275 4.
858 218 931 288 (66.)
1021 213 1082 282 151

110 376 212 431 menta
228 369 358 430 tolerare
374 367 548 427 ulteriorem
570 365 686 425 doloris
712 366 923 425 accessionem
950 383 1010 426 non
1037 383 1083 427 re-

111 452 267 529 cipientia:
283 467 355 511 esse
367 449 560 510 nihilominus
576 448 634 509 sibi
650 449 732 509 illum
746 448 867 508 beatum
879 449 989 507 diem.“
1011 450 1083 509 bea·

110 547 173 598 tum
189 544 288 596 autem
304 549 410 609 agere,
426 532 484 592 nisi
501 532 552 605 qui
568 538 616 591 est
635 532 664 590 in
682 548 800 592 summo
817 532 913 604 bono,
938 550 999 593 non
1017 540 1083 607 pot·
1181 570 1185 575 -

110 629 167 680 est.
203 619 284 693 Ergo
300 625 331 677 et
344 618 427 691 apud
441 616 605 690 Epicurum
620 623 691 674 sunt
705 615 780 674 haec
798 616 888 686 bona,
918 632 998 691 quae
1009 617 1126 678 mal-48

109 705 155 763 les
170 717 232 762 non
247 700 396 776 experiri,
419 699 475 760 sed
490 699 562 773 quia
576 698 616 757 ita
630 715 680 758 res
696 699 775 772 tulit,
791 706 821 757 et
835 700 1039 774 amplexanda
1052 707 1084 760 'et

110 787 265 846 laudanda
280 794 310 845 et
322 784 525 858 exaequanda
545 780 672 840 summis
692 789 771 841 sunt.
814 782 880 841 Non
896 791 998 858 potest
1013 784 1082 858 diei,

108 869 170 929 hoc
190 885 253 930 non
272 883 344 928 esse
367 882 421 941 par
442 864 582 925 maximis
605 864 732 936 bonum,
766 866 850 939 quod
874 867 982 927 beatae
1004 867 1083 928 vitae

109 955 279 1013 masuram
304 951 455 1025 inposuit,
476 949 523 1009 cui
538 947 689 1022 Epicurus
711 956 847 1009 extrema
867 966 944 1010 voce
968 952 1082 1024 gratias

108 1036 178 1109 egit.
223 1034 362 1094 Permitte
377 1033 464 1107 mihi,
486 1032 581 1092 Lucili
598 1032 729 1092 virorum
745 1032 874 1106 optime,
894 1034 1008 1108 aliquid
1029 1039 1125 1095 auiti

108 1119 217 1179 dacius
243 1118 360 1178 dicere:
381 1119 406 1176 si
430 1119 491 1176 ulia
517 1117 597 1175 bona
621 1116 736 1175 maiora
761 1130 833 1174 esse
853 1115 920 1174 aliis
942 1124 1080 1190 possent,

107 1201 186 1261 haec
200 1217 274 1276 ego,
294 1216 374 1276 quae
387 1201 483 1260 tristia
499 1199 652 1271 videntur,
669 1199 810 1257 mollibus
824 1196 883 1257 illis
899 1206 928 1258 et
943 1200 1080 1259 delicatis

107 1286 331 1360 praetulissem.
369 1285 444 1344 baec
469 1283 585 1342 maiora
610 1282 768 1342 dixissem.
804 1281 902 1344 maius
928 1289 976 1342 est
1000 1282 1081 1341 enim

107 1368 245 1428 dilfleilia
266 1368 453 1443 perfringere
479 1382 570 1442 quam
596 1367 674 1425 laeta
695 1365 855 1426 moderari.
897 1365 1013 1425 Eadem
1034 1373 1122 1426 ra-50

105 1452 190 1511 tione
206 1451 254 1524 nt,
277 1452 358 1522 scio,
382 1459 414 1510 ut
428 1451 538 1525 aliquis
556 1449 726 1509 felicitatem
743 1451 820 1509 bene
834 1456 865 1509 et
878 1457 911 1509 ut
928 1450 1079 1509 calamita-

104 1541 168 1594 tem
183 1536 298 1595 fortiter
313 1536 398 1595 ierat.
419 1549 518 1608 aeque
532 1549 604 1593 esse
618 1534 704 1592 tortis
721 1540 838 1609 potest,
862 1534 913 1608 qui
930 1550 984 1608 pro
1000 1534 1080 1593 vallo

106 1633 237 1678 securus
252 1618 397 1677 excubuit
417 1618 506 1676 nullis
529 1617 669 1677 hostibus
691 1625 791 1676 castra
811 1618 1027 1691 temptantibus
1050 1624 1081 1677 et

106 1703 161 1776 qui
176 1702 306 1762 succisis
322 1701 489 1776 poplitibus
504 1701 532 1758 in
554 1715 654 1774 genua
675 1716 711 1759 se
726 1702 847 1775 excepit
865 1716 922 1759 nec
937 1717 1021 1760 arma
1035 1700 1079 1759 di·

106 1785 204 1845 mista
226 1793 349 1846 macte
363 1786 464 1845 virtu
475 1793 509 1844 te
523 1791 608 1844 esto
631 1783 872 1858 sanguinolentis
891 1789 944 1856 [et]
960 1800 998 1842 ex
1014 1785 1080 1844 acie

104 1869 305 1929 redeuntibus
321 1869 439 1928 dicitur.
473 1869 575 1941 itaque
590 1867 665 1926 baec
680 1867 776 1942 magis
794 1867 982 1927 laudaverint
998 1868 1080 1926 bona

105 1954 240 2013 exercita
262 1961 292 2013 et
313 1953 402 2011 fortia
423 1958 452 2010 el
470 1968 538 2011 cum
560 1951 677 2010 fortuna
698 1953 805 2012 rixata.
848 1951 914 2024 Ego
935 1951 1077 2023 dubitem,
1087 1957 1120 2011 51

105 2033 182 2109 quin
201 2036 300 2110 tnagis
319 2036 440 2096 landem
460 2042 597 2094 truncam
618 2036 698 2093 iliam
714 2042 744 2094 et
763 2034 943 2095 retorridam
959 2050 1080 2093 manum

103 2118 200 2179 Mucii
213 2135 304 2194 quam
325 2118 487 2178 cuiuslibet
506 2118 661 2179 tortissimi
683 2120 820 2177 salvam?
841 2117 928 2178 Stetit
947 2117 1079 2178 bostium

104 2200 358 2276 flammarumque
373 2209 564 2275 contemptor
584 2209 614 2260 et
628 2218 750 2260 manum
766 2218 853 2259 snam
870 2201 899 2260 in
916 2201 1018 2261 hostili
1033 2203 1077 2260 lo·

101 2287 178 2344 culo
201 2286 395 2346 distillantem
420 2287 640 2360 perspectent,
668 2285 767 2344 donec
790 2285 961 2355 Porsenna,
990 2285 1077 2344 cuius

104 2383 227 2442 poenae
242 2370 376 2442 favebat,
397 2369 513 2443 gloriae
529 2367 635 2427 invidit
654 2372 684 2426 el
701 2367 799 2442 ignem
815 2368 908 2426 invito
924 2368 999 2440 eripi
1015 2366 1077 2427 ius-

102 2452 154 2512 sit.
197 2453 264 2513 Hoc
284 2453 397 2513 bonum
421 2452 526 2528 quidni
549 2451 625 2512 inter
645 2453 742 2528 prima
763 2466 918 2510 numerem
933 2457 1121 2522 tantoqueaa

102 2535 204 2596 maius
228 2545 331 2614 palem
357 2553 449 2612 quarn
470 2536 521 2596 illa
541 2551 652 2595 secura
676 2542 706 2594 et
730 2534 908 2607 intemptata
929 2535 1077 2608 lortunae,

105 2628 220 2692 quanto
234 2621 332 2681 rarius
348 2628 396 2681 est
417 2621 535 2681 hostem
556 2620 669 2679 amissa
687 2634 777 2678 manu
790 2619 905 2677 vicisse
924 2633 1014 2692 quam
1030 2633 1077 2678 ar-

103 2711 208 2764 mata?
250 2705 347 2778 „Quid
368 2711 463 2778 ergo?
484 2703 602 2779 inquis,
626 2703 685 2762 hoc
706 2704 819 2762 bonum
840 2701 893 2761 tibi
916 2701 1077 2776 optabisr‘

105 2787 232 2859 quidne
253 2789 311 2847 hoc
333 2789 413 2848 enirn
436 2787 493 2846 nisi
515 2787 567 2862 qui
588 2794 688 2859 polest
704 2795 735 2846 et
756 2795 879 2864 optare,
901 2803 960 2847 non
976 2793 1078 2861 potest

103 2869 220 2930 iacere:
242 2887 280 2930 an
301 2873 404 2945 potius
423 2878 541 2946 optem,
565 2878 597 2929 ul
617 2871 816 2931 malaxandos
838 2871 982 2930 articulos
1003 2883 1120 2939 exo-53

102 2951 175 3012 letis
188 2953 265 3014 meis
281 2955 453 3030 porrigam?
473 2962 506 3014 ut
521 2955 697 3014 muliercula
712 2961 764 3014 aut
781 2954 892 3029 aliquis
910 2953 940 3013 in
957 2953 1075 3012 mulier-

104 3037 205 3096 tarlam
219 3053 258 3096 ex
275 3039 340 3098 viro
361 3055 470 3099 versus
486 3039 629 3112 digitulos
644 3053 730 3097 meos
750 3039 862 3098 ducat?
897 3036 1002 3111 quidni
1017 3050 1075 3108 ego

103 3117 271 3180 ieliciorem
287 3129 389 3196 putem
400 3123 541 3193 Mucium,
559 3122 642 3196 qood
655 3121 700 3179 sic
711 3122 850 3180 tractavit
860 3120 970 3193 ignem,
987 3117 1077 3192 quasi

102 3200 184 3263 illam
199 3218 322 3265 manum
337 3207 490 3267 tractatori
510 3205 734 3280 praestitisset?
767 3202 797 3261 in
819 3205 968 3276 integrum
988 3199 1075 3260 resti·

101 3285 159 3346 tuit
173 3286 319 3364 quicquid
335 3296 502 3350 erraverat=
525 3287 657 3350 coniecit
677 3287 789 3346 ballum
803 3285 927 3345 inermis
941 3299 977 3344 ao
992 3299 1075 3344 man-

103 3381 158 3436 etis
174 3377 208 3431 et
220 3371 272 3431 illa
285 3388 378 3432 manu
390 3382 498 3433 trunca
510 3387 603 3446 reges
616 3370 697 3429 duos
712 3368 791 3429 vicit
835 3369 922 3427 Vale.
