2468 3930
153 223 217 287 216
442 221 475 280 L.
496 221 643 281 ΑΝΝΑΕΙ
666 220 842 282 SENECAE

105 387 143 445 17
154 393 255 454 quam.
295 375 350 434 His
376 372 628 448 adversantibus,
657 389 736 448 quac
760 372 852 434 nobis
879 372 1018 437 obtundit
1042 375 1138 452 longa

151 459 331 538 persuasio,
356 456 473 517 fortiter
493 456 558 532 pati
579 464 706 517 mortem
728 457 834 532 quidni
854 456 1023 532 gloriosum
1043 457 1084 521 sit
1105 467 1137 522 et

153 546 232 605 inter
247 542 379 602 maxima
395 555 492 615 opera
505 539 616 600 mentis
634 540 805 601 numanam
819 557 900 616 quae
914 559 1081 618 numquam
1095 544 1137 603 ad

152 629 292 688 virtutem
307 631 467 701 exsurget,
483 622 510 683 si
526 630 652 685 mortem
666 625 779 685 mmnm
794 640 866 685 esse
881 626 1058 686 crediderim
1082 643 1136 686 ex-

152 717 271 787 surget,
287 709 314 768 si
328 707 445 784 putabit
459 706 639 768 indifferens
654 724 735 768 esse.
763 707 831 769 Non
845 710 954 785 recipit
966 725 1068 770 rerum
1080 727 1136 771 na·

151 799 235 869 tum,
251 800 285 854 ut
298 790 410 868 aliquis
425 807 535 866 magno
551 791 652 852 animo
671 792 797 852 accedat
811 794 850 853 ad
864 793 911 868 id,
927 795 1013 869 quod
1023 795 1136 855 malurn

152 878 282 940 iudicat:
310 877 398 952 pigre
419 875 523 937 veniet
543 882 573 936 et
594 882 779 937 cunctanter.
808 892 870 936 non
891 884 1054 938 astantem
1070 881 1136 953 glo-

151 964 284 1034 riosum,
315 960 401 1035 quod
421 961 459 1021 ab
480 959 574 1020 invito
597 967 627 1020 et
648 961 868 1035 tergiversante
887 961 935 1021 fit:
965 960 1039 1021 nihil
1063 960 1137 1023 iacit

110 1047 144 1104 18
152 1047 264 1119 virtus,
280 1043 352 1119 quia
366 1059 497 1104 necesse
510 1050 567 1103 est.
596 1043 694 1104 Adice
709 1060 804 1118 nunc,
821 1045 905 1120 quod
918 1044 992 1105 nihil
1005 1044 1136 1107 honeste

151 1131 199 1205 fit,
215 1127 275 1188 nisi
292 1129 341 1188 cni
357 1134 439 1189 totus
455 1128 574 1188 animus
589 1126 727 1188 incubuit
740 1129 842 1203 adque
857 1128 967 1203 adiuit,
988 1130 1037 1189 cui
1050 1131 1135 1190 nulia

151 1219 238 1289 parte
252 1211 300 1273 sni
314 1211 510 1287 repugnavit=
539 1210 592 1271 uhi
612 1218 712 1272 antem
733 1211 773 1271 ad
787 1213 899 1272 malum
913 1212 1068 1274 acceditur
1084 1220 1136 1274 aut

151 1297 292 1374 peiorum
307 1304 390 1356 metu
404 1303 455 1356 ant
469 1311 526 1371 spe
539 1294 703 1367 bonorum,
725 1296 765 1355 ad
789 1311 869 1370 quae
885 1297 1045 1370 pervenire
1061 1297 1136 1358 tanti

151 1379 192 1441 sit
206 1383 353 1441 devorata
368 1380 456 1440 unius
472 1379 543 1438 mali
557 1377 716 1453 patientia,
736 1377 889 1438 dissident
909 1379 987 1439 inter
1002 1395 1037 1439 se
1054 1381 1134 1440 iudi·

151 1465 199 1524 cia
221 1463 374 1524 facientis:
401 1462 471 1521 hinc
486 1469 548 1536 est,
572 1463 656 1536 quod
675 1461 777 1522 iubeat
797 1462 957 1537 proposita
970 1463 1133 1538 perficere,

149 1547 247 1620 illinc,
265 1545 349 1622 quod
362 1546 496 1606 retrahat
511 1552 541 1605 et
552 1546 591 1605 ab
604 1561 638 1605 re
650 1553 795 1621 suspecta
806 1560 843 1604 ac
854 1544 1030 1621 periculosa
1041 1547 1134 1621 luget.

148 1630 240 1704 igitur
253 1631 283 1689 in
299 1629 423 1688 diversa
437 1629 627 1691 distrahitur:
650 1628 678 1690 si
692 1629 752 1689 hoc
766 1636 829 1703 est,
845 1631 924 1704 perit
936 1628 1043 1704 gloria.
1072 1631 1133 1688 vir-

149 1720 199 1773 tus
227 1714 307 1773 enim
333 1713 480 1772 concordi
506 1713 606 1773 animo
638 1713 762 1774 decreta
788 1714 914 1788 peragit.
953 1730 1015 1775 non
1039 1714 1133 1788 timet,

151 1797 235 1871 quod
250 1797 330 1857 iacit.
682 1840 683 1843 ,

281 1879 325 1940 Tu
339 1897 376 1940 ne
391 1881 463 1941 cede
477 1881 578 1952 malis,
600 1881 655 1939 sed
665 1888 770 1940 contra
784 1881 941 1940 audentior
954 1884 1007 1955 ito,

276 1980 336 2038 qua
350 1969 402 2023 tua
414 1970 442 2024 le
451 1963 579 2036 fortuna
592 1965 676 2023 sinet.

108 2051 142 2108 19
150 2048 218 2108 Non
232 2044 291 2106 ibis
306 2047 481 2121 audentior,
503 2047 529 2106 si
544 2046 625 2105 mala
637 2046 689 2106 illa
703 2062 775 2107 esse
790 2047 969 2108 credideris.
998 2046 1130 2108 eximen-

151 2132 224 2193 dum
237 2130 298 2191 hoc
320 2147 337 2190 e
352 2139 478 2206 pectore
492 2137 554 2191 est:
578 2130 714 2211 alioquin
730 2131 892 2192 haesitabit
910 2131 1047 2206 inpetum
1068 2146 1133 2191 mo-

149 2223 254 2278 ratura
275 2215 421 2290 suspicio.
453 2215 590 2276 trudetur
614 2212 711 2290 inid,
740 2215 824 2290 quod
844 2216 1053 2277 invadendum
1076 2223 1133 2275 est.

150 2299 253 2360 Nostri
273 2298 395 2375 quidem
411 2299 507 2360 videri
521 2300 628 2360 volunt
643 2299 776 2360 Zenonis
797 2300 1066 2374 interrogationem
1080 2315 1132 2360 ve·

149 2400 214 2443 ram
230 2400 318 2460 esse,
334 2384 473 2443 fallacem
488 2389 588 2446 nutem
604 2385 727 2444 alteram
741 2391 772 2443 et
785 2384 909 2456 falsam,
927 2399 1006 2457 quae
1020 2383 1062 2442 illi
1078 2382 1133 2442 ob·

149 2469 288 2544 ponitur:
311 2483 368 2542 ego
390 2485 451 2529 non
471 2467 578 2543 redigo
600 2468 660 2528 ista
679 2468 719 2527 ad
732 2469 829 2540 legem
844 2466 1032 2532 dialecticam
1047 2473 1077 2525 ct
1092 2468 1134 2527 ad

148 2553 217 2614 illos
234 2551 352 2612 artificii
366 2551 610 2613 veternosissimi
624 2552 740 2612 nodos:
763 2556 857 2608 totum
871 2564 969 2623 genus
984 2549 1063 2608 istuc
1079 2565 1133 2608 ex-

149 2636 331 2696 turbandum
349 2634 466 2707 iudico,
484 2650 545 2709 quo
562 2630 770 2693 circumscribi
785 2648 837 2706 se,
852 2630 906 2706 qui
919 2631 1132 2708 interrogatur,

149 2717 302 2777 existimat
321 2723 351 2776 et
370 2718 411 2776 ad
432 2718 658 2778 confessionem
674 2715 841 2790 perductus
855 2713 939 2775 aliud
952 2716 1130 2792 respondet

149 2800 231 2858 aliud
247 2807 342 2874 putat.
372 2816 429 2874 pro
443 2800 570 2859 veritate
586 2799 754 2874 simplicius
769 2799 922 2873 agendum
939 2807 1001 2871 est,
1025 2807 1132 2860 contra
1174 2829 1175 2834 κ

106 2892 260 2946 nonatum
275 2883 394 2943 fortius.
423 2884 507 2943 Haec
521 2883 604 2958 ipsa,
626 2898 706 2958 quae
726 2883 891 2944 volvuntur
913 2883 1042 2959 abillis,
1068 2886 1129 2944 sol-

149 2982 221 3026 vere
238 2967 339 3026 malim
357 2974 387 3027 et
408 2968 598 3042 expendere,
622 2974 655 3027 ut
671 2967 890 3042 persuadeam,
917 2984 978 3028 non
993 2974 1027 3028 ut
1039 2967 1128 3040 inpo-

149 3067 227 3111 nam.
257 3051 290 3109 In
305 3051 402 3111 aciem
415 3052 580 3112 educturus
595 3051 760 3112 exercitum
776 3068 832 3126 pro
848 3051 1028 3126 coniugibus
1044 3065 1079 3109 ac
1094 3049 1129 3109 li·

146 3135 231 3195 beris
251 3143 377 3196 mortem
399 3134 550 3195 obiturum
573 3135 729 3211 quomodo
757 3134 986 3196 exhortabitur?
1013 3135 1052 3195 do
1077 3132 1129 3194 tibi

147 3219 260 3280 Fabios
282 3228 378 3281 totum
399 3219 586 3296 reipublicae
605 3220 718 3280 bellum
743 3221 774 3279 in
799 3236 891 3280 unam
911 3219 1129 3278 transferentes

149 3303 282 3364 domum.
311 3304 451 3366 Laconas
474 3304 527 3365 tibi
549 3305 679 3366 ostendo
704 3303 735 3362 in
756 3302 834 3378 ipsis
856 3303 1129 3380 Thermopylarum

149 3388 297 3462 angustiis
314 3389 444 3464 positos.
469 3404 526 3449 nec
538 3389 695 3449 victoriam
710 3395 835 3462 sperant
846 3402 904 3446 nec
917 3386 1055 3446 reditum.
1078 3385 1129 3444 ille

104 3477 137 3529 21
146 3470 235 3532 locus
248 3472 308 3532 illis
324 3475 499 3551 sepulcrum
515 3473 634 3534 iuturus
649 3478 710 3532 est:
741 3471 997 3550 quemadmodum
1017 3468 1127 3528 exhor·
