<?xml version="1.0" encoding="UTF-8"?>
<!DOCTYPE html PUBLIC "-//W3C//DTD XHTML 1.0 Transitional//EN"
    "http://www.w3.org/TR/xhtml1/DTD/xhtml1-transitional.dtd">
<html xmlns="http://www.w3.org/1999/xhtml" xml:lang="en" lang="en">
 <head>
  <title>
</title>
<meta http-equiv="Content-Type" content="text/html;charset=utf-8" />
  <meta name='ocr-system' content='tesseract 3.04.00' />
  <meta name='ocr-capabilities' content='ocr_page ocr_carea ocr_par ocr_line ocrx_word'/>
</head>
<body>
  <div class='ocr_page' id='page_1' title='image "./lannaeisenecaeo00haasgoog_0156.png"; bbox 0 0 2468 3930; ppageno 0'>
   <div class='ocr_carea' id='block_1_1' title="bbox 195 253 1075 334">
    <p class='ocr_par' dir='ltr' id='par_1_1' title="bbox 195 253 1075 334">
     <span class='ocr_line' id='line_1_1' title="bbox 195 253 1075 334; baseline 0.01 -21"><span class='ocrx_word' id='word_1_1' title='bbox 195 268 197 271; x_wconf 94' lang='lat'>·</span> <span class='ocrx_word' id='word_1_2' title='bbox 269 253 439 317; x_wconf 80' lang='lat' dir='ltr'>unsrun.</span> <span class='ocrx_word' id='word_1_3' title='bbox 454 254 548 316; x_wconf 82' lang='lat' dir='ltr'>moa.</span> <span class='ocrx_word' id='word_1_4' title='bbox 569 257 705 318; x_wconf 79' lang='lat' dir='ltr'>nram.</span> <span class='ocrx_word' id='word_1_5' title='bbox 728 257 823 322; x_wconf 75' lang='lat' dir='ltr'>naa.</span> <span class='ocrx_word' id='word_1_6' title='bbox 845 265 917 334; x_wconf 75' lang='lat' dir='ltr'>(aa.)</span> <span class='ocrx_word' id='word_1_7' title='bbox 1015 257 1075 322; x_wconf 78' lang='lat'>123</span> 
     </span>
    </p>
   </div>
   <div class='ocr_carea' id='block_1_2' title="bbox 99 405 1197 3576">
    <p class='ocr_par' dir='ltr' id='par_1_2' title="bbox 99 405 1197 3576">
     <span class='ocr_line' id='line_1_2' title="bbox 100 405 1077 471; baseline 0.003 -3"><span class='ocrx_word' id='word_1_8' title='bbox 100 405 311 469; x_wconf 82' lang='lat' dir='ltr'>nitendioitur.</span> <span class='ocrx_word' id='word_1_9' title='bbox 347 405 490 466; x_wconf 90' lang='lat' dir='ltr'>omnibus</span> <span class='ocrx_word' id='word_1_10' title='bbox 513 405 594 466; x_wconf 92' lang='lat' dir='ltr'>enim</span> <span class='ocrx_word' id='word_1_11' title='bbox 613 423 723 467; x_wconf 88' lang='lat' dir='ltr'>versus</span> <span class='ocrx_word' id='word_1_12' title='bbox 745 407 925 469; x_wconf 79' lang='lat' dir='ltr'><strong>facientibus</strong></span> <span class='ocrx_word' id='word_1_13' title='bbox 946 408 1006 470; x_wconf 91' lang='lat' dir='ltr'>hoo</span> <span class='ocrx_word' id='word_1_14' title='bbox 1023 426 1077 471; x_wconf 93' lang='lat' dir='ltr'>no-</span> 
     </span>
     <span class='ocr_line' id='line_1_3' title="bbox 100 489 1076 565; baseline 0 -15"><span class='ocrx_word' id='word_1_15' title='bbox 100 506 172 551; x_wconf 91' lang='lat' dir='ltr'>men</span> <span class='ocrx_word' id='word_1_16' title='bbox 187 496 251 565; x_wconf 89' lang='lat' dir='ltr'>est,</span> <span class='ocrx_word' id='word_1_17' title='bbox 272 489 329 550; x_wconf 91' lang='lat' dir='ltr'>sed</span> <span class='ocrx_word' id='word_1_18' title='bbox 349 489 409 549; x_wconf 90' lang='lat' dir='ltr'>iam</span> <span class='ocrx_word' id='word_1_19' title='bbox 430 489 512 565; x_wconf 88' lang='lat' dir='ltr'>apud</span> <span class='ocrx_word' id='word_1_20' title='bbox 536 491 669 551; x_wconf 86' lang='lat' dir='ltr'>Graecos</span> <span class='ocrx_word' id='word_1_21' title='bbox 693 491 723 550; x_wconf 91' lang='lat' dir='ltr'>in</span> <span class='ocrx_word' id='word_1_22' title='bbox 743 493 834 552; x_wconf 89' lang='lat' dir='ltr'>unius</span> <span class='ocrx_word' id='word_1_23' title='bbox 850 500 952 553; x_wconf 89' lang='lat' dir='ltr'>notam</span> <span class='ocrx_word' id='word_1_24' title='bbox 967 494 1076 554; x_wconf 81' lang='lat' dir='ltr'>cessit:</span> 
     </span>
     <span class='ocr_line' id='line_1_4' title="bbox 99 573 1076 651; baseline 0.003 -18"><span class='ocrx_word' id='word_1_25' title='bbox 99 575 268 634; x_wconf 85' lang='lat' dir='ltr'><strong>Homerum</strong></span> <span class='ocrx_word' id='word_1_26' title='bbox 290 573 463 647; x_wconf 82' lang='lat' dir='ltr'>intellegas,</span> <span class='ocrx_word' id='word_1_27' title='bbox 493 588 560 633; x_wconf 89' lang='lat' dir='ltr'>cum</span> <span class='ocrx_word' id='word_1_28' title='bbox 580 574 713 634; x_wconf 92' lang='lat' dir='ltr'>audieris</span> <span class='ocrx_word' id='word_1_29' title='bbox 736 582 866 649; x_wconf 87' lang='lat' dir='ltr'>poetam.</span> <span class='ocrx_word' id='word_1_30' title='bbox 906 576 978 649; x_wconf 93' lang='lat' dir='ltr'>quid</span> <span class='ocrx_word' id='word_1_31' title='bbox 1002 590 1076 651; x_wconf 90' lang='lat' dir='ltr'>ergo</span> 
     </span>
     <span class='ocr_line' id='line_1_5' title="bbox 100 656 1076 734; baseline 0.002 -17"><span class='ocrx_word' id='word_1_32' title='bbox 100 657 164 717; x_wconf 92' lang='lat' dir='ltr'>hoc</span> <span class='ocrx_word' id='word_1_33' title='bbox 188 664 258 718; x_wconf 81' lang='lat' dir='ltr'>estt</span> <span class='ocrx_word' id='word_1_34' title='bbox 279 664 282 671; x_wconf 83' lang='lat'>&#39;</span> <span class='ocrx_word' id='word_1_35' title='bbox 301 656 396 717; x_wconf 87' lang='lat' dir='ltr'>deus</span> <span class='ocrx_word' id='word_1_36' title='bbox 426 657 557 728; x_wconf 88' lang='lat' dir='ltr'>scilicet,</span> <span class='ocrx_word' id='word_1_37' title='bbox 589 659 687 718; x_wconf 87' lang='lat' dir='ltr'>maior</span> <span class='ocrx_word' id='word_1_38' title='bbox 710 673 747 717; x_wconf 90' lang='lat' dir='ltr'>ac</span> <span class='ocrx_word' id='word_1_39' title='bbox 773 659 925 734; x_wconf 87' lang='lat' dir='ltr'>potentior</span> <span class='ocrx_word' id='word_1_40' title='bbox 949 659 1076 720; x_wconf 86' lang='lat' dir='ltr'>cunctis.</span> 
     </span>
     <span class='ocr_line' id='line_1_6' title="bbox 99 739 1120 817; baseline 0.006 -16"><span class='ocrx_word' id='word_1_41' title='bbox 99 739 270 801; x_wconf 86' lang='lat' dir='ltr'>Tertium</span> <span class='ocrx_word' id='word_1_42' title='bbox 296 755 419 815; x_wconf 89' lang='lat' dir='ltr'>genus</span> <span class='ocrx_word' id='word_1_43' title='bbox 446 747 493 800; x_wconf 90' lang='lat' dir='ltr'>est</span> <span class='ocrx_word' id='word_1_44' title='bbox 514 756 635 813; x_wconf 85' lang='lat' dir='ltr'>eorum,</span> <span class='ocrx_word' id='word_1_45' title='bbox 665 757 762 816; x_wconf 90' lang='lat' dir='ltr'>quae</span> <span class='ocrx_word' id='word_1_46' title='bbox 786 741 948 817; x_wconf 86' lang='lat' dir='ltr'>proprie</span> <span class='ocrx_word' id='word_1_47' title='bbox 974 751 1120 806; x_wconf 79' lang='lat' dir='ltr'>sunt=18</span> 
     </span>
     <span class='ocr_line' id='line_1_7' title="bbox 100 823 1076 900; baseline 0.001 -17"><span class='ocrx_word' id='word_1_48' title='bbox 100 823 334 884; x_wconf 85' lang='lat' dir='ltr'>innumerabilia</span> <span class='ocrx_word' id='word_1_49' title='bbox 347 824 424 883; x_wconf 90' lang='lat' dir='ltr'>haec</span> <span class='ocrx_word' id='word_1_50' title='bbox 447 832 532 897; x_wconf 88' lang='lat' dir='ltr'>sunt,</span> <span class='ocrx_word' id='word_1_51' title='bbox 555 824 611 883; x_wconf 90' lang='lat' dir='ltr'>sed</span> <span class='ocrx_word' id='word_1_52' title='bbox 626 831 713 884; x_wconf 88' lang='lat' dir='ltr'>extra</span> <span class='ocrx_word' id='word_1_53' title='bbox 730 833 867 886; x_wconf 87' lang='lat' dir='ltr'>nostrum</span> <span class='ocrx_word' id='word_1_54' title='bbox 888 827 990 900; x_wconf 89' lang='lat' dir='ltr'>posita</span> <span class='ocrx_word' id='word_1_55' title='bbox 1004 841 1076 887; x_wconf 92' lang='lat' dir='ltr'>con-</span> 
     </span>
     <span class='ocr_line' id='line_1_8' title="bbox 102 908 1076 983; baseline 0.001 -15"><span class='ocrx_word' id='word_1_56' title='bbox 102 909 253 983; x_wconf 81' lang='lat' dir='ltr'>spectum.</span> <span class='ocrx_word' id='word_1_57' title='bbox 288 922 389 981; x_wconf 87' lang='lat' dir='ltr'>„quae</span> <span class='ocrx_word' id='word_1_58' title='bbox 406 912 517 967; x_wconf 69' lang='grc' dir='ltr'>ειιηιιιι</span> <span class='ocrx_word' id='word_1_59' title='bbox 532 908 713 981; x_wconf 82' lang='lat' dir='ltr'>interrogas.</span> <span class='ocrx_word' id='word_1_60' title='bbox 741 908 867 982; x_wconf 85' lang='lat' dir='ltr'>propria</span> <span class='ocrx_word' id='word_1_61' title='bbox 881 909 1014 969; x_wconf 89' lang='lat' dir='ltr'>Platonis</span> <span class='ocrx_word' id='word_1_62' title='bbox 1025 925 1076 969; x_wconf 91' lang='lat' dir='ltr'>su·</span> 
     </span>
     <span class='ocr_line' id='line_1_9' title="bbox 101 987 1076 1068; baseline 0.002 -18"><span class='ocrx_word' id='word_1_63' title='bbox 101 991 207 1068; x_wconf 87' lang='lat' dir='ltr'>pellex</span> <span class='ocrx_word' id='word_1_64' title='bbox 225 996 288 1049; x_wconf 77' lang='lat' dir='ltr'>est:</span> <span class='ocrx_word' id='word_1_65' title='bbox 309 987 421 1050; x_wconf 88' lang='lat' dir='ltr'>ideas</span> <span class='ocrx_word' id='word_1_66' title='bbox 443 998 547 1064; x_wconf 89' lang='lat' dir='ltr'>vocat,</span> <span class='ocrx_word' id='word_1_67' title='bbox 570 1007 608 1050; x_wconf 88' lang='lat' dir='ltr'>ex</span> <span class='ocrx_word' id='word_1_68' title='bbox 633 990 743 1065; x_wconf 90' lang='lat' dir='ltr'>quibus</span> <span class='ocrx_word' id='word_1_69' title='bbox 767 993 882 1065; x_wconf 84' lang='lat' dir='ltr'>omnia,</span> <span class='ocrx_word' id='word_1_70' title='bbox 912 1007 1076 1066; x_wconf 88' lang='lat' dir='ltr'>quaecum-</span> 
     </span>
     <span class='ocr_line' id='line_1_10' title="bbox 104 1073 1077 1151; baseline 0.001 -18"><span class='ocrx_word' id='word_1_71' title='bbox 104 1089 166 1151; x_wconf 86' lang='lat' dir='ltr'>que</span> <span class='ocrx_word' id='word_1_72' title='bbox 183 1073 340 1147; x_wconf 85' lang='lat' dir='ltr'>vldemus,</span> <span class='ocrx_word' id='word_1_73' title='bbox 366 1073 442 1133; x_wconf 87' lang='lat' dir='ltr'>liunt</span> <span class='ocrx_word' id='word_1_74' title='bbox 463 1081 494 1133; x_wconf 89' lang='grc' dir='ltr'>ει</span> <span class='ocrx_word' id='word_1_75' title='bbox 511 1073 551 1133; x_wconf 91' lang='lat' dir='ltr'>ad</span> <span class='ocrx_word' id='word_1_76' title='bbox 573 1090 650 1147; x_wconf 87' lang='lat' dir='ltr'>quas</span> <span class='ocrx_word' id='word_1_77' title='bbox 672 1081 781 1133; x_wconf 87' lang='lat' dir='ltr'>cuncta</span> <span class='ocrx_word' id='word_1_78' title='bbox 807 1075 983 1134; x_wconf 81' lang='lat' dir='ltr'>formantur.</span> <span class='ocrx_word' id='word_1_79' title='bbox 1018 1075 1077 1134; x_wconf 91' lang='lat' dir='ltr'>hae</span> 
     </span>
     <span class='ocr_line' id='line_1_11' title="bbox 103 1156 1120 1231; baseline -0.001 -13"><span class='ocrx_word' id='word_1_80' title='bbox 103 1158 295 1229; x_wconf 87' lang='lat' dir='ltr'>inmortales,</span> <span class='ocrx_word' id='word_1_81' title='bbox 319 1157 526 1231; x_wconf 79' lang='lat' dir='ltr'>inmutabileS‚</span> <span class='ocrx_word' id='word_1_82' title='bbox 542 1156 734 1218; x_wconf 89' lang='lat' dir='ltr'>inviolabiles</span> <span class='ocrx_word' id='word_1_83' title='bbox 749 1164 829 1216; x_wconf 91' lang='lat' dir='ltr'>sunt.</span> <span class='ocrx_word' id='word_1_84' title='bbox 853 1156 930 1229; x_wconf 80' lang='lat' dir='ltr'>Quid</span> <span class='ocrx_word' id='word_1_85' title='bbox 946 1157 985 1216; x_wconf 95' lang='lat' dir='ltr'>sit</span> <span class='ocrx_word' id='word_1_86' title='bbox 999 1158 1120 1230; x_wconf 85' lang='lat' dir='ltr'>idea,19</span> 
     </span>
     <span class='ocr_line' id='line_1_12' title="bbox 103 1239 1080 1316; baseline 0 -15"><span class='ocrx_word' id='word_1_87' title='bbox 103 1239 136 1302; x_wconf 95' lang='lat' dir='ltr'>id</span> <span class='ocrx_word' id='word_1_88' title='bbox 161 1248 225 1314; x_wconf 88' lang='lat' dir='ltr'>est,</span> <span class='ocrx_word' id='word_1_89' title='bbox 248 1240 321 1316; x_wconf 90' lang='lat' dir='ltr'>quid</span> <span class='ocrx_word' id='word_1_90' title='bbox 350 1240 468 1301; x_wconf 87' lang='lat' dir='ltr'>Platoni</span> <span class='ocrx_word' id='word_1_91' title='bbox 494 1256 566 1301; x_wconf 91' lang='lat' dir='ltr'>esse</span> <span class='ocrx_word' id='word_1_92' title='bbox 591 1240 745 1314; x_wconf 88' lang='lat' dir='ltr'>videatm·‚</span> <span class='ocrx_word' id='word_1_93' title='bbox 771 1241 864 1315; x_wconf 55' lang='lat' dir='ltr'>audia„</span> <span class='ocrx_word' id='word_1_94' title='bbox 886 1241 997 1316; x_wconf 88' lang='lat' dir='ltr'>„idea</span> <span class='ocrx_word' id='word_1_95' title='bbox 1020 1248 1080 1301; x_wconf 87' lang='lat' dir='ltr'>est</span> 
     </span>
     <span class='ocr_line' id='line_1_13' title="bbox 104 1324 1078 1398; baseline -0.001 -15"><span class='ocrx_word' id='word_1_96' title='bbox 104 1339 252 1397; x_wconf 86' lang='lat' dir='ltr'>eorum,</span> <span class='ocrx_word' id='word_1_97' title='bbox 280 1339 378 1398; x_wconf 90' lang='lat' dir='ltr'>quae</span> <span class='ocrx_word' id='word_1_98' title='bbox 402 1332 540 1385; x_wconf 89' lang='lat' dir='ltr'>natura</span> <span class='ocrx_word' id='word_1_99' title='bbox 571 1324 686 1396; x_wconf 90' lang='lat' dir='ltr'>liunt,</span> <span class='ocrx_word' id='word_1_100' title='bbox 722 1324 921 1398; x_wconf 88' lang='lat' dir='ltr'>exemplar</span> <span class='ocrx_word' id='word_1_101' title='bbox 948 1331 1078 1384; x_wconf 88' lang='lat' dir='ltr'>aeter-</span> 
     </span>
     <span class='ocr_line' id='line_1_14' title="bbox 104 1405 1079 1483; baseline -0.002 -15"><span class='ocrx_word' id='word_1_102' title='bbox 104 1411 221 1470; x_wconf 91' lang='lat' dir='ltr'>num.“</span> <span class='ocrx_word' id='word_1_103' title='bbox 261 1406 400 1468; x_wconf 86' lang='lat' dir='ltr'>Adiciam</span> <span class='ocrx_word' id='word_1_104' title='bbox 426 1407 595 1468; x_wconf 90' lang='lat' dir='ltr'>definitioni</span> <span class='ocrx_word' id='word_1_105' title='bbox 619 1408 912 1483; x_wconf 85' lang='lat' dir='ltr'>interpretationem,</span> <span class='ocrx_word' id='word_1_106' title='bbox 942 1423 1004 1481; x_wconf 92' lang='lat' dir='ltr'>quo</span> <span class='ocrx_word' id='word_1_107' title='bbox 1026 1405 1079 1466; x_wconf 91' lang='lat' dir='ltr'>tibi</span> 
     </span>
     <span class='ocr_line' id='line_1_15' title="bbox 103 1490 1079 1567; baseline -0.003 -15"><span class='ocrx_word' id='word_1_108' title='bbox 103 1507 156 1552; x_wconf 87' lang='lat' dir='ltr'>res</span> <span class='ocrx_word' id='word_1_109' title='bbox 176 1491 312 1566; x_wconf 87' lang='lat' dir='ltr'>apertior</span> <span class='ocrx_word' id='word_1_110' title='bbox 333 1491 402 1551; x_wconf 70' lang='lat' dir='ltr'>liuta</span> <span class='ocrx_word' id='word_1_111' title='bbox 422 1493 494 1553; x_wconf 87' lang='lat' dir='ltr'>volo</span> <span class='ocrx_word' id='word_1_112' title='bbox 516 1490 676 1567; x_wconf 81' lang='lat' dir='ltr'>imaginem</span> <span class='ocrx_word' id='word_1_113' title='bbox 692 1499 775 1551; x_wconf 88' lang='lat' dir='ltr'>tuam</span> <span class='ocrx_word' id='word_1_114' title='bbox 789 1493 900 1551; x_wconf 89' lang='lat' dir='ltr'>lacere.</span> <span class='ocrx_word' id='word_1_115' title='bbox 922 1491 1079 1565; x_wconf 87' lang='lat' dir='ltr'>exemplar</span> 
     </span>
     <span class='ocr_line' id='line_1_16' title="bbox 105 1573 1078 1652; baseline -0.002 -16"><span class='ocrx_word' id='word_1_116' title='bbox 105 1575 243 1652; x_wconf 88' lang='lat' dir='ltr'>picturae</span> <span class='ocrx_word' id='word_1_117' title='bbox 261 1582 291 1636; x_wconf 90' lang='grc' dir='ltr'>ιε</span> <span class='ocrx_word' id='word_1_118' title='bbox 314 1573 429 1647; x_wconf 90' lang='lat' dir='ltr'>habeo,</span> <span class='ocrx_word' id='word_1_119' title='bbox 453 1591 492 1635; x_wconf 92' lang='lat' dir='ltr'>ex</span> <span class='ocrx_word' id='word_1_120' title='bbox 513 1591 574 1650; x_wconf 93' lang='lat' dir='ltr'>quo</span> <span class='ocrx_word' id='word_1_121' title='bbox 596 1574 677 1649; x_wconf 90' lang='lat' dir='ltr'>capit</span> <span class='ocrx_word' id='word_1_122' title='bbox 697 1576 828 1651; x_wconf 90' lang='lat' dir='ltr'>aliquem</span> <span class='ocrx_word' id='word_1_123' title='bbox 843 1574 977 1634; x_wconf 91' lang='lat' dir='ltr'>habitum</span> <span class='ocrx_word' id='word_1_124' title='bbox 990 1589 1078 1634; x_wconf 90' lang='lat' dir='ltr'>mens</span> 
     </span>
     <span class='ocr_line' id='line_1_17' title="bbox 105 1659 1080 1734; baseline -0.002 -16"><span class='ocrx_word' id='word_1_125' title='bbox 105 1667 227 1733; x_wconf 90' lang='lat' dir='ltr'>nostra,</span> <span class='ocrx_word' id='word_1_126' title='bbox 249 1674 338 1733; x_wconf 92' lang='lat' dir='ltr'>quem</span> <span class='ocrx_word' id='word_1_127' title='bbox 357 1659 443 1733; x_wconf 88' lang='lat' dir='ltr'>operi</span> <span class='ocrx_word' id='word_1_128' title='bbox 458 1675 515 1719; x_wconf 92' lang='lat' dir='ltr'>suo</span> <span class='ocrx_word' id='word_1_129' title='bbox 531 1660 672 1733; x_wconf 80' lang='lat' dir='ltr'>inponat:</span> <span class='ocrx_word' id='word_1_130' title='bbox 694 1659 735 1718; x_wconf 90' lang='lat' dir='ltr'>ita</span> <span class='ocrx_word' id='word_1_131' title='bbox 752 1661 817 1733; x_wconf 92' lang='lat' dir='ltr'>illa,</span> <span class='ocrx_word' id='word_1_132' title='bbox 833 1674 912 1734; x_wconf 86' lang='lat' dir='ltr'>quae</span> <span class='ocrx_word' id='word_1_133' title='bbox 926 1673 975 1717; x_wconf 93' lang='lat' dir='ltr'>me</span> <span class='ocrx_word' id='word_1_134' title='bbox 989 1659 1080 1718; x_wconf 87' lang='lat' dir='ltr'>docet</span> 
     </span>
     <span class='ocr_line' id='line_1_18' title="bbox 107 1741 1079 1818; baseline -0.003 -16"><span class='ocrx_word' id='word_1_135' title='bbox 107 1751 138 1803; x_wconf 91' lang='grc' dir='ltr'>ει</span> <span class='ocrx_word' id='word_1_136' title='bbox 159 1743 280 1804; x_wconf 87' lang='lat' dir='ltr'>instruit</span> <span class='ocrx_word' id='word_1_137' title='bbox 299 1742 411 1816; x_wconf 84' lang='lat' dir='ltr'>lacios,</span> <span class='ocrx_word' id='word_1_138' title='bbox 426 1759 518 1818; x_wconf 86' lang='lat' dir='ltr'>aqua</span> <span class='ocrx_word' id='word_1_139' title='bbox 532 1742 644 1817; x_wconf 86' lang='lat' dir='ltr'>petitur</span> <span class='ocrx_word' id='word_1_140' title='bbox 657 1741 799 1815; x_wconf 89' lang='lat' dir='ltr'>imitatio,</span> <span class='ocrx_word' id='word_1_141' title='bbox 817 1743 888 1802; x_wconf 90' lang='lat' dir='ltr'>idea</span> <span class='ocrx_word' id='word_1_142' title='bbox 904 1749 961 1802; x_wconf 89' lang='grc' dir='ltr'><strong>εει.</strong></span> <span class='ocrx_word' id='word_1_143' title='bbox 995 1741 1079 1801; x_wconf 84' lang='lat' dir='ltr'>Talia</span> 
     </span>
     <span class='ocr_line' id='line_1_19' title="bbox 106 1824 1197 1901; baseline -0.002 -15"><span class='ocrx_word' id='word_1_144' title='bbox 106 1841 181 1901; x_wconf 88' lang='lat' dir='ltr'>crgo</span> <span class='ocrx_word' id='word_1_145' title='bbox 197 1825 385 1901; x_wconf 87' lang='lat' dir='ltr'>exemplaria</span> <span class='ocrx_word' id='word_1_146' title='bbox 404 1825 520 1886; x_wconf 88' lang='lat' dir='ltr'>infinita</span> <span class='ocrx_word' id='word_1_147' title='bbox 541 1826 632 1887; x_wconf 86' lang='lat' dir='ltr'>habet</span> <span class='ocrx_word' id='word_1_148' title='bbox 651 1843 751 1887; x_wconf 89' lang='lat' dir='ltr'>rerum</span> <span class='ocrx_word' id='word_1_149' title='bbox 767 1832 888 1898; x_wconf 89' lang='lat' dir='ltr'>natura,</span> <span class='ocrx_word' id='word_1_150' title='bbox 913 1824 1078 1896; x_wconf 93' lang='lat' dir='ltr'>hominum,</span> <span class='ocrx_word' id='word_1_151' title='bbox 1192 1883 1197 1895; x_wconf 85' lang='grc'><strong>,</strong></span> 
     </span>
     <span class='ocr_line' id='line_1_20' title="bbox 107 1908 1077 1986; baseline -0.001 -18"><span class='ocrx_word' id='word_1_152' title='bbox 107 1909 253 1986; x_wconf 89' lang='lat' dir='ltr'>piscium,</span> <span class='ocrx_word' id='word_1_153' title='bbox 269 1909 426 1985; x_wconf 85' lang='lat' dir='ltr'>arborum,</span> <span class='ocrx_word' id='word_1_154' title='bbox 438 1911 478 1969; x_wconf 90' lang='lat' dir='ltr'>ad</span> <span class='ocrx_word' id='word_1_155' title='bbox 496 1926 575 1986; x_wconf 87' lang='lat' dir='ltr'>quae</span> <span class='ocrx_word' id='word_1_156' title='bbox 590 1910 807 1986; x_wconf 89' lang='lat' dir='ltr'>quodcumque</span> <span class='ocrx_word' id='word_1_157' title='bbox 822 1909 888 1969; x_wconf 88' lang='lat' dir='ltr'>fieri</span> <span class='ocrx_word' id='word_1_158' title='bbox 904 1908 942 1968; x_wconf 92' lang='lat' dir='ltr'>ab</span> <span class='ocrx_word' id='word_1_159' title='bbox 959 1910 1010 1968; x_wconf 92' lang='lat' dir='ltr'>illa</span> <span class='ocrx_word' id='word_1_160' title='bbox 1026 1909 1077 1968; x_wconf 94' lang='lat' dir='ltr'>de-</span> 
     </span>
     <span class='ocr_line' id='line_1_21' title="bbox 106 1984 1122 2068; baseline -0.001 -14"><span class='ocrx_word' id='word_1_161' title='bbox 106 1993 176 2067; x_wconf 87' lang='lat' dir='ltr'>bet,</span> <span class='ocrx_word' id='word_1_162' title='bbox 199 1993 388 2068; x_wconf 89' lang='lat' dir='ltr'>exprimitur.</span> <span class='ocrx_word' id='word_1_163' title='bbox 425 1993 603 2066; x_wconf 79' lang='lat' dir='ltr'>Quartum</span> <span class='ocrx_word' id='word_1_164' title='bbox 628 1996 751 2055; x_wconf 91' lang='lat' dir='ltr'>locum</span> <span class='ocrx_word' id='word_1_165' title='bbox 777 1992 935 2053; x_wconf 84' lang='lat' dir='ltr'>habebit</span> <span class='ocrx_word' id='word_1_166' title='bbox 960 1984 1122 2062; x_wconf 60' lang='lat' dir='ltr'>alboeno</span> 
     </span>
     <span class='ocr_line' id='line_1_22' title="bbox 107 2069 1078 2155; baseline -0.004 -19"><span class='ocrx_word' id='word_1_167' title='bbox 107 2076 183 2153; x_wconf 92' lang='lat' dir='ltr'>quid</span> <span class='ocrx_word' id='word_1_168' title='bbox 207 2077 246 2136; x_wconf 87' lang='lat' dir='ltr'>sit</span> <span class='ocrx_word' id='word_1_169' title='bbox 266 2077 326 2138; x_wconf 85' lang='lat' dir='ltr'>lroc</span> <span class='ocrx_word' id='word_1_170' title='bbox 340 2069 442 2155; x_wconf 75' lang='grc' dir='ltr'><strong>εἶδος,</strong></span> <span class='ocrx_word' id='word_1_171' title='bbox 461 2078 609 2138; x_wconf 85' lang='lat' dir='ltr'>adtendas</span> <span class='ocrx_word' id='word_1_172' title='bbox 632 2086 751 2153; x_wconf 88' lang='lat' dir='ltr'>oportet</span> <span class='ocrx_word' id='word_1_173' title='bbox 771 2087 801 2138; x_wconf 91' lang='grc' dir='ltr'>ει</span> <span class='ocrx_word' id='word_1_174' title='bbox 814 2077 931 2136; x_wconf 91' lang='lat' dir='ltr'>Platoni</span> <span class='ocrx_word' id='word_1_175' title='bbox 947 2077 1078 2150; x_wconf 89' lang='lat' dir='ltr'>inputes‚</span> 
     </span>
     <span class='ocr_line' id='line_1_23' title="bbox 107 2158 1080 2232; baseline -0.004 -11"><span class='ocrx_word' id='word_1_176' title='bbox 107 2176 171 2221; x_wconf 92' lang='lat' dir='ltr'>non</span> <span class='ocrx_word' id='word_1_177' title='bbox 184 2160 272 2232; x_wconf 89' lang='lat' dir='ltr'>mihi,</span> <span class='ocrx_word' id='word_1_178' title='bbox 288 2161 368 2220; x_wconf 90' lang='lat' dir='ltr'>hanc</span> <span class='ocrx_word' id='word_1_179' title='bbox 378 2176 480 2221; x_wconf 89' lang='lat' dir='ltr'>rerum</span> <span class='ocrx_word' id='word_1_180' title='bbox 495 2162 711 2222; x_wconf 86' lang='lat' dir='ltr'>difficultatem.</span> <span class='ocrx_word' id='word_1_181' title='bbox 740 2162 822 2221; x_wconf 89' lang='lat' dir='ltr'>nulla</span> <span class='ocrx_word' id='word_1_182' title='bbox 836 2167 883 2219; x_wconf 91' lang='lat' dir='ltr'>est</span> <span class='ocrx_word' id='word_1_183' title='bbox 897 2167 995 2220; x_wconf 91' lang='lat' dir='ltr'>autem</span> <span class='ocrx_word' id='word_1_184' title='bbox 1013 2158 1080 2218; x_wconf 90' lang='lat' dir='ltr'>sine</span> 
     </span>
     <span class='ocr_line' id='line_1_24' title="bbox 106 2242 1079 2320; baseline -0.007 -15"><span class='ocrx_word' id='word_1_185' title='bbox 106 2244 285 2305; x_wconf 77' lang='lat' dir='ltr'>difficultate</span> <span class='ocrx_word' id='word_1_186' title='bbox 300 2244 466 2305; x_wconf 82' lang='lat' dir='ltr'>subtilitas:</span> <span class='ocrx_word' id='word_1_187' title='bbox 489 2248 580 2320; x_wconf 92' lang='lat' dir='ltr'>paulo</span> <span class='ocrx_word' id='word_1_188' title='bbox 595 2252 664 2304; x_wconf 90' lang='lat' dir='ltr'>ante</span> <span class='ocrx_word' id='word_1_189' title='bbox 679 2245 804 2319; x_wconf 89' lang='lat' dir='ltr'>pictoris</span> <span class='ocrx_word' id='word_1_190' title='bbox 819 2243 949 2317; x_wconf 89' lang='lat' dir='ltr'>imagine</span> <span class='ocrx_word' id='word_1_191' title='bbox 962 2242 1079 2302; x_wconf 87' lang='lat' dir='ltr'>utebar.</span> 
     </span>
     <span class='ocr_line' id='line_1_25' title="bbox 107 2324 1079 2403; baseline -0.005 -16"><span class='ocrx_word' id='word_1_192' title='bbox 107 2329 157 2388; x_wconf 92' lang='lat' dir='ltr'>ille</span> <span class='ocrx_word' id='word_1_193' title='bbox 178 2344 248 2388; x_wconf 91' lang='lat' dir='ltr'>cum</span> <span class='ocrx_word' id='word_1_194' title='bbox 266 2329 398 2399; x_wconf 71' lang='lat' dir='ltr'>reddoe</span> <span class='ocrx_word' id='word_1_195' title='bbox 417 2329 583 2403; x_wconf 89' lang='lat' dir='ltr'>Vergilium</span> <span class='ocrx_word' id='word_1_196' title='bbox 604 2328 758 2389; x_wconf 88' lang='lat' dir='ltr'>coloribus</span> <span class='ocrx_word' id='word_1_197' title='bbox 784 2327 889 2398; x_wconf 89' lang='lat' dir='ltr'>vellet,</span> <span class='ocrx_word' id='word_1_198' title='bbox 914 2324 1016 2400; x_wconf 91' lang='lat' dir='ltr'>ipsum</span> <span class='ocrx_word' id='word_1_199' title='bbox 1035 2325 1079 2383; x_wconf 92' lang='lat' dir='ltr'>in·</span> 
     </span>
     <span class='ocr_line' id='line_1_26' title="bbox 106 2409 1080 2487; baseline -0.006 -16"><span class='ocrx_word' id='word_1_200' title='bbox 106 2412 259 2473; x_wconf 85' lang='lat' dir='ltr'>tuebatur.</span> <span class='ocrx_word' id='word_1_201' title='bbox 292 2413 363 2472; x_wconf 92' lang='lat' dir='ltr'>idea</span> <span class='ocrx_word' id='word_1_202' title='bbox 381 2419 444 2472; x_wconf 85' lang='lat' dir='ltr'>erat</span> <span class='ocrx_word' id='word_1_203' title='bbox 464 2410 591 2487; x_wconf 89' lang='lat' dir='ltr'>Vergilii</span> <span class='ocrx_word' id='word_1_204' title='bbox 616 2411 726 2482; x_wconf 71' lang='lat' dir='ltr'>lecim,</span> <span class='ocrx_word' id='word_1_205' title='bbox 746 2409 836 2471; x_wconf 88' lang='lat' dir='ltr'>luturi</span> <span class='ocrx_word' id='word_1_206' title='bbox 857 2409 960 2483; x_wconf 85' lang='lat' dir='ltr'>operis</span> <span class='ocrx_word' id='word_1_207' title='bbox 978 2422 1080 2467; x_wconf 89' lang='lat' dir='ltr'>exem-</span> 
     </span>
     <span class='ocr_line' id='line_1_27' title="bbox 109 2489 1081 2572; baseline -0.005 -18"><span class='ocrx_word' id='word_1_208' title='bbox 109 2496 185 2572; x_wconf 89' lang='lat' dir='ltr'>plar.</span> <span class='ocrx_word' id='word_1_209' title='bbox 220 2511 260 2556; x_wconf 92' lang='lat' dir='ltr'>ex</span> <span class='ocrx_word' id='word_1_210' title='bbox 284 2495 343 2556; x_wconf 91' lang='lat' dir='ltr'>hac</span> <span class='ocrx_word' id='word_1_211' title='bbox 369 2496 452 2571; x_wconf 93' lang='lat' dir='ltr'>quod</span> <span class='ocrx_word' id='word_1_212' title='bbox 476 2497 585 2556; x_wconf 88' lang='lat' dir='ltr'>artilex</span> <span class='ocrx_word' id='word_1_213' title='bbox 605 2493 697 2556; x_wconf 92' lang='lat' dir='ltr'>trahit</span> <span class='ocrx_word' id='word_1_214' title='bbox 716 2501 745 2555; x_wconf 91' lang='lat' dir='ltr'>et</span> <span class='ocrx_word' id='word_1_215' title='bbox 765 2492 851 2568; x_wconf 92' lang='lat' dir='ltr'>operi</span> <span class='ocrx_word' id='word_1_216' title='bbox 864 2509 921 2553; x_wconf 92' lang='lat' dir='ltr'>suo</span> <span class='ocrx_word' id='word_1_217' title='bbox 937 2489 1081 2566; x_wconf 90' lang='lat' dir='ltr'>inposuit,</span> 
     </span>
     <span class='ocr_line' id='line_1_28' title="bbox 108 2571 1122 2655; baseline -0.005 -15"><span class='ocrx_word' id='word_1_218' title='bbox 108 2571 196 2652; x_wconf 60' lang='lat' dir='ltr'>aluos</span> <span class='ocrx_word' id='word_1_219' title='bbox 221 2587 279 2641; x_wconf 89' lang='grc' dir='ltr'><strong>εει.</strong></span> <span class='ocrx_word' id='word_1_220' title='bbox 321 2580 399 2655; x_wconf 85' lang='lat' dir='ltr'>Quid</span> <span class='ocrx_word' id='word_1_221' title='bbox 421 2580 553 2653; x_wconf 90' lang='lat' dir='ltr'>intersit,</span> <span class='ocrx_word' id='word_1_222' title='bbox 587 2579 732 2654; x_wconf 79' lang='lat' dir='ltr'>quaerist</span> <span class='ocrx_word' id='word_1_223' title='bbox 768 2579 895 2637; x_wconf 90' lang='lat' dir='ltr'>alterum</span> <span class='ocrx_word' id='word_1_224' title='bbox 925 2574 1122 2649; x_wconf 71' lang='lat' dir='ltr'>exemplarll</span> 
     </span>
     <span class='ocr_line' id='line_1_29' title="bbox 109 2660 1081 2738; baseline -0.005 -15"><span class='ocrx_word' id='word_1_225' title='bbox 109 2669 172 2737; x_wconf 89' lang='lat' dir='ltr'>est,</span> <span class='ocrx_word' id='word_1_226' title='bbox 193 2664 320 2726; x_wconf 88' lang='lat' dir='ltr'>alterum</span> <span class='ocrx_word' id='word_1_227' title='bbox 340 2665 437 2724; x_wconf 90' lang='lat' dir='ltr'>lorma</span> <span class='ocrx_word' id='word_1_228' title='bbox 458 2664 496 2722; x_wconf 90' lang='lat' dir='ltr'>ab</span> <span class='ocrx_word' id='word_1_229' title='bbox 515 2663 683 2738; x_wconf 91' lang='lat' dir='ltr'>exemplari</span> <span class='ocrx_word' id='word_1_230' title='bbox 704 2669 825 2737; x_wconf 84' lang='lat' dir='ltr'>sumpta</span> <span class='ocrx_word' id='word_1_231' title='bbox 839 2668 869 2721; x_wconf 93' lang='lat' dir='ltr'>et</span> <span class='ocrx_word' id='word_1_232' title='bbox 886 2661 972 2735; x_wconf 89' lang='lat' dir='ltr'>operi</span> <span class='ocrx_word' id='word_1_233' title='bbox 994 2660 1081 2734; x_wconf 92' lang='lat' dir='ltr'>inpo-</span> 
     </span>
     <span class='ocr_line' id='line_1_30' title="bbox 109 2743 1083 2822; baseline -0.005 -15"><span class='ocrx_word' id='word_1_234' title='bbox 109 2744 178 2807; x_wconf 87' lang='lat' dir='ltr'>sita.</span> <span class='ocrx_word' id='word_1_235' title='bbox 213 2748 339 2808; x_wconf 90' lang='lat' dir='ltr'>alteram</span> <span class='ocrx_word' id='word_1_236' title='bbox 354 2748 463 2807; x_wconf 88' lang='lat' dir='ltr'>artilex</span> <span class='ocrx_word' id='word_1_237' title='bbox 484 2747 629 2822; x_wconf 87' lang='lat' dir='ltr'>imitatur,</span> <span class='ocrx_word' id='word_1_238' title='bbox 652 2749 774 2806; x_wconf 88' lang='lat' dir='ltr'>alteram</span> <span class='ocrx_word' id='word_1_239' title='bbox 795 2745 876 2806; x_wconf 85' lang='lat' dir='ltr'>lacit.</span> <span class='ocrx_word' id='word_1_240' title='bbox 909 2744 1009 2804; x_wconf 85' lang='lat' dir='ltr'>Habet</span> <span class='ocrx_word' id='word_1_241' title='bbox 1030 2743 1083 2802; x_wconf 90' lang='lat' dir='ltr'>ali-</span> 
     </span>
     <span class='ocr_line' id='line_1_31' title="bbox 110 2821 1081 2905; baseline -0.003 -16"><span class='ocrx_word' id='word_1_242' title='bbox 110 2846 203 2905; x_wconf 88' lang='lat' dir='ltr'>quam</span> <span class='ocrx_word' id='word_1_243' title='bbox 223 2830 332 2890; x_wconf 82' lang='lat' dir='ltr'>faciem</span> <span class='ocrx_word' id='word_1_244' title='bbox 353 2838 462 2891; x_wconf 89' lang='lat' dir='ltr'>statua.</span> <span class='ocrx_word' id='word_1_245' title='bbox 489 2830 566 2889; x_wconf 91' lang='lat' dir='ltr'>haec</span> <span class='ocrx_word' id='word_1_246' title='bbox 585 2838 634 2891; x_wconf 89' lang='lat' dir='ltr'>est</span> <span class='ocrx_word' id='word_1_247' title='bbox 653 2821 752 2902; x_wconf 72' lang='lat' dir='ltr'>eidos:</span> <span class='ocrx_word' id='word_1_248' title='bbox 781 2830 873 2889; x_wconf 88' lang='lat' dir='ltr'>habet</span> <span class='ocrx_word' id='word_1_249' title='bbox 891 2829 1023 2903; x_wconf 86' lang='lat' dir='ltr'>aliquam</span> <span class='ocrx_word' id='word_1_250' title='bbox 1039 2828 1053 2886; x_wconf 88' lang='lat' dir='ltr'>l</span> <span class='ocrx_word' id='word_1_251' title='bbox 1070 2857 1081 2868; x_wconf 96' lang='lat'>-</span> 
     </span>
     <span class='ocr_line' id='line_1_32' title="bbox 110 2911 1083 2989; baseline -0.001 -17"><span class='ocrx_word' id='word_1_252' title='bbox 110 2914 188 2973; x_wconf 90' lang='lat' dir='ltr'>ciem</span> <span class='ocrx_word' id='word_1_253' title='bbox 202 2915 360 2988; x_wconf 85' lang='lat' dir='ltr'>exemplar</span> <span class='ocrx_word' id='word_1_254' title='bbox 371 2915 486 2989; x_wconf 88' lang='lat' dir='ltr'>ipsum,</span> <span class='ocrx_word' id='word_1_255' title='bbox 508 2914 591 2989; x_wconf 93' lang='lat' dir='ltr'>quod</span> <span class='ocrx_word' id='word_1_256' title='bbox 607 2912 727 2974; x_wconf 88' lang='lat' dir='ltr'>intuens</span> <span class='ocrx_word' id='word_1_257' title='bbox 743 2914 845 2988; x_wconf 90' lang='lat' dir='ltr'>opilex</span> <span class='ocrx_word' id='word_1_258' title='bbox 861 2920 991 2973; x_wconf 88' lang='lat' dir='ltr'>statuam</span> <span class='ocrx_word' id='word_1_259' title='bbox 1006 2911 1083 2986; x_wconf 87' lang='lat' dir='ltr'>ligu-</span> 
     </span>
     <span class='ocr_line' id='line_1_33' title="bbox 108 2993 1126 3072; baseline -0.005 -16"><span class='ocrx_word' id='word_1_260' title='bbox 108 2997 196 3056; x_wconf 87' lang='lat' dir='ltr'>ravit.</span> <span class='ocrx_word' id='word_1_261' title='bbox 228 2996 306 3058; x_wconf 89' lang='lat' dir='ltr'>haec</span> <span class='ocrx_word' id='word_1_262' title='bbox 325 2997 394 3058; x_wconf 91' lang='lat' dir='ltr'>idea</span> <span class='ocrx_word' id='word_1_263' title='bbox 409 3004 465 3058; x_wconf 90' lang='lat' dir='ltr'>est.</span> <span class='ocrx_word' id='word_1_264' title='bbox 496 2998 689 3072; x_wconf 83' lang='lat' dir='ltr'>Etiamnunc,</span> <span class='ocrx_word' id='word_1_265' title='bbox 712 2996 739 3056; x_wconf 92' lang='lat' dir='ltr'>si</span> <span class='ocrx_word' id='word_1_266' title='bbox 759 2997 847 3056; x_wconf 87' lang='lat' dir='ltr'>aliam</span> <span class='ocrx_word' id='word_1_267' title='bbox 863 2996 1023 3056; x_wconf 89' lang='lat' dir='ltr'>desideras</span> <span class='ocrx_word' id='word_1_268' title='bbox 1039 2993 1082 3052; x_wconf 92' lang='lat' dir='ltr'>di·</span> <span class='ocrx_word' id='word_1_269' title='bbox 1123 3020 1126 3025; x_wconf 94' lang='lat'>·</span> 
     </span>
     <span class='ocr_line' id='line_1_34' title="bbox 109 3072 1083 3157; baseline -0.007 -17"><span class='ocrx_word' id='word_1_270' title='bbox 109 3079 318 3154; x_wconf 78' lang='lat' dir='ltr'>abactionem,</span> <span class='ocrx_word' id='word_1_271' title='bbox 341 3072 427 3153; x_wconf 76' lang='grc' dir='ltr'><strong>εἶδος</strong></span> <span class='ocrx_word' id='word_1_272' title='bbox 446 3082 477 3140; x_wconf 91' lang='lat' dir='ltr'>in</span> <span class='ocrx_word' id='word_1_273' title='bbox 498 3097 593 3157; x_wconf 87' lang='lat' dir='ltr'>opere</span> <span class='ocrx_word' id='word_1_274' title='bbox 620 3087 682 3154; x_wconf 90' lang='lat' dir='ltr'>est,</span> <span class='ocrx_word' id='word_1_275' title='bbox 704 3080 776 3140; x_wconf 89' lang='lat' dir='ltr'>idea</span> <span class='ocrx_word' id='word_1_276' title='bbox 798 3086 884 3138; x_wconf 88' lang='lat' dir='ltr'>extra</span> <span class='ocrx_word' id='word_1_277' title='bbox 904 3095 998 3154; x_wconf 92' lang='lat' dir='ltr'>opus,</span> <span class='ocrx_word' id='word_1_278' title='bbox 1026 3090 1083 3134; x_wconf 87' lang='lat' dir='ltr'>nec</span> 
     </span>
     <span class='ocr_line' id='line_1_35' title="bbox 108 3158 1125 3240; baseline -0.007 -17"><span class='ocrx_word' id='word_1_279' title='bbox 108 3169 227 3224; x_wconf 81' lang='lat' dir='ltr'>tantrun</span> <span class='ocrx_word' id='word_1_280' title='bbox 241 3171 331 3225; x_wconf 90' lang='lat' dir='ltr'>extra</span> <span class='ocrx_word' id='word_1_281' title='bbox 351 3180 430 3240; x_wconf 92' lang='lat' dir='ltr'>opus</span> <span class='ocrx_word' id='word_1_282' title='bbox 451 3173 513 3237; x_wconf 88' lang='lat' dir='ltr'>est,</span> <span class='ocrx_word' id='word_1_283' title='bbox 538 3165 679 3225; x_wconf 89' lang='lat' dir='ltr'>sedante</span> <span class='ocrx_word' id='word_1_284' title='bbox 695 3178 784 3239; x_wconf 92' lang='lat' dir='ltr'>opus.</span> <span class='ocrx_word' id='word_1_285' title='bbox 820 3160 998 3234; x_wconf 79' lang='lat' dir='ltr'>Quintum</span> <span class='ocrx_word' id='word_1_286' title='bbox 1020 3158 1125 3232; x_wconf 62' lang='lat' dir='ltr'>gre-22</span> 
     </span>
     <span class='ocr_line' id='line_1_36' title="bbox 108 3239 1083 3323; baseline -0.009 -16"><span class='ocrx_word' id='word_1_287' title='bbox 108 3263 179 3308; x_wconf 86' lang='lat' dir='ltr'>nus</span> <span class='ocrx_word' id='word_1_288' title='bbox 194 3254 244 3308; x_wconf 88' lang='lat' dir='ltr'>cst</span> <span class='ocrx_word' id='word_1_289' title='bbox 257 3263 378 3321; x_wconf 89' lang='lat' dir='ltr'>eorum,</span> <span class='ocrx_word' id='word_1_290' title='bbox 400 3263 499 3323; x_wconf 87' lang='lat' dir='ltr'>quae</span> <span class='ocrx_word' id='word_1_291' title='bbox 516 3247 772 3308; x_wconf 87' lang='lat' dir='ltr'>communiter</span> <span class='ocrx_word' id='word_1_292' title='bbox 787 3252 884 3305; x_wconf 91' lang='lat' dir='ltr'>sunt.</span> <span class='ocrx_word' id='word_1_293' title='bbox 920 3239 1083 3303; x_wconf 88' lang='lat' dir='ltr'>haecinci-</span> 
     </span>
     <span class='ocr_line' id='line_1_37' title="bbox 107 3326 1083 3407; baseline -0.01 -15"><span class='ocrx_word' id='word_1_294' title='bbox 107 3331 196 3407; x_wconf 87' lang='lat' dir='ltr'>piunt</span> <span class='ocrx_word' id='word_1_295' title='bbox 211 3331 252 3391; x_wconf 92' lang='lat' dir='ltr'>ad</span> <span class='ocrx_word' id='word_1_296' title='bbox 267 3347 326 3391; x_wconf 89' lang='lat' dir='ltr'>nos</span> <span class='ocrx_word' id='word_1_297' title='bbox 341 3333 502 3405; x_wconf 90' lang='lat' dir='ltr'>pertinere.</span> <span class='ocrx_word' id='word_1_298' title='bbox 520 3332 569 3391; x_wconf 88' lang='lat' dir='ltr'>hic</span> <span class='ocrx_word' id='word_1_299' title='bbox 584 3336 655 3391; x_wconf 87' lang='lat' dir='ltr'>sunt</span> <span class='ocrx_word' id='word_1_300' title='bbox 670 3330 779 3402; x_wconf 89' lang='lat' dir='ltr'>omnia,</span> <span class='ocrx_word' id='word_1_301' title='bbox 794 3326 944 3400; x_wconf 88' lang='lat' dir='ltr'>homines,</span> <span class='ocrx_word' id='word_1_302' title='bbox 962 3339 1083 3400; x_wconf 89' lang='lat' dir='ltr'>pecora,</span> 
     </span>
     <span class='ocr_line' id='line_1_38' title="bbox 106 3410 1083 3489; baseline -0.009 -15"><span class='ocrx_word' id='word_1_303' title='bbox 106 3430 169 3475; x_wconf 91' lang='lat' dir='ltr'>res.</span> <span class='ocrx_word' id='word_1_304' title='bbox 206 3414 365 3476; x_wconf 88' lang='lat' dir='ltr'>Sextum</span> <span class='ocrx_word' id='word_1_305' title='bbox 385 3429 508 3489; x_wconf 90' lang='lat' dir='ltr'>genus</span> <span class='ocrx_word' id='word_1_306' title='bbox 523 3431 629 3474; x_wconf 92' lang='lat' dir='ltr'>eorum</span> <span class='ocrx_word' id='word_1_307' title='bbox 652 3427 749 3489; x_wconf 91' lang='lat' dir='ltr'>quae</span> <span class='ocrx_word' id='word_1_308' title='bbox 768 3410 877 3485; x_wconf 90' lang='lat' dir='ltr'>quasi</span> <span class='ocrx_word' id='word_1_309' title='bbox 893 3416 994 3470; x_wconf 80' lang='lat' dir='ltr'>sunt:</span> <span class='ocrx_word' id='word_1_310' title='bbox 1010 3415 1083 3468; x_wconf 87' lang='lat' dir='ltr'>tam-</span> 
     </span>
     <span class='ocr_line' id='line_1_39' title="bbox 107 3491 1085 3576; baseline -0.01 -16"><span class='ocrx_word' id='word_1_311' title='bbox 107 3514 201 3576; x_wconf 90' lang='lat' dir='ltr'>quam</span> <span class='ocrx_word' id='word_1_312' title='bbox 227 3497 334 3572; x_wconf 86' lang='lat' dir='ltr'>inane,</span> <span class='ocrx_word' id='word_1_313' title='bbox 355 3505 510 3574; x_wconf 85' lang='lat' dir='ltr'>tamquam</span> <span class='ocrx_word' id='word_1_314' title='bbox 534 3505 665 3574; x_wconf 91' lang='lat' dir='ltr'>tempus.</span> <span class='ocrx_word' id='word_1_315' title='bbox 707 3495 924 3570; x_wconf 85' lang='lat' dir='ltr'>Quaecumque</span> <span class='ocrx_word' id='word_1_316' title='bbox 946 3491 1085 3553; x_wconf 92' lang='lat' dir='ltr'>videmus</span> 
     </span>
    </p>
   </div>
   <div class='ocr_carea' id='block_1_3' title="bbox 0 0 1244 3930">
    <p class='ocr_par' dir='ltr' id='par_1_3' title="bbox 0 0 1244 3930">
     <span class='ocr_line' id='line_1_40' title="bbox 0 0 1244 3930; baseline 0 0"><span class='ocrx_word' id='word_1_317' title='bbox 0 0 1244 3930; x_wconf 95' lang='lat' dir='ltr'> </span> 
     </span>
    </p>
   </div>
  </div>
 </body>
</html>
