2468 3930
205 239 269 303 202
494 238 528 297 L.
546 236 694 298 ANNAEI
717 235 892 297 SENECAE

205 389 340 464 interest,
355 393 455 448 utrum
466 387 506 447 ad
515 394 728 462 consumptam
739 387 896 447 materiam
912 403 952 447 an
966 388 1006 447 ad
1022 389 1183 453 subactam

206 472 354 535 accedas:
367 472 478 531 crescit
489 469 520 530 in
535 470 602 531 dies
615 478 646 529 et
657 470 827 530 inventuris
835 470 960 531 inventa
971 488 1033 532 non
1046 473 1181 535 obstant.

205 559 367 617 Praeterea
382 553 523 616 condicio
540 554 655 628 optima
669 562 717 614 est
730 553 841 614 ultimi:
864 560 970 629 parata
989 556 1086 616 verba
1100 557 1183 618 inve·

204 641 262 714 pit,
279 655 358 714 quae
373 639 459 699 aliter
475 639 621 698 instructa
636 653 748 698 novam
764 637 873 697 faciam
893 637 1016 699 habent.
1052 655 1112 700 nec
1126 639 1184 701 iltis

204 739 313 784 manus
334 722 418 782 inicit
432 730 585 796 tamquam
601 720 718 781 alienis.
743 729 815 782 sunt
831 720 911 783 enim
927 721 1059 797 publica
1095 724 1185 783 iuris-

178 806 340 872 iconsulti
367 813 481 881 negant
505 806 670 882 quicquam
701 805 857 881 publicum
877 806 1018 881 usucapi.
1050 807 1183 882 Autego

204 900 234 952 te
262 906 324 950 non
345 890 417 951 novi
437 897 490 950 aut
507 891 607 951 Aetna
630 889 683 949 tibi
708 890 836 948 salivam
857 897 969 950 movet.
1010 891 1072 950 iarn
1093 892 1182 966 cupis

204 975 322 1050 grande
336 974 453 1049 aliquid
470 980 501 1034 et
514 990 571 1049 par
583 972 738 1048 prioribus
751 971 895 1032 scribere.
930 974 1001 1049 plus
1017 975 1098 1033 enim
1113 990 1183 1048 spe-

203 1075 273 1119 rare
287 1058 438 1119 modestia
454 1057 508 1117 tibi
522 1067 574 1118 tua
589 1073 650 1117 non
666 1056 823 1131 permittit,
847 1071 927 1132 quae
941 1063 1024 1117 tanta
1038 1058 1068 1117 in
1084 1066 1115 1118 te
1128 1066 1182 1130 est,

204 1150 238 1202 ut
249 1143 384 1203 videaris
400 1140 472 1201 mihi
485 1148 672 1201 retracturus
690 1140 803 1214 ingenii
817 1141 860 1200 tui
876 1139 973 1214 vires,
997 1141 1024 1201 si
1038 1140 1184 1202 vincendi

174 1240 193 1296 8
204 1225 375 1302 periculum
395 1225 450 1286 sia
471 1231 554 1285 tanta
573 1223 627 1285 tibi
648 1224 785 1299 priorum
799 1225 971 1284 reverentia
985 1232 1042 1285 est.
1076 1225 1184 1285 Inter

205 1317 337 1371 cetera
362 1309 433 1369 hoe
458 1308 573 1369 babet
598 1308 686 1368 boni
710 1307 927 1384 sapientia:
952 1325 1027 1368 non
1053 1315 1185 1383 potest

201 1393 318 1453 uinci.
345 1393 442 1452 Nemo
458 1391 496 1450 ab
512 1393 606 1452 altero
621 1399 724 1467 potest
740 1391 835 1464 vinci,
857 1391 916 1451 nisi
932 1392 1005 1453 dum
1018 1391 1183 1451 adscendi-

204 1485 262 1538 tur.
299 1493 367 1536 cum
390 1475 432 1535 ad
452 1491 602 1536 summum
626 1475 821 1550 perveneris,
836 1475 925 1550 paria
941 1482 1024 1547 sunt,
1045 1491 1109 1535 non
1134 1482 1184 1535 est

205 1560 393 1620 incremento
408 1558 511 1632 locus,
527 1567 639 1620 statur:
662 1556 810 1634 numquid
828 1561 876 1620 sol
893 1557 1089 1634 magnitudini
1104 1575 1183 1619 suaa

206 1641 319 1703 adicitt
355 1642 503 1716 numquid
517 1645 596 1704 ultra
611 1659 703 1717 quam
719 1644 812 1714 solet,
835 1642 908 1702 luna
923 1642 1083 1717 proceditt
1118 1659 1182 1703 ma·

205 1726 251 1786 ria
271 1743 332 1789 non
354 1735 506 1787 crescunt.
541 1727 675 1787 mundus
694 1727 835 1787 eumdem
856 1726 990 1787 habitum
1005 1742 1044 1788 ac
1057 1727 1182 1787 modum

177 1818 317 1878 osorvat.
353 1811 509 1870 Extollere
530 1825 580 1884 se,
608 1825 688 1886 quae
705 1810 815 1871 iustam
830 1809 1071 1884 magnitudinem
1086 1810 1181 1886 inple-

203 1909 291 1968 vere,
312 1911 375 1955 non
390 1902 536 1968 possunt:
566 1894 751 1969 quicumque
768 1893 881 1954 luerint
894 1894 1067 1969 sapientes,
1091 1909 1181 1970 pares

204 1986 293 2039 erunt
307 1986 337 2039 et
353 1980 510 2054 aequales.
543 1976 675 2038 Habebit
688 1978 905 2053 unusquisque
920 1994 960 2038 ex
975 1978 1022 2039 his
1039 1978 1181 2054 proprias

204 2061 309 2122 dotes:
325 2061 404 2123 alius
419 2063 476 2123 erit
490 2061 656 2136 affabilior,
677 2062 755 2122 alius
774 2061 963 2137 expeditior,
986 2061 1065 2123 alius
1081 2075 1176 2138 prom

204 2144 284 2221 ptior
298 2147 329 2205 in
344 2147 535 2222 eloquendo,
551 2147 627 2207 alius
643 2145 817 2206 facundiam
840 2145 924 2222 illud,
940 2146 979 2206 de
997 2162 1058 2222 quo
1074 2144 1180 2222 agitur,

162 2238 197 2290 10
205 2230 290 2305 quod
303 2230 427 2291 beatum
449 2229 535 2305 iacit,
556 2231 687 2305 aequate
701 2230 732 2288 in
748 2229 900 2290 omnibus.
940 2231 988 2290 An
1008 2231 1113 2291 Aetna
1131 2238 1181 2289 tua

204 2314 305 2388 possit
325 2314 445 2374 sublabi
466 2321 496 2375 et
516 2316 713 2387 inseruere,
734 2329 773 2373 au
788 2313 848 2374 hoe
862 2312 1019 2374 excelsum
1035 2329 1181 2375 cacumen

203 2404 234 2458 et
255 2399 457 2474 conspicuum
477 2415 533 2473 per
554 2399 631 2458 vasti
652 2395 745 2457 maris
772 2397 872 2472 spatia
892 2397 1032 2458 detrahat
1051 2397 1181 2459 adsidua

202 2482 251 2543 vis
276 2482 406 2558 ignium,
439 2483 560 2543 nescio:
601 2480 881 2543 virtutemnon
908 2481 1077 2554 flamma,
1108 2497 1179 2541 non

202 2567 314 2626 ruina
334 2566 501 2626 interius
514 2565 690 2626 adducet.
720 2565 797 2625 haee
811 2581 873 2625 una
887 2564 1034 2626 maiestas
1045 2562 1179 2641 deprini

202 2650 310 2708 nescit.
353 2665 411 2708 nec
426 2650 559 2724 proferri
573 2650 651 2709 ultra
670 2665 728 2709 nec
744 2649 850 2709 reterri
867 2655 980 2725 potest.
1017 2648 1065 2710 sic
1078 2648 1179 2721 huius,

201 2737 236 2790 ut
250 2730 437 2806 coelestium,
454 2739 566 2793 statuta
580 2731 757 2807 magnitudo
772 2739 828 2794 est.
857 2733 904 2793 ad
918 2732 1016 2795 hanc
1030 2748 1102 2793 nos
1116 2747 1180 2816 co·

161 2823 334 2876 linemur
350 2815 526 2875 educere.
550 2816 615 2875 lam
629 2819 754 2878 muitum
766 2816 868 2892 operis
881 2815 983 2877 effecti
1000 2823 1063 2879 ests
1078 2816 1180 2890 immo,

203 2897 355 2958 siveram
382 2899 468 2960 lateri
492 2899 580 2973 volo,
607 2917 669 2961 non
694 2902 830 2962 muitum.
865 2916 924 2960 nec
948 2900 1028 2960 enim
1058 2899 1180 2961 bonitas

202 2989 251 3042 est
273 2982 417 3057 pessimis
437 2999 509 3044 esse
528 2985 699 3046 meliorem=
723 2984 793 3060 quis
816 2984 914 3044 oculis
935 2983 1098 3058 glorietur,
1128 2981 1182 3059 qui

202 3065 378 3141 suspicetur
397 3068 491 3140 diem,
519 3069 568 3128 cni
587 3069 635 3128 sol
655 3083 712 3142 per
731 3066 890 3143 caliginem
912 3067 1078 3142 splendetc
1110 3066 1183 3127 licet

202 3157 364 3211 contentus
375 3151 495 3213 interim
506 3153 546 3212 sit
557 3151 705 3227 effugisse
714 3151 868 3225 tenebras,
883 3151 985 3213 adhuc
997 3166 1058 3211 non
1072 3150 1182 3213 fruitur

161 3233 284 3295 12bono
299 3235 387 3295 lucis.
412 3237 496 3296 Tunc
512 3236 631 3296 animus
647 3242 752 3296 noster
762 3234 895 3309 habebit,
912 3234 996 3311 quod
1011 3234 1184 3310 gratuletur

202 3317 276 3390 sibi,
298 3333 368 3379 cum
382 3320 515 3380 emissus
530 3319 579 3378 his
593 3320 744 3391 tenebris,
759 3318 791 3379 in
806 3317 919 3395 quibus
932 3320 1103 3392 volutatur,
1118 3334 1183 3381 non

201 3401 284 3461 tenui
308 3403 377 3463 visu
398 3405 480 3463 clara
500 3404 711 3479 prospexerit,
732 3402 790 3463 sed
810 3410 905 3464 totum
925 3400 1008 3462 diem
1021 3400 1184 3464 admiserit

202 3489 232 3541 et
246 3485 334 3546 coelo
348 3487 487 3546 redditus
502 3503 559 3549 suo
576 3487 679 3562 inerit,
701 3503 771 3549 cum
784 3487 936 3565 receperit
949 3488 1066 3567 locum,
1087 3500 1183 3564 quem
