2468 3930
228 237 400 298 EPISTUL.
413 236 508 298 MOR.
529 236 603 296 LIB.
616 235 697 296 XIV.
718 234 776 295 ΕΡ.
790 245 817 296 1.
836 239 908 310 (89.)
992 233 1055 298 257

75 391 128 468 qui
145 389 177 449 in
190 388 281 463 plum
292 387 491 446 diducerentt
507 384 636 460 quidam
646 401 687 446 ex
697 383 906 460 Peripateticis
919 392 1101 462 quartamlo

73 479 224 551 partem
243 469 422 530 adiecerunt
442 468 611 543 civilem,
637 468 712 544 quia
726 468 881 544 propriam
895 470 1059 545 quamdam

74 555 324 618 meretuuoncn
337 553 491 614 desideret
504 559 536 615 at
547 553 630 614 circa
640 553 728 612 aliam
739 553 895 613 materiam
908 562 1059 629 occupata

74 642 123 702 sit
149 637 281 716 -quidam
303 636 484 699 adioeeurnt
503 637 552 698 bis
572 643 706 712 partem,
727 653 820 712 quam
840 632 1060 718 οἰκονομικήν

74 730 203 797 vocent,
236 721 571 783 administrandae
603 720 816 781 familiaris
844 722 903 781 rei
927 722 1059 783 scien-

74 809 177 869 tiam.
207 806 332 882 quidam
352 812 383 866 et
402 806 448 866 de
464 804 679 880 generibus
700 803 803 864 vitae
822 805 948 865 locum
968 821 1058 882 sepa-

75 897 230 953 raverunt
257 888 334 950 nibil
347 895 449 950 autem
462 888 571 950 borum
587 904 648 948 non
666 887 700 946 in
717 888 769 947 illa
790 894 875 963 parte
891 890 998 949 murali
1011 905 1059 950 re-

76 973 416 1052 peritunlipieurei
431 973 526 1032 duas
542 980 676 1047 part-es
692 971 975 1047 philosophiae
990 986 1100 1048 pu-11

75 1064 259 1122 taverunt
273 1072 382 1130 esse,
403 1058 570 1117 naturalem
588 1062 683 1130 atque
697 1056 859 1117 moralcm=
880 1056 1060 1116 rationalem

77 1147 281 1205 removerunt.
313 1139 425 1200 deinde
440 1156 508 1200 oum
523 1139 600 1215 ipsis
612 1141 706 1200 rebus
722 1144 905 1214 cogerentur
916 1138 1061 1214 ambigua

77 1240 256 1298 secernere,
279 1225 357 1284 falsa
372 1223 432 1284 sub
448 1224 553 1299 specie
574 1224 639 1284 veri
654 1221 779 1285 latentia
794 1238 976 1297 coarguere,
999 1223 1061 1298 ipsi

78 1325 203 1387 quaque
216 1310 332 1383 lucum,
355 1323 445 1383 ouem
461 1309 500 1368 de
513 1306 627 1368 iudicio
641 1313 672 1368 et
684 1308 791 1382 regula
806 1307 977 1382 adpellant,
998 1305 1059 1366 alio

76 1394 200 1455 nantino
212 1392 390 1452 rationalem
404 1390 599 1465 induxerunt,
614 1392 672 1451 sed
684 1407 752 1451 oum
764 1391 974 1451 accessionem
986 1405 1059 1450 esse

77 1477 226 1538 naturalis
249 1475 344 1552 partis
368 1473 551 1536 esrist‘uuant
590 1474 799 1553 Cyrenaici
822 1474 971 1535 naturalia
991 1485 1102 1538 curuli

77 1559 278 1622 rationalibus
297 1559 489 1620 sustulerunt
510 1567 541 1620 et
560 1558 737 1620 contenti
757 1559 918 1619 luerunt
936 1574 1059 1618 mora-

79 1645 198 1718 libus,
217 1642 485 1718 seditioneque,
508 1659 590 1718 quae
609 1648 781 1718 renlovant,
802 1642 889 1702 aliter
901 1641 1059 1703 inducunt.

79 1727 114 1787 in
129 1728 399 1803 quinqueenim
413 1734 547 1801 partes
562 1727 722 1787 moralia
737 1724 933 1800 dividunt,
953 1733 1062 1786 utuna

80 1810 120 1872 sit
130 1811 172 1871 de
186 1811 341 1886 largiendis
356 1817 386 1870 et
399 1811 588 1884 expetendis,
605 1813 699 1871 alteru
713 1810 753 1869 de
767 1810 954 1883 adfectibus,
972 1809 1062 1872 tertia

81 1895 119 1955 de
139 1894 327 1967 actionibus,
349 1900 458 1970 quarta
474 1894 646 1968 decausis,
670 1894 775 1969 quinta
798 1894 838 1953 de
858 1895 1060 1969 argumentis:

81 1994 194 2040 musae
206 1993 309 2038 rerum
323 1992 363 2037 ex
376 1976 505 2045 naturali
520 1985 606 2053 parte
622 1985 707 2053 sunt,
723 1984 901 2053 argumenta
916 1994 956 2038 ex
969 1979 1060 2038 ratio-

80 2060 155 2136 nali,
175 2063 314 2124 amioum
335 2076 375 2121 ex
393 2061 511 2122 morali.
548 2063 711 2123 Ariston
731 2061 848 2123 chius
870 2078 933 2122 non
946 2069 1104 2124 tantumne

80 2159 291 2222 supervacuas
300 2161 375 2205 esse
389 2144 465 2206 dixit
477 2147 647 2206 naturalem
659 2151 689 2205 et
699 2144 886 2220 rationalem,
902 2147 958 2206 sed
971 2145 1061 2205 etiem

80 2230 258 2290 conuarias.
277 2230 461 2290 moralem
478 2245 611 2305 quoque,
628 2245 735 2304 quam
752 2229 871 2288 solam
888 2227 1060 2304 relique-

79 2321 153 2389 rat,
179 2312 441 2374 circumcidit:
469 2329 539 2372 nam
566 2329 635 2373 eum
660 2313 777 2386 locum,
804 2313 856 2386 qui
878 2310 1061 2372 monitiones

81 2398 222 2469 continet,
238 2397 362 2458 sustulit
375 2405 408 2457 et
422 2396 596 2473 paedagogi
608 2410 682 2457 esse
696 2394 780 2468 dixit,
796 2411 857 2455 non
873 2394 1061 2470 philosophi,

80 2489 233 2557 umquam
262 2482 426 2556 quicquam
449 2479 530 2541 aliud
550 2482 591 2540 sit
610 2480 843 2554 sapiensquam
864 2478 986 2554 generis
1006 2478 1061 2539 bu·

80 2565 161 2626 utam
174 2564 386 2640 paedagogus.
405 2564 488 2639 Ergo
503 2581 584 2625 oum
600 2561 803 2638 tripartita
817 2562 869 2624 sit
884 2561 1105 2638 philoso-ld

80 2647 478 2724 phi·a,m0ralemeius
494 2656 641 2724 partem
655 2647 814 2724 primum
829 2647 1062 2723 incipiamus

79 2733 300 2808 disponer-e.
331 2747 441 2807 quam
460 2732 495 2792 iu
515 2731 742 2793 triarursus
759 2730 884 2792 dividi
899 2732 1061 2807 placuit,

79 2822 112 2875 ut
121 2816 223 2891 prima
238 2822 322 2876 esset
338 2816 488 2890 inspectio
504 2833 593 2876 suum
606 2815 917 2891 cuiquedistribuens
928 2824 959 2876 et
972 2815 1060 2877 aesti-

80 2914 183 2975 mans,
205 2905 318 2975 quiante
342 2900 478 2974 quidque
498 2900 622 2975 digmun
644 2900 697 2974 sit,
719 2900 851 2960 maxime
867 2900 958 2961 utilis.
989 2899 1063 2975 quid

80 2980 161 3042 (πῂ
179 2992 230 3044 cst
249 2989 310 3043 tam
327 2984 538 3044 necessarium
560 3001 652 3060 quam
673 2983 772 3059 prelia
784 2984 878 3044 rebus
893 2985 1063 3059 inponeret

81 3067 219 3128 secunda
238 3066 484 3140 deuotionibus,
513 3069 600 3129 tertia
621 3068 661 3127 de
679 3068 794 3143 inpetu.
828 3066 957 3143 primum
982 3067 1062 3125 enim

80 3157 144 3224 ea,
157 3159 194 3212 ut
208 3158 355 3227 qnantum
369 3151 505 3227 quidque
520 3151 560 3213 sit
572 3152 700 3213 iudices.
730 3152 913 3224 secundum,
928 3157 962 3209 ut
976 3149 1062 3224 iupe-

79 3240 143 3295 tum
154 3235 198 3295 ad
210 3234 264 3295 illa
278 3235 384 3310 capias
397 3235 569 3297 ordinatum
583 3241 855 3310 temperatumque.
885 3234 1013 3304 tertium,
1030 3238 1064 3292 ut

79 3318 158 3378 iuter
168 3321 308 3394 inpetum
321 3326 406 3381 tuum
418 3321 634 3396 acdonemque
648 3318 817 3393 conveniat,
833 3316 906 3378 utin
920 3316 1062 3376 omnibus

80 3399 147 3463 istis
158 3402 216 3464 u'tt
226 3401 299 3479 ipse
314 3404 499 3466 consentias.
537 3402 690 3479 Quicquid
704 3417 743 3461 ex
759 3401 830 3481 [bis]
845 3401 941 3463 tribus
955 3400 1060 3472 defuit,
1071 3406 1104 3462 lb

80 3485 182 3547 turbat
196 3493 232 3547 et
252 3495 363 3549 cetera.
387 3488 467 3564 quid
484 3490 568 3550 caim
585 3487 717 3565 prodest
735 3486 816 3547 intus
832 3487 992 3546 aestimata
1008 3483 1061 3544 ha-

124 3591 228 3633 smca
245 3591 317 3632 anu.
338 3575 383 3634 III.
860 3578 891 3634 ll
