2468 3930
143 218 186 284 68
425 219 458 278 L.
480 218 627 278 ANNAEI
650 216 825 278 SENECAE

144 371 251 433 mortis
273 368 341 447 spei
362 369 455 429 mixta
470 375 555 429 sunta
587 367 698 428 desinit
711 368 847 429 morbus.
877 368 1051 428 incendium
1066 385 1124 431 ex·

145 453 315 530 stinguitur.
346 452 433 514 ruina
453 468 533 526 quos
554 450 713 512 videbatur
736 452 937 527 obpressum,
965 452 1121 527 deposuit.

144 554 229 599 mare
245 553 324 612 quos
339 535 492 608 hauserat,
504 535 535 594 vl
550 535 667 609 eadem,
684 550 745 610 qua
760 534 913 608 sorbebat,
930 533 1019 596 eiecit
1033 536 1119 598 inco-

144 623 253 682 lumes.
273 620 407 696 gladium
427 618 514 678 miles
530 617 568 677 ab
589 615 659 693 ipsa
673 617 798 692 perituri
813 618 933 678 cervice
946 621 1119 680 revocavit:

144 703 186 765 nil
198 704 290 765 habet
305 703 388 778 quod
403 708 521 777 speret,
544 716 634 777 quem
656 710 799 762 senectus
817 701 900 762 ducit
920 703 960 762 ad
979 710 1119 764 mortem.

144 789 216 849 huic
237 785 313 866 [uni]
334 784 480 848 intercedi
501 801 562 847 non
587 791 696 859 potest.
728 785 815 845 Nullo
840 799 952 860 genere
976 785 1117 848 homines

117 871 266 940 emollius
281 870 462 942 moriuntur,
490 869 546 930 sed
560 883 618 928 nec
632 867 752 928 diutius.
781 869 899 928 Bassus
914 875 1020 929 noster
1032 868 1117 930 vide-

145 955 234 1016 batur
253 953 324 1013 mihl
345 952 493 1028 prosequi
509 967 544 1012 se
559 959 589 1012 et
604 967 781 1027 conponere
795 959 825 1013 et
842 951 947 1012 vivere
962 959 1117 1030 tamquam

145 1043 306 1114 superstes
323 1036 382 1097 sibi
398 1043 427 1096 et
442 1035 595 1111 sapienter
610 1036 689 1094 lerre
702 1033 889 1095 desiderium
904 1035 962 1096 sui.
991 1052 1061 1098 narn
1076 1040 1115 1098 de

145 1127 242 1182 morte
254 1120 347 1180 multa
367 1120 502 1195 loquitur
517 1126 547 1179 et
561 1118 591 1178 id
609 1119 671 1192 agit
689 1118 812 1194 sedulo,
834 1124 867 1179 ut
884 1119 973 1180 nobis
988 1136 1116 1195 persua·

146 1205 229 1279 deat,
254 1205 280 1264 si
303 1204 377 1280 quid
397 1202 581 1263 incommodi
602 1209 654 1262 aut
675 1208 773 1262 metus
795 1202 826 1261 in
845 1201 905 1262 hoc
921 1205 1044 1278 negotio
1060 1211 1115 1280 est,

145 1289 300 1349 morientis
324 1287 427 1346 vitium
451 1302 537 1359 esse,
563 1302 623 1346 non
643 1285 758 1346 morlia.
791 1301 852 1346 non
873 1287 971 1361 magis
993 1288 1023 1346 in
1048 1289 1117 1363 ipsa

95 1430 97 1436 ,
116 1372 308 1448 equiequam
324 1385 396 1430 esse
410 1367 568 1430 molestiae
584 1385 675 1444 quam
689 1375 761 1444 post
774 1369 882 1444 ipsam.
901 1370 974 1430 Tam
989 1372 1115 1432 demens

146 1463 245 1515 autem
260 1461 319 1525 est,
342 1453 394 1527 qui
407 1452 507 1526 timet,
530 1452 614 1526 quod
629 1468 690 1512 non
705 1459 753 1513 est
766 1469 931 1528 passurus,
958 1469 1049 1528 quam
1064 1455 1116 1530 qui

144 1539 235 1608 timet,
253 1537 335 1612 quod
349 1552 411 1596 non
427 1542 474 1595 est
486 1551 645 1595 sensurus.
666 1540 715 1595 An
732 1536 895 1613 quisquam
909 1537 968 1597 hoc
983 1538 1115 1599 futurum

146 1620 250 1695 credit,
265 1626 299 1680 ut
312 1635 368 1694 per
383 1634 475 1694 quam
489 1618 562 1678 nihil
577 1618 764 1694 sentiat[ur],
788 1635 825 1679 ea
838 1619 1006 1682 sentiatur?
1023 1621 1114 1698 Ergo,

145 1702 255 1779 inquit,
277 1718 361 1763 mors
381 1702 458 1762 adeo
482 1709 567 1762 extra
587 1717 676 1763 omne
700 1705 811 1763 malum
832 1710 893 1779 εει,
917 1711 952 1764 ut
971 1702 1011 1765 sit
1029 1713 1115 1766 extra

117 1805 132 1861 7
146 1802 266 1848 omnem
281 1788 427 1847 malorum
441 1793 562 1846 metum.
583 1787 667 1845 Haec
682 1801 739 1861 ego
755 1787 820 1847 scio
836 1793 867 1847 et
882 1787 1072 1862 saepedicta
1086 1796 1116 1848 et

145 1885 241 1944 saepe
255 1869 400 1930 dicenda=
419 1870 475 1930 sed
491 1885 592 1945 neque
606 1885 674 1929 eum
690 1871 831 1944 legerem,
849 1885 946 1946 aeque
960 1870 1032 1930 mibi
1045 1888 1114 1946 pro-

145 1955 273 2026 tuerunt,
291 1969 391 2029 neque
406 1968 473 2013 eum
493 1953 628 2013 audirem
641 1952 689 2012 bis
702 1951 882 2029 dicentibus,
900 1953 951 2029 qui
962 1954 1117 2028 negabunt

143 2036 292 2109 timenda,
321 2054 339 2096 a
360 2052 490 2112 quorum
510 2044 592 2097 metu
613 2036 754 2097 aberant=
781 2037 831 2096 hic
856 2053 928 2098 vero
950 2037 1115 2112 plurimum

145 2120 229 2196 apud
249 2136 298 2180 me
318 2121 504 2181 auctoritatis
524 2119 642 2194 habuit,
668 2137 736 2181 eum
761 2121 937 2195 loqueretur
958 2121 997 2180 de
1017 2127 1115 2180 morte

116 2204 254 2267 avicina.
286 2203 391 2264 Dicam
413 2205 502 2265 etiam
518 2205 592 2280 quid
609 2204 753 2266 sentiam:
784 2211 857 2284 puto
872 2205 1029 2266 fortiorem
1045 2221 1114 2265 eum

144 2303 224 2360 esse,
242 2288 293 2363 qni
308 2288 339 2346 in
356 2287 424 2362 ipsa
439 2296 535 2350 morte
550 2294 597 2348 est
612 2304 702 2363 quarn
720 2287 771 2362 qui
784 2289 865 2348 circa
879 2295 1016 2353 mortem.
1030 2303 1113 2348 mors

144 2373 224 2431 enim
246 2371 367 2432 admota
388 2370 477 2434 etiam
502 2372 638 2446 inperitis
659 2372 790 2431 animum
811 2371 896 2432 dedit
915 2387 977 2431 non
1000 2371 1114 2431 vitandi

144 2453 344 2514 inevitabilia:
375 2456 420 2515 sic
441 2455 589 2530 gladiator
608 2462 672 2514 tota
687 2471 789 2529 pugna
802 2454 1012 2516 timidissimus
1027 2454 1114 2528 iugu-

144 2540 204 2598 lum
222 2538 399 2599 adversario
415 2545 548 2614 praestat
564 2547 594 2598 ει
614 2544 764 2599 errantem
779 2539 910 2613 gladium
925 2538 984 2599 sibi
999 2539 1112 2598 adtem-

144 2628 238 2696 perat.
261 2621 370 2691 atilla,
386 2622 508 2696 quaein
528 2623 701 2696 propinquo
718 2629 765 2682 est
777 2622 883 2697 utique
896 2621 1038 2696 ventura,
1061 2621 1112 2681 de·

112 2703 118 2742 s
144 2704 259 2763 siderat
273 2704 384 2763 lentam
400 2704 489 2762 animi
503 2704 686 2776 firmitatem,
710 2720 788 2779 quae
804 2712 850 2766 est
863 2707 961 2766 rarior
974 2720 1032 2765 nee
1047 2709 1115 2780 pot·

116 2792 193 2850 9εει
211 2785 270 2844 nisi
291 2801 310 2844 a
331 2786 468 2860 sapiente
490 2788 648 2862 praestari.
681 2788 894 2855 Libentissime
915 2788 1115 2864 itaquelltum

144 2867 306 2929 audiebam
329 2869 417 2944 quasi
437 2870 582 2931 ferentem
602 2873 641 2932 de
661 2880 757 2933 morte
772 2873 950 2933 sententiam
966 2878 997 2932 et
1011 2869 1112 2946 qualis

143 2957 227 3012 esset
251 2952 317 3011 eius
342 2959 449 3013 natura
473 2955 555 3015 velut
580 2956 708 3032 propius
736 2957 892 3032 inspectae
919 2955 1114 3015 indicantem.

142 3035 229 3109 Plus,
254 3042 288 3096 ut
301 3043 389 3111 puto,
415 3036 487 3096 fidei
501 3037 627 3100 haberet
642 3040 724 3114 apud
745 3047 788 3111 te,
814 3041 883 3115 plus
898 3037 1060 3115 ponderis,
1086 3034 1116 3098 si

143 3120 212 3195 quis
232 3118 396 3180 revixisset
416 3127 445 3181 et
467 3122 498 3180 in
520 3131 616 3184 morte
636 3122 710 3182 nihil
732 3123 802 3182 mali
825 3139 896 3183 esse
911 3128 1048 3183 narraret
1061 3134 1114 3179 ex·

142 3211 263 3279 pertus2
296 3219 441 3264 accessus
462 3206 566 3266 mortis
592 3222 683 3282 quam
710 3206 967 3281 perturbationem
988 3204 1115 3277 adierat,

143 3287 255 3362 optime
268 3287 321 3348 tibi
336 3285 368 3347 hi
385 3288 499 3362 dicent,
526 3290 578 3364 qui
596 3289 764 3351 secundum
780 3288 861 3350 illam
876 3296 1038 3360 steterunt,
1062 3286 1115 3362 qul

101 3372 312 3431 lovanientem
326 3380 355 3433 et
368 3371 510 3432 viderunt
529 3379 559 3432 et
583 3382 774 3449 receperunt.
810 3374 891 3432 Inter
905 3373 964 3433 hos
981 3373 1116 3432 Bassum

143 3454 212 3513 licet
226 3471 382 3530 numeres,
410 3454 463 3532 qui
485 3471 542 3516 nos
558 3456 659 3532 decipi
676 3455 780 3518 noluit.
814 3457 841 3516 is
856 3457 897 3517 ait
912 3463 973 3517 tam
991 3455 1116 3516 stultum
