2468 3930
227 235 291 299 230
531 234 565 295 L.
586 233 734 295 ANNAEI
757 233 934 295 SENECAE
1021 309 1024 316 Ι

227 403 324 459 mum,
347 385 491 447 extendet
510 391 539 445 et
559 384 590 444 id
614 385 696 445 omni
716 385 808 446 modo
825 386 974 460 consequi
988 384 1106 462 cupiet:
1133 403 1210 462 quo-

228 472 320 532 modo
342 475 441 530 autem
467 468 575 529 beatus
597 476 659 542 est,
686 468 739 543 qui
764 484 878 544 cupere
901 470 1076 532 etiamnunc
1099 478 1210 548 potest,

185 563 220 616 ιι
228 555 319 616 immo
336 554 388 629 qui
403 553 514 612 debett
542 552 664 625 Dicam,
685 550 760 628 quid
775 553 828 627 sit,
849 569 890 613 ex
903 569 965 629 quo
980 553 1084 614 veniat
1098 554 1148 615 hio
1163 572 1210 615 er-

226 654 293 699 ror:
317 637 457 703 nesciunt
476 637 597 697 beatam
616 637 709 698 vitam
730 653 822 697 unam
838 653 921 698 esse.
951 637 982 698 in
998 638 1113 712 optimo
1129 639 1211 700 iliam

227 729 308 783 statu
322 722 408 796 ponit
422 721 553 796 qualitas
568 737 639 793 sue,
654 738 714 781 non
731 721 917 796 magnitudo.
948 722 1093 797 itaquein
1109 739 1209 798 aequo

227 812 276 866 est
295 807 388 879 longa
409 812 438 865 et
456 805 574 879 brevis,
596 803 708 865 diffusa
730 812 761 866 et
783 805 956 880 angustior,
977 807 1008 866 in
1029 808 1122 869 multa
1141 809 1211 867 loca

227 891 401 964 multasque
417 895 519 963 partes
535 887 696 949 distributo
711 896 741 949 et
755 890 785 949 in
801 906 897 951 unum
912 898 1028 951 coacta.
1058 891 1114 966 Qui
1129 891 1209 952 iilam

227 989 355 1034 numero
370 974 509 1033 aestimat
523 980 553 1032 et
565 988 711 1033 mensura
725 978 756 1033 et
772 973 924 1048 partibus,
940 976 972 1035 id
985 974 1042 1049 iiii,
1057 976 1140 1051 quod
1155 976 1209 1035 ba-

226 1057 279 1118 bet
298 1057 458 1128 eximium,
483 1057 582 1131 eripit.
614 1056 688 1133 quid
708 1064 810 1118 autem
830 1064 879 1117 est
903 1059 933 1118 in
953 1059 1044 1120 beata
1065 1060 1125 1119 vita
1145 1060 1209 1119 exi-

185 1143 340 1202 bantium?
368 1142 450 1216 quod
465 1143 557 1216 plena
570 1147 625 1201 est.
653 1139 753 1216 Finis,
773 1148 807 1202 ut
828 1149 915 1218 puto,
936 1143 1050 1203 edendi
1071 1142 1209 1204 bibendi<

227 1240 289 1300 que
311 1227 435 1286 satietas
457 1231 512 1286 est.
544 1225 593 1285 hio
615 1226 684 1301 plus
706 1225 784 1301 edit,
804 1226 855 1286 iiie
869 1226 985 1287 minus=
1009 1228 1083 1303 quid
1097 1229 1210 1287 refert?

226 1317 356 1385 uterque
375 1309 435 1369 iam
456 1316 540 1369 satur
559 1315 616 1369 est.
645 1308 695 1370 hie
718 1310 787 1384 plus
807 1308 897 1382 bibit,
918 1310 969 1370 ilie
988 1312 1105 1371 minus:
1136 1310 1209 1386 quid

225 1395 340 1455 referto
365 1399 493 1466 uterque
513 1409 574 1454 non
597 1391 667 1453 sitit.
707 1393 757 1453 bio
776 1392 915 1469 pluribus
935 1393 1024 1454 annis
1045 1395 1135 1467 vixit,
1158 1393 1208 1454 hio

226 1475 439 1552 paucioribus:
455 1475 528 1535 nihil
541 1476 675 1552 interest,
692 1479 719 1539 si
733 1484 793 1538 tam
803 1476 886 1537 illum
901 1477 986 1537 multi
999 1477 1071 1537 anni
1085 1477 1208 1537 beatum

226 1561 365 1622 iecerunt
386 1576 477 1634 quam
499 1560 580 1620 huno
597 1561 696 1636 pauci.
727 1562 796 1637 Ille,
818 1575 909 1635 quem
922 1568 956 1622 tu
969 1560 1070 1622 minus
1084 1561 1208 1621 beatum

226 1659 337 1714 votas,
354 1661 416 1705 non
432 1650 481 1704 est
495 1644 620 1705 beatus:
635 1662 696 1705 non
712 1653 814 1721 potest
827 1661 938 1705 nomen
953 1644 1088 1706 inminui.

185 1739 220 1792 ιι
289 1727 385 1802 „Qui
413 1728 528 1788 tortis
551 1735 627 1804 est,
654 1729 740 1791 sine
762 1732 901 1791 timore
924 1735 992 1790 εει.
1034 1729 1208 1804 quisine

226 1813 365 1875 timore
386 1820 462 1884 εει,
486 1813 568 1873 sine
590 1813 758 1874 tristitia
779 1820 846 1875 εει.
892 1813 957 1888 qui
978 1812 1068 1874 sine
1086 1813 1207 1873 tristi-

147 1922 157 1929 ·
227 1897 279 1958 tia
302 1904 374 1971 est,
395 1897 533 1958 beatus
556 1902 651 1958 est.“

228 2039 230 2043 .
289 1981 468 2041 Nostrorum
488 1980 565 2041 haee
586 1980 781 2054 interrogatio
805 1987 860 2041 est.
890 1980 1042 2041 adversus
1063 1981 1142 2040 hanc
1162 1980 1207 2039 sio

225 2065 418 2140 respondere
432 2072 595 2126 conantur:
610 2067 719 2126 falsam
733 2080 790 2126 nos
804 2080 870 2126 rem
884 2065 1208 2125 et-eontroversiosam

227 2165 284 2224 pro
299 2151 445 2210 consessa
465 2149 636 2222 vindicare,
660 2165 744 2222 eum,
766 2149 819 2224 qui
834 2148 920 2211 fortis
935 2154 997 2220 εει,
1020 2147 1088 2208 sine
1102 2149 1208 2210 timore

227 2249 309 2294 esse.
341 2233 440 2308 „Quid
454 2239 550 2308 ergot
577 2234 688 2310 inquit,
711 2233 798 2294 tortis
812 2232 991 2294 inminentia
1004 2235 1085 2293 mata
1096 2248 1157 2292 non
1173 2232 1208 2289 ti·

226 2317 341 2379 mebit?
373 2317 457 2378 istud
477 2317 627 2378 dementis
650 2317 847 2392 abeuntique,
875 2333 937 2378 non
959 2318 1045 2378 tortis
1067 2325 1124 2376 est.
1159 2316 1209 2374 ille

227 2419 315 2474 vero,
342 2402 452 2476 inquit,
479 2401 723 2462 moderatissime
744 2403 841 2463 timet:
867 2402 925 2462 sed
948 2399 979 2460 in
1002 2409 1098 2463 totum
1123 2406 1210 2461 extra

184 2496 337 2548 ramatum
352 2502 414 2546 non
432 2490 510 2547 est.“
554 2486 610 2560 Qui
625 2485 686 2547 hoo
703 2485 822 2558 dieunt,
844 2500 953 2546 rursus
967 2485 997 2545 in
1012 2484 1095 2545 idem
1109 2483 1208 2544 revol-

225 2578 350 2641 vuntur,
373 2577 407 2630 ut
425 2568 485 2630 iilis
504 2571 647 2632 virtutum
666 2571 736 2631 loco
752 2570 812 2631 sint
825 2569 943 2630 minora
959 2569 1041 2630 vitia.
1070 2566 1209 2642 namqui

225 2655 309 2714 timet
325 2653 461 2727 quidem,
476 2654 532 2714 sed
548 2653 647 2715 rarius
663 2660 694 2713 ει
707 2652 823 2725 minus,
839 2669 901 2714 non
916 2660 1001 2714 earet
1017 2652 1139 2725 malitia,
1151 2649 1208 2712 sed

226 2737 341 2796 leviore
354 2743 493 2797 vexatur.
531 2741 593 2811 „At
608 2738 688 2799 enim
702 2738 873 2798 dementem
889 2744 980 2812 puto,
1003 2737 1055 2811 qui
1070 2737 1151 2797 main
1163 2736 1209 2795 in-

225 2820 370 2880 minentia
383 2835 444 2880 non
460 2820 660 2883 extinresoit.“
688 2823 803 2882 Verum
818 2828 875 2895 εει,
892 2821 975 2896 quod
988 2819 1075 2893 ditio,
1092 2820 1119 2880 si
1130 2820 1210 2880 mala

226 2912 312 2964 sunt:
337 2904 393 2964 sed
414 2905 440 2965 si
464 2906 522 2966 soit
542 2908 622 2967 mala
636 2906 687 2967 ilia
701 2921 761 2966 non
777 2921 849 2966 esse
866 2911 896 2965 et
909 2920 1002 2965 unam
1015 2911 1131 2965 tantum
1144 2909 1208 2963 tur·

226 2987 394 3064 pitudinem
408 2991 520 3050 malum
535 2991 662 3062 iudicat,
689 2989 814 3050 debebit
827 3003 938 3050 seoure
954 2988 1088 3063 pericula
1103 2984 1207 3058 adspi-

227 3088 298 3134 cere
319 3080 350 3133 et
364 3074 431 3135 aliis
446 3073 580 3135 timenda
595 3079 799 3135 contemnere.
829 3080 882 3135 aut
896 3072 923 3133 si
937 3070 1021 3134 stulti
1035 3079 1066 3130 et
1079 3067 1207 3129 amentis

224 3165 275 3218 est
287 3159 368 3217 mala
382 3174 444 3220 non
459 3159 580 3232 timere,
602 3176 663 3233 quo
680 3158 749 3233 quis
771 3158 951 3232 prudentior
963 3162 1025 3225 ast,
1048 3153 1107 3214 hoo
1122 3153 1208 3213 time-

182 3241 271 3302 tobit
284 3240 391 3318 magis.
419 3242 480 3317 „Ut
494 3241 597 3317 vobim
619 3242 730 3318 inquit,
752 3241 887 3315 videtur,
905 3238 1065 3317 praebebit
1078 3252 1113 3299 se
1129 3235 1209 3311 peri-

223 3323 304 3386 eulis
321 3327 439 3388 tortis.“
465 3327 604 3387 Minime=
619 3344 680 3389 non
697 3327 813 3388 timebit
826 3327 886 3401 iila,
901 3326 957 3387 sed
974 3321 1092 3385 vitabitz
1107 3317 1208 3382 cautio

226 3409 311 3470 illum
325 3411 428 3480 decet,
450 3412 540 3472 timor
553 3428 614 3471 non
630 3413 727 3474 decet.
763 3409 864 3484 „Quid
878 3415 973 3483 ergot
997 3408 1108 3482 inquit:
1130 3419 1210 3466 mor-

227 3497 304 3566 tem,
330 3494 467 3575 uincula,
495 3495 597 3569 ignes,
625 3494 684 3556 alia
711 3495 772 3555 tela
796 3495 936 3556 fortunae
962 3508 1024 3554 non
1048 3489 1212 3554 timebitt“
