2468 3930
270 246 439 308 unsrun.
454 247 548 309 noa.
570 249 644 308 rra.
653 248 717 309 xx.
739 248 834 311 arn.
855 254 944 327 (nr.)
1034 249 1098 315 405

126 402 297 462 collectam:
313 416 381 459 nam
394 407 557 476 antequam
569 401 689 475 possint
702 401 844 477 experiri,
852 410 970 463 cavent.
984 400 1101 464 Deinde
1108 415 1143 466 to

123 500 163 545 ne
182 483 241 546 hoc
262 499 338 544 casu
358 484 513 545 existimes
534 484 618 558 lieri,
638 500 696 544 nee
713 493 850 546 metuunt
860 485 919 544 alia
939 503 1030 560 quam
1048 488 1100 548 de-

123 567 194 628 'oent
206 583 262 627 nec
272 585 416 642 umquam
429 568 649 629 obliviscuntur
659 568 749 628 hulus
757 571 868 630 tutelae
875 577 905 628 et
912 569 1099 645 diligentiae:

123 651 260 728 aequalis
279 658 326 712 est
340 651 400 712 illis
416 668 435 711 a
452 652 629 727 pernicioso
650 653 731 726 loga.
774 651 936 713 Praeterea
950 670 1011 714 non
1026 655 1102 716 fiunt

123 735 275 798 timidiora
291 736 435 796 vivendo.
463 751 503 796 ex
525 752 586 811 quo
610 736 733 811 quidem
754 737 882 811 adparet
901 753 961 797 uon
977 755 1037 799 usu
1051 739 1102 798 illa

24 896 26 900 μ
123 822 154 880 in
173 819 233 880 hoc
247 820 417 894 pervenire,
433 820 490 879 sed
505 818 635 880 naturali
649 834 753 879 amore
767 820 873 880 salutis
891 837 975 881 suae.
998 829 1028 882 et
1042 830 1100 884 tar-

124 905 196 965 dum
216 911 264 965 est
283 911 314 965 et
333 903 462 979 varium,
489 903 575 978 quod
594 920 671 965 usus
693 904 797 963 docet=
827 902 975 978 quicquid
994 912 1102 966 natura

122 986 281 1060 tradit‚·et
293 987 422 1063 aequale
437 987 577 1047 omnibus
593 992 641 1046 est
657 993 688 1048 et
701 985 811 1047 statim.
826 984 865 1026 **
881 987 907 1046 si
923 994 1021 1047 tamen
1039 990 1088 1048 exi
1098 987 1142 1041 <tl

123 1072 180 1146 gie,
197 1071 305 1131 dicam.
334 1070 494 1144 Quomodo
510 1086 601 1130 omne
615 1070 726 1130 animal
738 1069 915 1145 perniciosa
927 1071 1103 1146 intellegere

124 1162 272 1216 conaturt
303 1150 401 1215 sentit
414 1170 449 1214 se
469 1169 562 1214 carne
585 1150 743 1215 constaret
771 1153 875 1229 itaque
890 1153 981 1232 [cum]
1002 1152 1103 1229 sentit,

125 1238 199 1314 quid
216 1239 263 1311 sit,
280 1255 341 1314 quo
356 1238 455 1297 secari
471 1253 553 1311 earo,
570 1255 632 1314 quo
643 1239 698 1312 uri,
718 1253 779 1312 quo
792 1237 889 1298 obteri
902 1237 1010 1313 possit,
1023 1253 1104 1313 quae

124 1324 185 1382 sint
199 1321 340 1381 animalia
357 1329 472 1384 armata
488 1322 527 1382 ad
542 1323 732 1382 nocendum=
747 1321 856 1381 horum
868 1322 1003 1396 speciem
1014 1320 1105 1383 trahit

124 1405 275 1467 inimicam
292 1414 322 1466 et
335 1405 486 1467 hostilem.
513 1406 595 1466 inter
609 1422 644 1466 se
659 1407 716 1467 ista
731 1405 894 1466 coniuncta
907 1413 992 1465 sunt:
1015 1405 1104 1465 simul

124 1491 204 1549 enim
230 1489 406 1550 conciliatur
433 1489 523 1550 saluti
549 1506 624 1550 suae
649 1489 784 1565 quidque
811 1496 842 1551 et
864 1490 1000 1550 iuvantia
1019 1489 1102 1564 petit,

124 1574 247 1633 laesura
266 1574 417 1634 formidat.
460 1573 620 1634 Naturales
640 1574 680 1634 ad
694 1573 779 1634 utilia
793 1573 930 1648 inpetus,
950 1574 1104 1634 naturales

124 1674 143 1716 a
169 1657 330 1718 contrariis
356 1655 589 1732 aspernationes
615 1665 701 1719 sunt:
730 1656 798 1717 sine
821 1657 884 1717 ulla
909 1656 1102 1733 cogitatione,

126 1757 205 1816 quae
219 1741 279 1801 hoc
295 1739 396 1815 dictet,
412 1739 479 1801 sine
496 1741 624 1802 consilio
639 1742 682 1814 iit,
699 1741 845 1817 quicquid
859 1748 966 1801 natura
977 1756 1103 1816 praece·

125 1825 177 1900 pit.
220 1825 288 1884 Non
312 1825 409 1899 video,
431 1833 543 1900 quanta
561 1827 601 1886 sit
616 1826 766 1886 subtilitas
782 1826 892 1900 apibus
907 1826 947 1885 ad
961 1824 1146 1900 fingendam

125 1909 297 1970 domiciliat
327 1917 440 1982 quanta
462 1908 618 1971 dividendi
630 1909 745 1971 laboris
766 1910 961 1984 obeundique
977 1924 1103 1970 concor-

124 1993 194 2052 diat
223 2009 284 2052 non
299 1992 402 2065 vides,
420 2009 512 2069 quarn
526 1994 601 2053 nulli
619 1994 790 2055 mortalium
805 1993 956 2053 imitabilis
971 1993 1022 2054 illa
1036 2009 1102 2053 ara-

124 2075 173 2136 nei
193 2083 334 2137 textura?
365 2077 470 2152 quanti
491 2079 594 2153 operis
609 2078 649 2138 sit
664 2078 716 2138 fila
731 2076 911 2151 disponere,
936 2077 995 2136 alia
1009 2078 1040 2137 in
1054 2092 1101 2136 re·

124 2167 204 2221 etum
219 2161 347 2220 inmissa
360 2159 540 2220 firmamenti
555 2161 640 2234 loeo,
659 2160 718 2220 alia
732 2160 762 2218 in
779 2160 884 2219 orbem
899 2161 1051 2221 currentia
1065 2175 1103 2218 ex

124 2245 318 2318 demorare,
347 2259 410 2318 qua
429 2243 546 2302 minora
564 2244 720 2316 animalia,
746 2244 776 2302 in
792 2258 922 2318 quorum
938 2243 1103 2318 perniciem

123 2329 173 2388 illa
191 2329 364 2401 tenduntur,
380 2328 464 2387 velut
477 2326 593 2386 retibus
605 2326 748 2402 inplicata
759 2332 938 2387 teneanturr
965 2326 1147 2387 Nasciturtt

123 2428 173 2472 ars
187 2412 256 2485 ista,
271 2429 332 2473 non
350 2410 486 2471 discitur.
510 2410 613 2486 itaque
624 2411 740 2471 nullum
756 2417 803 2470 est
816 2410 927 2470 animal
940 2410 1033 2470 altero
1050 2410 1104 2470 do·

123 2495 216 2556 etius:
246 2494 365 2556 videbis
382 2511 564 2556 araneorum
577 2511 670 2571 pares
686 2494 780 2566 telae,
798 2510 854 2568 par
871 2495 901 2553 in
916 2493 994 2553 lavis
1010 2508 1104 2567 angu-

121 2580 219 2639 lorum
245 2580 379 2640 omnium
405 2581 554 2640 toramen·
597 2577 749 2639 Incertum
775 2585 823 2639 est
848 2583 877 2638 et
902 2577 1103 2652 inaequabile,

123 2664 270 2737 quiequid
285 2681 335 2724 ars
350 2665 455 2725 tradit:
486 2679 525 2724 ex
545 2679 646 2740 aequo
663 2661 759 2737 venit,
782 2663 866 2738 quod
880 2669 990 2722 natura
1004 2659 1103 2722 distri-

122 2746 196 2805 buit.
224 2746 301 2806 haec
322 2747 395 2808 nihil
410 2747 507 2822 magis
524 2765 616 2824 quam
637 2749 760 2809 tutelam
775 2746 824 2808 sui
839 2745 950 2806 eteius
966 2745 1104 2821 peritiam
1153 2770 1155 2775 ·

124 2828 246 2888 tradidit
262 2828 396 2903 ideoque
410 2831 498 2894 etiarn
512 2832 601 2893 simul
614 2831 765 2908 incipiunt
775 2839 806 2893 et
817 2830 938 2892 discere
949 2837 979 2889 et
989 2831 1103 2890 vivere.

124 2927 182 2971 nee
203 2918 250 2971 est
265 2912 372 2971 mirum
386 2911 455 2975 cum
470 2931 508 2976 eo
524 2916 690 2989 roscillis,
708 2917 775 2976 sine
791 2933 852 2992 qno
868 2917 981 2975 frustra
995 2911 1145 2974 nasce-24

122 3002 235 3055 rentur.
262 2995 396 3069 primum
420 2997 479 3058 hoc
503 2998 736 3060 instrumentum
759 3000 819 3060 illis
845 3005 955 3058 natura
979 2997 1105 3057 eontulit

122 3080 173 3154 [ad
188 3079 441 3154 permanendum]
455 3080 485 3140 in
500 3082 743 3143 conciliationem
755 3088 786 3143 et
797 3081 950 3142 caritatem
963 3079 1021 3140 sui.
1041 3095 1103 3139 non

121 3169 265 3240 poterant
279 3163 466 3235 salmossa,
490 3163 548 3224 nisi
562 3166 689 3224 vellent:
719 3180 776 3225 nec
792 3164 904 3238 [unum]
922 3163 982 3222 hoc
997 3179 1053 3239 per
1068 3177 1104 3222 se

123 3249 315 3324 profuturum
331 3255 410 3320 erat,
426 3247 483 3307 sed
499 3246 565 3308 sine
578 3246 639 3308 hoe
653 3248 736 3308 nulla
750 3265 802 3309 ars
817 3246 996 3323 profuisset.
1040 3244 1104 3306 Sed

123 3332 153 3391 in
168 3331 252 3392 nullo
269 3331 444 3406 deprendes
459 3331 603 3392 vilitatem
615 3331 672 3404 sui,
684 3349 723 3392 ne
736 3331 955 3406 neglegentiam
969 3328 1103 3405 quidem.

124 3414 222 3477 tacitis
238 3431 363 3494 quoque
377 3422 409 3477 et
422 3415 533 3489 brutis,
557 3415 695 3491 quamvis
717 3415 748 3476 in
760 3412 870 3476 ‘cetera
886 3420 1040 3492 torpeant,
1063 3411 1103 3474 ad
