2468 3930
187 219 251 287 240
469 220 503 281 u.
524 201 672 280 amnui
694 217 870 280 senecam

141 381 175 436 11
181 381 253 439 tone
269 373 448 435 deinctumt
478 371 579 435 Video
594 387 656 432 uon
670 372 803 433 futurum
817 371 910 433 finem
924 371 956 432 in
971 372 1031 434 ista
1042 376 1168 439 materia

181 460 291 532 ullum,
313 457 373 517 uisi
390 472 480 532 quem
501 454 571 531 ipse
591 455 663 515 mihi
684 458 798 518 fecero.
839 456 889 515 hic
910 456 1015 533 itaque
1036 461 1167 522 contice-

182 558 277 616 scam,
293 548 438 616 quantum
452 540 493 600 ad
506 538 574 614 ista,
592 556 671 615 quae
685 538 753 600 sine
768 540 861 601 dubio
875 539 948 601 talia
963 540 1111 605 divinavit
1124 544 1168 606 iu·

180 632 257 698 tura,
274 624 376 701 qualia
390 639 471 684 nunc
485 630 565 696 sunt,
582 625 633 699 qui
648 624 763 699 primus
780 623 946 699 adpellavit
959 624 1166 702 „inpedimen-

180 712 243 770 ta.“
284 708 389 768 Nunc
408 707 497 768 volo
515 707 779 782 paucissimas
800 707 926 771 adhuc
947 707 1169 788 iuterroga-

180 792 310 855 tiones
324 798 545 853 nostrorum
560 791 630 852 tibi
643 791 810 851 reddere
824 791 871 851 ad
885 793 1068 854 virtutem
1083 811 1151 871 per

180 876 368 948 lineales,
397 890 505 950 quam
531 873 771 936 satisfacere
794 875 899 936 vitae
918 877 1056 938 beatae
1079 894 1167 940 con·

181 959 388 1021 tendimus.
466 1002 469 1010 .

140 1053 175 1108 12
244 1043 353 1118 Quod
371 1043 509 1103 bonum
530 1041 861 1116 est,bcnostacit
891 1046 1169 1108 nametinarte

181 1127 332 1188 musica
349 1126 449 1203 quod
464 1126 602 1186 bonum
619 1132 692 1200 est,
709 1127 838 1201 [mum]
860 1127 957 1189 iacit
970 1130 1168 1191 musicum.

182 1211 347 1272 fortuita
374 1212 513 1273 bonum
542 1225 615 1271 non
646 1210 817 1273 taeiunn
851 1227 943 1287 ergo
975 1229 1051 1274 non
1081 1223 1169 1276 sunt

181 1295 291 1357 bona.
347 1334 349 1338 ι
798 1340 800 1345 .

244 1379 406 1439 Adversus
420 1377 480 1437 hoc
497 1377 542 1437 sic
556 1378 729 1454 rependent
741 1374 942 1453 Peripatetici,
958 1387 992 1439 ut
1006 1378 1090 1453 quod
1106 1382 1169 1454 pri·

181 1479 264 1524 mum
280 1461 491 1538 proponimus,
511 1461 622 1521 laisum
641 1477 713 1522 esse
727 1459 839 1521 dicant.
868 1461 938 1536 „ab
952 1477 999 1534 eo,
1016 1462 1168 1538 inquiunt,

182 1546 268 1622 quod
290 1551 337 1605 est
358 1544 488 1620 bonum,
509 1561 571 1605 non
592 1546 699 1621 utique
714 1545 792 1607 fiunt
805 1544 888 1605 boni.
930 1544 961 1604 in
980 1544 1099 1605 musica
1121 1554 1171 1608 est

182 1628 298 1706 aliquid
318 1628 433 1690 bonum
453 1635 606 1703 tamquam
622 1630 696 1691 tibia
721 1633 775 1690 aut
799 1628 916 1690 chorda
943 1635 996 1691 aut
1020 1645 1169 1704 organum

182 1711 309 1787 aliquod
324 1719 459 1788 aptatum
474 1714 514 1774 ad
528 1729 604 1774 usus
620 1713 759 1774 canendi.
795 1711 869 1772 nihil
884 1719 985 1773 mmen
999 1712 1110 1773 horum
1125 1717 1168 1774 la·

142 1808 174 1864 13
181 1795 222 1858 cit
235 1796 394 1858 musicum.
433 1797 490 1858 Hic
503 1795 776 1872 respondebimus=
791 1813 875 1871 „non
889 1795 1072 1872 intellegitis,
1092 1814 1167 1873 quo·

183 1881 275 1941 modo
290 1882 483 1956 posuerimus
501 1881 602 1956 quod
619 1880 755 1940 bonum
775 1887 835 1940 est
854 1879 891 1939 in
911 1881 1068 1940 musica.
1108 1899 1168 1943 non

182 1963 263 2026 enirn
278 1965 310 2025 id
324 1963 470 2039 dicimus,
489 1965 573 2041 quod
588 1963 709 2024 instruit
722 1962 886 2039 musicum,
910 1964 967 2024 sed
983 1965 1068 2039 quod
1084 1965 1167 2026 tacite

181 2056 212 2109 tu
228 2050 268 2109 ad
282 2048 504 2125 supellectilem
519 2048 601 2122 artis,
616 2064 678 2112 uon
692 2047 735 2107 ad
748 2053 842 2107 artem
856 2048 952 2107 venis.
985 2048 1012 2107 si
1028 2047 1102 2122 quid
1117 2065 1167 2110 au·

181 2141 242 2194 tem
262 2132 293 2194 in
312 2134 382 2209 ipsa
402 2140 466 2195 arte
483 2133 601 2193 musica
615 2131 729 2193 bonum
751 2136 812 2202 est,
838 2131 869 2190 id
889 2131 996 2208 utique
1019 2133 1168 2192 musicum

142 2217 302 2280 ltsaciet.“
342 2217 524 2278 Etiamnunc
544 2217 647 2276 iacere
672 2215 704 2275 id
724 2215 847 2291 planius
870 2216 952 2276 volo.
996 2215 1118 2276 Bonum
1138 2217 1166 2277 in

181 2309 246 2364 arte
260 2302 377 2363 musica
391 2301 513 2363 duobus
527 2299 627 2361 modis
646 2300 770 2374 dieitur,
791 2300 932 2376 alterum,
955 2315 1017 2376 quo
1040 2299 1166 2361 effectus

181 2387 290 2447 musici
305 2385 475 2458 adiuvatur,
491 2386 628 2460 alterum,
645 2401 706 2460 quo
721 2400 789 2444 arsa
805 2384 845 2444 ad
859 2383 1002 2445 effectum
1018 2382 1168 2459 pertinent

181 2470 396 2544 instrumenta,
411 2469 504 2529 tibiae
519 2475 550 2529 et
564 2484 681 2543 organa
694 2474 725 2528 et
738 2467 887 2541 chordae,
905 2468 943 2528 ad
959 2473 1055 2528 artem
1070 2468 1169 2543 ipsam

182 2569 243 2615 non
260 2553 421 2628 pertinent.
458 2559 507 2613 est
521 2551 602 2613 enim
616 2552 725 2612 artifex
739 2551 829 2612 etiam
844 2550 911 2612 sine
925 2550 1007 2612 isus=
1022 2551 1066 2612 uti
1081 2552 1169 2613 forsi-

181 2644 233 2698 tan
253 2652 314 2696 non
329 2642 433 2711 potest
445 2643 520 2698 arte.
542 2636 618 2707 ¹hoc
637 2651 699 2697 nou
716 2642 764 2695 est
782 2649 882 2709 aeque
898 2635 1014 2710 duplex
1027 2636 1057 2695 in
1072 2635 1168 2697 homi·

182 2736 231 2781 ne.
264 2720 345 2780 idern
358 2720 439 2782 enim
452 2720 567 2783 bonum
586 2727 617 2782 et
629 2718 760 2780 hominis
777 2726 808 2779 et
822 2717 912 2779 vitae.

141 2819 174 2875 15
245 2802 373 2878 „Quod
405 2802 740 2879 contemptissimo
770 2801 910 2879 cuique
938 2803 1196 2880 contingere

183 2887 961 2964 acturpissimopotest,bonumnouest.
995 2904 1169 2964 opesau·

182 2978 254 3032 tem
272 2972 503 3034 ellenoniet
524 2971 695 3031 lanistae
715 2971 962 3047 contingere
983 2987 1074 3046 ergo
1095 2987 1168 3031 non

184 3063 275 3117 sunt
296 3057 426 3118 bona.“
957 3092 960 3097 -

246 3140 387 3215 „Falsum
411 3146 472 3212 est,
499 3136 653 3216 inquiunt,
681 3139 765 3215 quod
786 3138 974 3215 proponitis,
1002 3153 1071 3197 nam
1093 3142 1124 3196 et
1139 3137 1167 3196 in

183 3224 380 3300 grammatice
394 3231 424 3284 et
446 3223 476 3282 in
500 3230 565 3286 arte
586 3224 729 3285 medendi
751 3230 802 3285 aut
820 3221 1010 3300 gubernandi
1027 3217 1168 3281 videmus

144 3308 358 3370 lohumiitimis
374 3309 547 3384 quibusque
561 3310 644 3370 bona
659 3308 864 3383 contingere.“
907 3305 970 3369 Sed
988 3304 1066 3365 istae
1087 3313 1168 3366 artes

185 3409 247 3454 uon
269 3400 342 3453 sunt
354 3392 590 3468 magnitudinem
607 3391 699 3454 animi
713 3393 889 3467 professae,
904 3405 966 3449 non
982 3396 1169 3463 consurgunt

186 3473 217 3534 in
238 3477 331 3536 altum
351 3494 409 3538 nec
428 3477 551 3538 fortuita
571 3477 742 3538 fastidiunn
768 3477 866 3538 virtus
885 3471 1004 3536 extollit
1016 3473 1167 3536 hominem
