2468 3930
204 219 375 283 EPISTUL.
389 220 482 282 MOR.
502 222 574 282 LIB.
590 222 654 282 vlt.
676 221 733 298 Ep.
749 231 775 284 1.
789 231 816 283 2.
840 227 896 295 (63.
914 228 973 296 64.)
1017 221 1079 286 135

101 384 202 440 tamen
217 372 468 449 praetermittam,
478 374 551 448 quia
567 373 605 433 ab
620 372 761 434 omnibus
777 373 891 434 dictum
905 380 966 434 est:
984 372 1077 433 finem

100 457 228 522 dolendi
246 458 336 517 etiam
356 456 408 532 qui
428 454 557 518 oonsilio
577 473 639 518 non
653 457 782 532 fecerat,
797 463 936 532 ternpore
950 458 1075 517 invenit.

100 539 314 618 turpissimum
340 547 441 601 autem
466 546 514 600 εει
538 540 568 599 in
593 539 716 602 homine
741 540 884 616 prudenti
908 540 1078 602 remedium

99 625 253 687 moeroris
274 622 425 690 lassitudo
449 624 615 685 moerendi,
633 700 636 705 ,
657 625 738 684 malo
760 624 918 701 relinquas
940 626 1078 686 dolorem

101 725 197 786 quarn
212 707 252 768 ab
265 708 317 769 illo
332 705 531 783 relinquariS,
554 714 584 767 ει
599 723 689 783 quam
705 709 836 782 primum
854 709 886 768 id
908 709 1010 769 iacere
1026 709 1079 769 de-

101 794 193 867 siste,
226 791 324 867 quod,
359 790 478 851 etiamsi
508 791 612 866 voles,
646 790 699 850 diu
728 793 831 852 lacere
860 807 923 854 non
950 793 1077 868 poteris.

100 878 225 938 Annum
249 874 369 934 leminis
391 873 431 934 ad
455 873 620 949 lugendum
639 875 825 935 constituere
845 874 993 951 maiores,
1017 886 1123 940 nonttt

100 965 211 1021 uttam
228 957 282 1018 diu
295 959 449 1032 lugerent,
471 957 528 1018 sed
549 973 589 1016 ne
605 957 737 1018 diutius=
759 956 833 1018 viris
853 960 968 1020 nullum
983 960 1079 1034 legiti-

100 1059 184 1105 mum
204 1048 327 1116 tempus
348 1047 412 1115 est,
436 1040 644 1117 quianullum
665 1040 838 1110 honesturn.
874 1059 966 1116 quam
979 1050 1079 1104 tamen

100 1125 175 1186 mihi
191 1141 231 1185 ex
247 1124 309 1184 illis
322 1122 508 1185 mulierculis
523 1123 611 1184 dabis
626 1124 678 1183 vix
691 1123 831 1184 retractis
853 1141 871 1184 a
887 1139 980 1200 rogo,
997 1123 1049 1184 vix
1063 1142 1081 1184 a

100 1209 256 1270 cadavere
277 1209 425 1281 revulsis,
449 1207 498 1267 cui
518 1208 661 1268 lacrimae
677 1208 708 1267 in
728 1214 824 1268 totum
839 1224 976 1268 mensem
991 1208 1080 1268 dura-

100 1292 223 1354 verint?
253 1292 336 1351 nulla
355 1289 511 1352 res-citius
525 1291 610 1373 venit
629 1290 659 1350 in
675 1292 778 1351 odium
795 1308 887 1366 quam
901 1291 1005 1365 dolor,
1030 1293 1080 1367 qui

99 1391 214 1437 recens
234 1376 460 1437 consolatorem
482 1376 597 1435 invenit
622 1383 652 1436 et
677 1376 799 1450 aliquos
822 1376 862 1436 ad
891 1391 926 1436 se
947 1375 1080 1448 adducit,

100 1460 292 1521 inveteratus
306 1474 382 1519 vero
398 1457 566 1532 deridetur,
583 1474 641 1519 nec
655 1459 803 1520 inmerito.
826 1466 877 1520 aut
891 1458 971 1520 enim
988 1459 1080 1520 simu·

101 1544 183 1604 latus
199 1550 253 1605 aut
271 1544 381 1603 stultus
396 1549 453 1603 est.
485 1541 569 1602 Haeo
588 1542 642 1603 tibi
663 1543 764 1604 scribo
787 1544 829 1617 is,
853 1543 905 1619 qui
919 1544 1080 1604 Annaeum
1089 1556 1124 1608 14

102 1625 273 1699 Serenum,
303 1625 494 1686 carissimum
526 1623 613 1701 mihi,
646 1633 707 1686 tam
737 1627 890 1687 inmodice
919 1625 1007 1701 flevi,
1039 1634 1080 1700 ut,

103 1710 190 1786 quod
214 1708 338 1770 minime
360 1710 467 1783 velim,
496 1707 574 1770 inter
599 1712 740 1785 exempla
765 1713 822 1771 sim
848 1726 971 1785 eorum,
1000 1727 1080 1786 quos

102 1794 194 1855 dolor
204 1794 286 1870 vicit.
309 1792 403 1854 hodie
413 1799 512 1853 autem
527 1795 638 1853 iactum
651 1810 750 1854 meum
767 1796 878 1855 damno
893 1803 923 1855 et
937 1795 1079 1870 intellego

101 1878 268 1937 maximam
294 1877 367 1936 milri
391 1891 516 1936 causam
542 1876 588 1936 sic
612 1877 736 1952 lugendi
760 1879 873 1953 luisse,
898 1878 981 1954 quod
995 1895 1080 1938 num·

104 1977 198 2037 quam
212 1960 420 2035 cogitaveram
439 1959 517 2022 mori
539 1976 608 2020 eum
623 1968 692 2021 ante
706 1977 755 2022 me
769 1977 874 2037 posse.
913 1961 974 2022 hoc
987 1978 1080 2023 unum

103 2043 177 2105 mihi
193 2044 389 2116 occurrebat,
412 2043 560 2105 minorem
581 2059 653 2104 esse
667 2053 698 2105 ει
713 2047 806 2106 multo
821 2047 984 2119 minorem,
1005 2053 1080 2106 tam-

104 2144 196 2204 quam
213 2127 352 2191 ordinem
368 2128 429 2188 iata
447 2135 614 2191 servarent.
647 2129 753 2204 ltaque
768 2129 898 2190 adsidue
912 2129 1123 2202 cogitemus15

104 2219 165 2273 tarn
188 2211 228 2271 de
248 2218 354 2272 nostra
376 2227 466 2286 quarn
488 2211 637 2284 omnium,
662 2228 741 2286 quos
764 2212 930 2287 diligimus,
948 2212 1080 2273 mortali·

104 2301 175 2355 tate.
212 2296 297 2355 Tunc
312 2310 369 2371 ego
385 2293 488 2354 dicere
504 2294 611 2354 debui=
634 2295 753 2368 „minor
767 2302 813 2354 est
826 2294 960 2355 Serenus
976 2310 1080 2354 meus:

107 2378 182 2454 qnid
196 2378 237 2439 ad
252 2394 315 2438 rem
333 2377 483 2454 pertineri
504 2383 576 2453 post
596 2378 735 2437 memori
751 2378 855 2452 debet,
876 2377 932 2437 sed
947 2384 1017 2436 ante
1032 2393 1081 2436 me

104 2465 241 2540 potest.“
264 2463 410 2537 quianon
427 2461 500 2533 ieci,
516 2462 685 2536 inparatum
701 2460 802 2521 subito
817 2462 938 2521 fortuna
954 2475 1081 2534 pereus-

103 2544 152 2606 sit.
189 2546 276 2606 Nunc
298 2546 398 2622 cogito
420 2545 523 2605 omnia
544 2551 574 2604 et
594 2544 731 2606 mortalia
752 2560 824 2605 esse
840 2551 871 2604 et
884 2545 999 2603 incerta
1012 2543 1081 2618 lege

102 2628 252 2688 mortalia.
286 2629 378 2691 hodie
400 2628 467 2688 deri
487 2634 603 2704 potest,
626 2626 772 2704 quioquid
796 2643 940 2706 umquam
965 2633 1075 2703 potest.

103 2710 279 2786 cogitemus
305 2728 395 2788 ergo,
421 2711 515 2772 Lucili
539 2712 709 2786 carissime,
731 2712 790 2773 cito
809 2730 868 2774 nos
889 2729 927 2773 eo
947 2728 1077 2788 perven·
1092 2715 1125 2770 16

104 2802 208 2870 turos,
232 2812 293 2870 quo
315 2797 396 2856 illum
418 2796 599 2870 pervenisse
618 2812 801 2857 moeremus.
838 2805 868 2859 et
885 2799 1033 2871 fortasse,
1056 2796 1082 2856 si

105 2878 201 2941 modo
215 2894 290 2938 vera
303 2878 486 2955 sapientium
502 2880 582 2939 lama
596 2885 644 2940 est
663 2881 835 2956 recipitque
853 2898 910 2943 nos
925 2883 1013 2941 locus
1029 2881 1081 2940 ali-

103 2961 192 3038 quis,
214 2978 305 3038 quem
321 2972 461 3039 putamus
477 2963 611 3038 perisse,
628 2966 817 3038 praemissus
833 2973 890 3026 est.
925 2965 1013 3025 Vale.

406 3098 624 3156 EPISTULA
645 3101 677 3156 ΙΙ.
700 3104 714 3172 (
750 3101 772 3170 .)

353 3191 474 3253 ,seneca
489 3193 600 3243 Lucieno
618 3203 671 3242 suo
690 3205 829 3248 sacurem.

106 3318 124 3331 ’·
167 3307 266 3370 Fuisti
280 3309 353 3370 here
368 3308 540 3373 nobiscum.
575 3310 666 3371 Potes
690 3311 791 3386 queri,
818 3307 846 3369 si
865 3310 938 3368 here
958 3313 1082 3370 tan-tum.
1099 3322 1114 3373 1

104 3392 203 3469 [ideo]
226 3393 324 3454 adieci
338 3393 553 3455 nobiseum.
591 3408 709 3453 meeum
725 3393 804 3453 enim
820 3406 943 3466 seraper
963 3406 1014 3451 es:
1038 3393 1082 3454 in-

104 3482 302 3539 tervenerant
317 3479 439 3552 quidam
455 3479 552 3551 amici,
567 3484 693 3554 propter
709 3493 787 3553 quos
802 3475 899 3536 maior
914 3475 1014 3539 iumus
1029 3478 1083 3573 ile·
