2468 3930
258 236 427 299 EPISTUL.
443 236 538 298 molt.
557 237 630 298 LlB.
646 237 726 296 XIV.
741 237 797 296 ΕΡ.
815 235 846 298 4.
862 242 933 312 (92.)
1024 235 1087 301 279

103 387 221 463 lerunt,
242 403 282 448 ne
303 403 342 446 ex
361 387 451 447 beata
473 387 594 462 quidem
615 385 759 446 educunt
790 385 897 446 Sinon
913 392 1028 460 potest,
1051 389 1130 448 ulit

103 473 216 547 dicitis,
232 472 357 545 sapiens
374 486 414 530 ex
427 471 517 531 beato
532 470 562 528 in
577 471 721 530 miserum
737 469 890 544 decidere,
907 486 968 531 non
985 478 1088 545 potest

103 557 135 618 in
156 573 218 616 non
236 555 368 615 beatum.
398 570 493 630 quare
515 553 596 613 enim
619 554 670 629 qui
686 554 737 614 illa
751 555 867 629 coepit,
889 553 999 614 alicubi
1016 555 1088 614 sub·

104 639 215 702 sistat?
236 654 380 715 quaeres
396 638 478 698 illum
494 654 555 698 non
572 636 684 712 patitur
699 638 738 696 ad
753 637 846 697 imum
861 637 1000 709 devolvi,
1016 638 1086 698 reti-

105 732 156 785 net
169 725 199 783 in
213 739 342 784 summo.
376 720 480 797 quidni
495 739 556 781 non
573 721 673 796 possit
686 721 775 781 beata
793 720 855 781 vita
870 721 1026 782 rescindit
1049 737 1088 782 ne

103 809 212 868 remitti
228 807 349 883 quidem
365 811 481 881 potest:
505 813 535 866 et
550 805 619 865 ideo
634 805 731 864 virtus
746 804 785 864 ad
800 805 881 864 illam
899 821 955 881 per
969 822 1004 865 se
1018 806 1086 881 ipsa

104 893 179 952 satis
200 897 257 951 est.
288 890 385 963 „Quid
407 895 504 964 ergo?
527 889 638 964 inquit,
660 887 786 962 sapiens
806 904 869 948 uon
891 897 938 949 est
957 889 1083 961 beatior,
1096 891 1131 944 il

105 976 155 1051 qui
170 975 284 1036 diutius
298 976 388 1045 vixit,
413 989 503 1048 quem
518 973 619 1033 nullus
634 972 777 1032 avocavit
790 971 894 1046 dolor,
921 988 1011 1046 quam
1026 974 1086 1046 ille,

106 1059 246 1135 quicum
267 1059 345 1117 mala
366 1057 487 1118 lortuna
509 1072 632 1130 semper
651 1058 782 1116 luctatus
800 1061 887 1116 estt“
919 1056 1088 1129 Responde

104 1142 191 1202 milti:
213 1141 361 1216 numquid
382 1146 413 1201 et
433 1141 607 1200 meliorest
629 1146 659 1200 et
678 1138 856 1200 honestiori
879 1140 906 1199 si
928 1139 1005 1199 haec
1025 1154 1087 1199 non

104 1234 189 1299 sunt,
210 1242 249 1285 ne
272 1225 389 1285 beatior
410 1224 532 1300 quidem
555 1231 613 1284 est.
650 1221 764 1284 rectius
787 1223 873 1283 vivat
897 1231 1032 1298 oportet,
1055 1230 1088 1283 ut

103 1309 221 1370 beatius
242 1310 339 1369 vivan
361 1307 389 1369 si
409 1308 521 1368 rectius
543 1324 604 1368 non
626 1314 742 1382 potest,
765 1323 804 1366 ue
817 1307 936 1367 beatius
953 1307 1086 1382 quidem.

102 1394 181 1452 Non
200 1393 420 1452 intenditur
444 1392 587 1466 virtus,
613 1407 705 1466 ergo
732 1407 777 1451 ue
800 1392 915 1452 beata
937 1389 1087 1465 quidem

103 1477 196 1550 vita,
213 1493 308 1552 quae
324 1491 368 1535 ex
385 1477 528 1537 virtute
545 1482 613 1535 est.
645 1476 742 1536 virtus
754 1476 832 1535 enim
844 1483 960 1536 tantum
971 1476 1086 1536 bonnm

102 1568 164 1634 est,
184 1568 218 1621 ut
234 1562 309 1620 istas
325 1559 523 1619 accessiones
539 1557 670 1620 minutas
684 1576 747 1620 non
762 1559 886 1633 sentiat,
907 1559 1085 1620 brevitatem

102 1644 170 1703 aevi
184 1651 215 1704 et
228 1645 366 1705 dolorem
382 1651 412 1703 et
427 1659 591 1718 corporum
605 1644 707 1704 varias
723 1643 922 1704 offensiones.
946 1661 1016 1705 nam
1030 1660 1085 1706 vo·

101 1728 203 1802 luptas
217 1744 278 1788 non
295 1734 343 1787 est
358 1727 457 1802 digna,
472 1727 511 1787 ad
528 1745 620 1802 quam
634 1729 788 1803 respiciat.
821 1727 900 1801 Quid
914 1729 1005 1788 estin
1022 1728 1082 1786 vir·
1093 1733 1130 1786 25

101 1818 164 1872 tute
179 1812 398 1887 praecipuumt
419 1811 519 1872 luturo
536 1828 596 1872 non
612 1812 748 1886 indigere
762 1828 821 1873 nec
836 1812 904 1874 dies
919 1828 995 1873 suos
1011 1828 1083 1873 con-

103 1892 223 1969 putare:
246 1895 276 1954 in
298 1896 444 1970 quantulo
465 1896 540 1957 libet
553 1903 691 1970 tempore
706 1896 787 1956 bona
802 1904 926 1956 aeterna
945 1913 1086 1958 consum-

102 1986 173 2038 mat.
200 1979 392 2039 Incredibilia
407 1979 498 2039 uobis
513 1979 590 2039 haec
604 1979 746 2040 videnlur
767 1988 797 2041 et
813 1996 908 2056 supra
923 1981 1086 2041 humanam

102 2067 239 2122 naturam
253 2063 454 2122 excurrentia.
484 2063 671 2123 maiestatem
689 2065 768 2124 enim
784 2065 850 2124 eius
867 2081 905 2124 ex
920 2072 1026 2124 nostra
1040 2065 1085 2125 in·

101 2145 264 2206 becillitate
279 2148 419 2207 metimur
435 2153 464 2205 et
477 2145 559 2206 vitiis
574 2147 687 2207 nostris
703 2162 814 2207 nomen
831 2147 950 2208 virtutis
966 2148 1085 2223 inponi·

102 2243 180 2288 mus.
216 2229 295 2304 Quid
316 2231 434 2305 porro?
466 2244 527 2289 non
554 2245 654 2305 acque
674 2230 852 2290 incredibile
874 2231 1010 2303 videtur,
1032 2233 1085 2292 ali·

102 2328 193 2388 quem
204 2313 233 2373 in
246 2314 372 2375 summis
385 2312 570 2375 cruciatibus
582 2311 827 2388 positumdicere
841 2314 1086 2386 „beatussumr‘

100 2395 184 2472 atqui
212 2397 289 2458 hacc
316 2413 377 2458 vox
402 2399 432 2456 in
458 2398 529 2471 ipsa
557 2397 681 2459 olficina
705 2396 873 2470 voluptatis
897 2397 1001 2458 audita
1022 2403 1085 2457 este

100 2481 323 2555 ‚promotorum
337 2480 445 2557 inquit,
460 2483 540 2542 bunc
553 2488 582 2542 et
596 2484 729 2542 mamam
743 2483 821 2541 diem
831 2485 907 2556 apd‘
922 2481 1085 2556 Epicurus,

101 2579 171 2624 cum
184 2565 266 2625 illum
282 2565 352 2625 binc
366 2566 473 2625 urinae
495 2563 660 2626 difficultas
677 2571 850 2639 torqueret,
873 2565 945 2625 hinc
961 2565 1083 2626 insana·

101 2647 170 2708 bilis
198 2650 363 2708 exulcerati
388 2649 478 2710 dolor
504 2649 630 2709 ventris.
670 2649 770 2723 erare
793 2665 867 2724 ergo
894 2649 1130 2713 incredibilium

103 2723 161 2791 ista
182 2731 242 2793 sint
261 2733 344 2807 apud
365 2748 436 2805 eos,
463 2733 515 2808 qui
534 2733 674 2794 virtutem
696 2734 812 2805 colunt,
837 2749 906 2794 cum
928 2734 1011 2808 apud
1032 2749 1087 2794 eos

102 2830 228 2890 quoque
247 2818 452 2891 reperiantur,
478 2817 561 2890 apud
583 2834 661 2892 quos
682 2819 824 2893 voluptas
846 2818 1027 2893 imperavit?
1056 2819 1087 2878 hi

101 2914 227 2973 qnoque
242 2900 417 2974 degeneres
432 2908 463 2960 et
484 2898 668 2962 humillimae
688 2901 797 2962 mentis
811 2903 894 2963 aiunt
914 2900 944 2961 in
960 2902 1087 2963 summis

100 2980 270 3058 doloribus,
282 2983 312 3042 in
325 2983 453 3044 summis
467 2985 687 3046 calamitatibus
699 2986 867 3060 sapientem
875 3002 933 3046 nec
941 2987 1088 3047 miserum

101 3065 234 3127 loturum
254 3083 312 3137 nec
334 3068 472 3128 beatum:
502 3069 585 3143 atqui
605 3069 665 3129 hoc
684 3085 809 3145 qnoque
830 3070 1009 3130 incredibile
1029 3077 1085 3142 est,

101 3147 192 3210 immo
215 3150 434 3211 incredibilius.
472 3168 534 3212 non
556 3151 648 3213 video
670 3152 766 3225 enim,
793 3153 948 3228 quomodo
970 3169 1031 3213 nou
1055 3151 1087 3212 in

100 3232 238 3294 infimum
252 3243 360 3309 agatur
378 3250 396 3294 e
413 3236 534 3309 fastigio
550 3251 608 3294 suo
625 3235 745 3295 deiecta
758 3236 870 3296 virtus:
894 3244 946 3297 aut
963 3237 1086 3296 beatum

101 3325 260 3392 praestare
276 3319 382 3392 debet,
403 3325 454 3379 aut
469 3320 495 3379 si
510 3318 549 3378 ab
564 3319 623 3379 hoc
639 3320 768 3394 depulsa
786 3327 849 3398 est,
868 3336 928 3380 non
944 3319 1086 3394 prohibe-

101 3399 146 3460 bit
164 3401 231 3461 lieri
253 3402 408 3462 miserum.
454 3402 546 3463 Stans
568 3420 629 3463 non
644 3409 748 3477 potest
762 3403 930 3481 [sub]mitti=
955 3411 1007 3464 aut
1021 3403 1086 3463 vin·

103 3492 190 3546 catur
204 3494 325 3561 oportet
339 3494 391 3547 aut
405 3487 514 3547 vincat.
547 3487 630 3561 „Dis
649 3487 761 3562 inquit,
784 3486 995 3549 inmortalibus
1011 3488 1129 3549 solisii
