2468 3930
480 234 711 291 FRAGMENTA.
736 277 739 287 .
947 243 950 249 “
1013 231 1077 295 423

100 387 181 441 luerit
195 385 296 456 iratus,
316 384 392 456 quod
402 401 459 440 non
470 387 583 449 multam
593 387 743 458 pecuniam
755 389 892 461 perdidit=
907 389 1012 447 scilicet
1026 405 1078 445 au·

100 486 162 524 rum
174 468 337 542 adpendere
350 468 458 540 debuit,
473 475 613 542 tamquam
625 488 677 544 pro
690 478 799 529 mortuo
810 473 944 543 Hectore,
959 478 1007 529 aut
1017 477 1077 528 tau-

99 560 157 609 tum
171 554 302 626 ingerere
319 569 482 623 numorum,
502 559 635 626 quantum
652 557 782 612 venditor
796 573 853 613 non
869 557 1007 630 poposcit
1035 556 1078 611 Ex

99 638 226 695 barbaris
240 653 309 695 vero
326 638 431 693 nullum
444 644 559 710 praeter
571 654 657 694 unum
668 640 855 697 Anacharsim
865 639 1015 714 Scytham,
1031 639 1078 710 qui

102 720 309 793 philosophiam
323 737 359 778 ne
370 722 538 778 somniasset
549 722 676 794 quidem,
695 724 748 779 nisi
761 725 789 780 et
798 724 923 797 linguam
937 730 964 781 et
972 724 1077 780 litteras

100 811 165 862 ante
183 804 335 862 didicisset.

163 888 289 946 Lactont.
301 891 393 945 institi.
411 887 465 955 VI,
477 904 502 944 c.
514 891 565 958 24,
578 894 609 947 ll
620 903 680 961 sqq.
701 887 761 955 Nec
773 887 876 946 lucrari
887 909 919 947 se
931 892 1079 963 quisquam
1090 890 1133 946 24·

98 978 193 1046 putet,
214 974 239 1029 si
258 973 352 1029 delicti
371 973 514 1029 conscium
527 988 585 1028 non
598 971 721 1029 habebit.
749 974 801 1029 scit
824 975 897 1030 enim
915 976 961 1030 ille
975 975 1078 1044 omnia,

101 1058 129 1112 in
144 1057 222 1113 cuius
239 1063 392 1129 conspectu
406 1057 543 1126 vivimus,
563 1072 616 1112 nec
639 1057 663 1111 si
677 1058 826 1115 universos
840 1057 969 1114 homines
986 1059 1079 1114 celare

100 1156 269 1213 possumus,
285 1141 369 1196 deum
384 1156 552 1212 possumus,
569 1141 613 1195 cui
628 1140 696 1196 nihil
708 1140 1001 1212 absconditum,‚nihil
1016 1146 1078 1214 pot-

102 1230 144 1298 est
162 1242 226 1281 essc
241 1230 390 1280 secretum.
419 1222 530 1281 Seneca
552 1223 768 1283 Exhortationes
791 1242 857 1282 suas
875 1225 993 1282 mirabili
1014 1240 1076 1280 sen-

102 1309 185 1365 tentia
199 1309 368 1365 terminavit.
855 1320 856 1324 ’

164 1393 333 1466 „Magnum
358 1392 460 1464 inquit,
485 1392 580 1448 nescio
602 1393 670 1465 quid
692 1395 838 1467 maiusque
860 1411 944 1468 quam
961 1392 1079 1466 cogitari

100 1483 208 1549 potest,
223 1494 328 1533 numen
345 1481 401 1547 est,
418 1477 463 1532 cui
478 1477 603 1534 vivendo
618 1494 735 1549 operam
751 1479 861 1536 damus.
882 1478 947 1535 huic
962 1494 1014 1533 nos
1028 1476 1078 1532 ad·

101 1564 269 1634 probemus!
298 1578 364 1617 nam
387 1559 455 1617 nihil
474 1560 592 1633 prodest
613 1561 749 1618 inclusam
771 1580 836 1620 esse
863 1561 1077 1625 conscientiam:

101 1651 229 1719 patemus
241 1646 325 1703 deo.“

444 1728 479 1784 lb
500 1729 548 1786 DE
568 1728 726 1792 OFFIGIIS.
751 1790 753 1794 .

161 1813 306 1871 Diomedes
319 1812 363 1871 bb.
375 1810 402 1870 l.
409 1817 514 1886 poor.
526 1814 568 1873 ed.
579 1813 694 1872 Putscb.
718 1813 829 1873 Seneca
850 1816 892 1872 de
907 1814 1060 1872 ciliciis:
1089 1817 1124 1872 25

164 1899 206 1967 „si
223 1899 363 1956 cervicem
375 1898 561 1970 praestitero“

105 1981 140 2036 sit
152 1998 204 2054 pro
216 1984 385 2054 praebuero.
404 1988 447 2038 est
458 1988 550 2038 autem
563 1982 649 2039 hodic
663 1982 764 2038 horum
776 1984 928 2039 verborum
942 1983 995 2038 ista
1008 1981 1079 2038 divi·

103 2066 159 2136 sio,
173 2072 203 2121 ut
219 2067 254 2121 sit
264 2068 389 2138 praebeo
403 2065 550 2139 patientis,
567 2072 681 2138 praesto
695 2066 832 2123 facientis.
1065 2063 1068 2067 ’

343 2164 391 2218 Xl.
412 2165 459 2219 DE
480 2164 676 2222 IMMATURA
696 2165 831 2222 MORTE.

166 2246 522 2318 Lacant.oatm.1‚c.5,
536 2251 580 2306 ab.
602 2248 738 2304 Annaeus
753 2262 865 2319 quoque
885 2245 1010 2315 Seneca,
1033 2245 1080 2316 qui
1090 2252 1127 2308 26

103 2350 139 2389 ex
152 2331 287 2387 Romanis
300 2333 347 2388 vel
362 2332 515 2386 acerrimus
531 2329 641 2388 Stoicus
656 2332 719 2401 brit,
734 2347 819 2402 quam
834 2346 921 2402 saepe
940 2343 1080 2384 summum

103 2418 187 2473 deum
209 2417 307 2472 merita
329 2415 413 2471 laude
432 2415 626 2489 prosequitur!
654 2431 719 2471 nam
740 2430 803 2471 cum
829 2413 873 2470 de
894 2415 1080 2468 immatura

104 2508 216 2557 morte
233 2501 400 2556 dissereret=

166 2602 242 2656 „non
268 2585 400 2657 iutelligis
431 2584 622 2641 auctoritatem
645 2600 679 2639 ac
705 2583 879 2638 maiestatem
905 2580 1006 2636 iudicis
1032 2578 1081 2649 tui,

104 2670 219 2725 rectoris
243 2671 318 2726 orbis
339 2674 477 2726 terrarum
499 2668 627 2739 coelique
642 2672 669 2723 et
690 2667 807 2723 deorum
830 2666 954 2721 omnium
974 2663 1036 2733 dei,
1064 2678 1082 2718 a

104 2769 160 2822 quo
173 2754 226 2807 ista
242 2755 370 2823 numina,
385 2770 458 2825 quae
469 2753 580 2826 singula
591 2753 742 2809 adoramus
755 2756 783 2806 et
794 2751 925 2820 cadmus,
942 2761 1081 2822 suspensa

105 2837 197 2890 sunt“

165 2917 508 2987 Lacant.insttn.111,c.
522 2927 570 2992 12,
584 2927 625 2979 ll.
659 2920 770 2978 Seneca
788 2936 900 2991 quoque
914 2914 1079 2990 impmdens
1091 2910 1127 2968 Y!

101 3003 214 3072 incidit,
230 3008 259 3057 ut
272 3004 403 3058 fateretur
417 3006 522 3061 nullum
538 3022 602 3061 esse
616 3005 693 3061 aliud
705 3002 983 3075 virtutispraemium
997 3013 1082 3071 quam

104 3087 348 3143 immortalitatem.
369 3086 488 3143 laudans
510 3089 582 3143 enirn
606 3089 735 3146 virtutem
750 3087 778 3141 in
793 3103 827 3142 eo
841 3087 928 3159 libro,
950 3099 1033 3154 quem
1046 3080 1083 3136 de

104 3172 251 3228 immatura
266 3177 354 3226 morte
373 3171 552 3242 conscripsit:

168 3271 257 3325 „una,
272 3255 373 3326 inquit,
387 3271 434 3310 res
449 3260 491 3310 est
501 3254 599 3323 virtus,
613 3270 685 3325 quae
696 3259 749 3308 nos
761 3251 963 3307 immortalitate
975 3249 1083 3304 donare

103 3340 193 3411 possit
208 3346 235 3396 et
251 3356 336 3411 pares
350 3338 402 3394 diis
418 3339 542 3394 iacere.“
555 3334 584 3406 *)

110 3443 266 3454 ———.

173 3482 201 3547 *l
219 3485 325 3551 Propter
342 3485 485 3535 Fabricium
501 3497 607 3545 moneo,
626 3495 703 3546 quern
717 3459 824 3530 lacobus
843 3477 929 3543 Magni
946 3478 974 3539 in
991 3474 1084 3542 Zephi-
