2468 3930
195 203 260 269 264
489 206 522 264 L.
540 205 690 264 ANNAEI
710 205 885 266 SENECAE

192 362 429 432 tegumentaque
444 361 474 414 et
489 355 623 414 lomento
638 370 801 430 corporum
823 364 853 416 et
874 354 934 416 cihi
947 362 981 418 el
993 371 1074 432 quma
1088 375 1174 424 ,nunc

133 473 155 520 g
191 443 300 516 ingens
322 437 479 512 negotium
496 439 576 497 iacta
598 446 685 512 sunt,
712 437 806 499 obvia
831 447 917 500 eruut
935 446 970 499 et
987 441 1119 514 gratuita
1143 448 1175 505 et

192 539 289 600 opera
302 523 362 582 levi
377 520 533 596 parabilis.
560 523 671 582 modus
686 523 766 581 enim
780 523 914 583 omnium
928 525 1172 598 proutneeessir

188 611 242 669 'tas
254 613 328 666 erat.
358 622 416 666 nos
431 607 490 666 ista
506 605 657 680 pretiosa,
678 623 740 667 nos
751 607 811 666 ista
824 607 953 681 misera,
973 624 1034 669 nos·
1052 610 1172 684 nmquis

191 691 356 764 meusque
382 689 591 764 conquirenda
618 688 734 750 artibus
761 689 899 751 lecimus.
938 692 1053 753 suflicit
1076 694 1120 754 ad.
1140 693 1173 756 id

148 784 311 847 lanatum,
329 775 413 848 quod
428 774 536 848 poscit
565 775 594 832 Α
607 779 715 832 natura
731 774 852 833 luxuria
863 774 1007 848 descivit,
1025 787 1106 850 quae
1121 793 1171 840 co·

190 860 267 920 tidie
283 873 321 916 se
341 858 411 932 ipse
430 857 533 917 incitat
547 865 577 916 et
589 863 635 917 tot
647 857 761 916 seculis
777 857 888 921 crescit
901 864 935 919 et
947 858 1069 932 ingenio
1086 861 1173 923 adiu·

190 951 241 1004 val
260 942 349 1001 vitia:
373 942 471 1016 primo
496 955 692 1014 superuacua
717 942 821 1015 coepit
841 943 1077 1016 concupiscere,
1099 945 1170 1005 iude

191 1025 359 1098 contrariu,
376 1025 548 1086 novissime
561 1024 694 1084 animum
709 1025 831 1099 corpori
847 1025 964 1085 addixit
977 1033 1008 1087 ot
1020 1026 1101 1086 ill-ius
1117 1028 1171 1088 de-

191 1111 308 1171 servire
321 1108 438 1169 libid‘mi
452 1107 550 1168 iussit.
580 1123 686 1168 omnes
707 1107 785 1168 istuc
803 1115 900 1181 artes,
922 1109 1036 1182 quibus
1047 1116 1100 1171 aut
1114 1110 1171 1170 eir·

193 1194 302 1254 citatur
316 1194 422 1253 civitas
438 1199 491 1251 aut
504 1192 628 1266 strepit,
648 1191 789 1266 corporis
805 1192 959 1266 negotium
974 1199 1098 1266 garruli,
1122 1196 1172 1257 cui

192 1280 293 1339 omnia
307 1278 377 1337 olim
394 1285 549 1349 tamquam
565 1291 656 1334 seruo
669 1276 910 1350 praestabantur,
925 1283 1172 1353 nunctamqrram

191 1363 315 1423 domino
339 1367 491 1435 parantur.
528 1358 630 1433 itaque
649 1358 720 1418 hinc
743 1364 913 1432 textorum,
928 1358 1000 1419 hinc
1015 1361 1170 1425 fabrorum

191 1445 333 1506 officinae
349 1451 433 1516 sunt,
450 1443 520 1502 hinc
535 1443 648 1502 odores
668 1442 877 1516 coquentium,
891 1443 965 1504 hine
977 1445 1085 1504 molles
1101 1461 1169 1508 cor-

190 1529 276 1604 poris
292 1536 392 1588 motus
406 1527 580 1587 docentium
593 1527 765 1602 mollesque
780 1533 934 1588 cantuset
943 1525 1101 1589 infractos.
1123 1545 1170 1588 re·

191 1613 286 1672 cessit
302 1612 381 1670 enim
397 1610 449 1671 ille
461 1610 607 1670 naturalis
622 1610 733 1670 modus
749 1611 903 1671 desideria
919 1627 979 1685 ope
994 1611 1172 1673 necessaria

190 1696 317 1756 finiens:
333 1695 392 1755 iam
407 1694 586 1755 rusticitatis
598 1701 629 1754 et
642 1694 785 1754 miseriae
796 1701 844 1754 est
857 1696 945 1768 velle,
962 1702 1110 1770 quantum
1124 1702 1172 1758 sat

147 1786 246 1841 mest.
275 1777 455 1838 Incredibile
471 1786 532 1850 est,
550 1779 591 1837 mi
606 1777 710 1847 Lucili,
726 1793 815 1852 quam
832 1778 922 1838 facile
937 1780 1030 1840 etiam
1041 1795 1170 1854 magnos

188 1864 274 1923 viros
290 1863 422 1923 dulcedo
437 1861 582 1922 orationis
598 1862 730 1922 abducat
744 1877 766 1921 a
779 1877 868 1922 vero:
891 1877 964 1922 ecca
975 1862 1166 1937 Posidonius

188 1953 223 2006 ut
243 1962 311 2006 mea
331 1947 389 2007 lert
411 1945 531 2021 opinio,
557 1962 597 2005 ex
617 1946 681 2019 his,
704 1943 757 2020 qui
778 1945 940 2019 plurimum
956 1944 1171 2020 philosophiae

189 2032 390 2106 contulerunt,
407 2031 479 2091 dum
494 2030 559 2090 vult
570 2030 746 2090 describere
757 2029 896 2104 primum,
912 2029 1170 2106 quemadmodum

189 2115 248 2175 alia
270 2122 471 2190 torqueantur
495 2115 561 2187 fila,
587 2115 647 2174 ulio
667 2130 706 2174 ex
725 2113 808 2174 molli
830 2115 994 2189 solutoque
1011 2113 1170 2188 ducuntur,

189 2199 300 2259 deinde
316 2199 574 2275 quemadmodum
594 2200 654 2258 tela
670 2197 832 2272 suspensis
849 2198 1037 2273 ponderibus
1054 2205 1171 2258 rectum

189 2291 305 2343 stamen
319 2285 470 2356 extendat,
481 2282 737 2358 quemadmodum
749 2282 907 2342 subtemen
920 2281 1077 2356 inscrtum,
1087 2282 1171 2356 quod

189 2367 330 2428 duritiam
351 2368 502 2441 utrimque
523 2366 740 2441 conprimentis
760 2373 875 2426 tramae
888 2364 1040 2425 remolliat
1060 2365 1171 2440 spatha

189 2453 272 2512 coire
284 2458 411 2526 cogatur
422 2458 453 2510 et
462 2449 554 2525 iungi,
568 2448 732 2510 textrini
746 2464 871 2524 quoque
883 2457 1002 2509 artem
1017 2448 1170 2524 asapien-

189 2535 273 2596 tibus
291 2535 367 2594 dixit
387 2535 555 2607 inventam,
582 2534 694 2595 oblitus
709 2540 817 2608 postea
831 2541 986 2607 repertum
1000 2532 1061 2594 hoc
1076 2533 1170 2594 subti-

187 2619 247 2679 lius
262 2634 375 2691 genus,
398 2619 428 2676 in
445 2633 505 2692 quo

315 2705 375 2761 tela
387 2705 455 2777 lupo
469 2705 570 2762 iuncte
584 2707 641 2774 est,
662 2707 775 2762 damen
788 2703 915 2762 secema't
927 2703 1060 2775 munde,

314 2788 458 2847 inseritur
471 2787 599 2846 medium
613 2785 711 2845 radici
724 2785 873 2844 subteneo
888 2788 999 2859 cauus,

315 2871 395 2945 qaod
407 2875 468 2931 luto
479 2872 608 2945 paucum
618 2871 723 2929 insecti
728 2870 849 2944 pectine
864 2869 975 2931 deum

189 2953 279 3030 quid,
303 2954 329 3015 si
350 2953 529 3028 contigisset
549 2952 591 3011 illi
606 2952 721 3012 addere
735 2953 793 3012 bas
807 2953 904 3014 nostri
919 2952 1070 3029 temporis
1080 2951 1169 3023 udas,

190 3037 301 3114 quibus
320 3038 416 3097 uestis
437 3034 511 3096 nihil
532 3038 668 3097 celatura
687 3036 862 3109 conficitur,
887 3035 918 3097 iu
941 3053 1002 3113 qua
1021 3050 1082 3095 non
1097 3032 1168 3092 dico

144 3135 177 3193 «ιι
187 3122 440 3195 nullumcorpori
456 3120 616 3194 auxilium,
632 3121 689 3182 sed
704 3121 820 3181 nubum
834 3120 946 3195 pudori
955 3124 1022 3181 esti
1047 3115 1171 3178 'irensit

188 3206 300 3268 deinde
313 3206 355 3264 ad
368 3205 521 3281 agricolas
535 3221 593 3266 nec
607 3205 709 3266 minus
723 3205 854 3266 iocunde
871 3202 1016 3267 describit
1031 3201 1169 3276 proscis-

188 3308 256 3352 sum
278 3299 410 3351 aratro
428 3291 528 3350 solum
550 3298 581 3351 ei
600 3289 756 3363 iteratum,
780 3306 845 3364 quo
858 3285 985 3350 solabor
998 3284 1170 3346 terrefaci-

187 3374 246 3435 lius
273 3382 375 3449 pateat
395 3375 560 3435 radicibus.
600 3382 672 3435 tunc
699 3390 810 3450 sparsa
829 3372 946 3434 semina
971 3376 1002 3429 et
1022 3369 1169 3431 collectas

187 3475 279 3519 manu
298 3459 427 3534 herbas,
454 3475 496 3520 ne
516 3460 590 3537 quid
610 3459 764 3520 fortuitum
791 3466 822 3519 et
838 3460 960 3532 agreste
979 3453 1170 3525 subcrescal,
