2468 3930
199 215 261 280 loo
485 215 520 275 L.
542 214 689 276 ANNAEI
710 214 886 276 SENECAE

199 368 298 429 venit:
319 367 423 442 segnis
443 374 492 428 est
510 367 647 427 urbanus
669 372 700 426 et
712 382 817 426 verna.
845 367 960 428 nullum
973 367 1112 429 laborem
1125 383 1174 430 oe

201 457 309 513 cusant
322 467 446 523 manus,
468 466 549 527 quae
563 451 603 510 ad
617 465 701 510 arma
715 450 754 510 ab
768 457 869 512 aratro
884 453 1122 512 translemnturr
1142 451 1173 512 ir

158 545 190 599 11
199 536 297 612 primo
313 533 416 595 delicit
432 536 557 608 pulvere
574 535 625 594 ille
639 541 749 593 unctus
764 540 794 593 ct
808 533 931 594 nitidus.
953 535 1099 596 Severior
1114 536 1175 597 loei

200 616 363 691 disciplina
386 618 485 678 firmat
510 616 664 692 ingenium
685 624 851 691 aptumque
872 619 990 693 magnis
1011 618 1175 679 conatibus

199 701 308 762 reddit.
339 699 451 761 Literni
478 701 637 762 honestius
660 698 765 775 Scipio
795 716 886 775 quam
906 702 988 762 Baiis
1013 701 1174 763 exulabat=

198 785 287 847 ruina
307 785 374 845 eius
396 802 458 846 non
472 793 519 845 est
533 792 593 846 tam
607 782 737 844 molliter
752 785 951 845 conlocanda.
980 782 1021 845 illi
1037 801 1174 860 quoque,

199 870 239 930 ad
261 884 340 943 quos
363 869 478 944 primos
505 869 625 930 lortuoa
649 867 755 942 populi
775 868 904 928 Romani
930 868 1070 944 publicas
1095 884 1174 945 opes

198 953 364 1026 transtulit,
379 952 411 1012 C.
424 952 537 1012 illarius
555 961 585 1014 et
599 953 651 1012 Cn.
663 949 825 1025 Pompeius
841 959 871 1011 et
886 951 999 1012 Caesar
1013 960 1174 1013 exstruas·

198 1042 269 1096 runt
289 1033 411 1110 quidem
426 1036 515 1096 villus
535 1037 565 1095 in
580 1036 706 1110 regione
724 1035 852 1109 Baiana,
873 1036 929 1095 sed
945 1036 1012 1095 illas
1027 1037 1174 1110 inposue

197 1125 269 1180 runt
279 1119 406 1180 summis
418 1118 496 1194 iugis
509 1120 662 1181 montium.
682 1116 842 1178 videbatur
856 1118 916 1179 hoc
928 1120 1025 1193 magis
1036 1117 1174 1192 militare,

198 1219 239 1263 ex
254 1203 335 1264 edito
350 1204 502 1278 speculari
518 1205 576 1264 lato
590 1203 743 1277 longeque
755 1200 902 1262 subiecta.
923 1201 1066 1277 adspice,
1082 1217 1174 1277 quam

199 1287 384 1362 positionem
404 1287 565 1360 elegerint,
587 1285 699 1361 quibus
720 1283 861 1344 aedilicia
881 1286 1082 1346 excitaverint
1096 1284 1173 1346 locis

89 1378 92 1384 ’
158 1379 229 1441 met
245 1370 362 1445 qualia:
384 1369 465 1428 scies
480 1386 541 1429 non
558 1370 646 1428 villas
661 1383 747 1442 csse,
763 1368 819 1427 sed
834 1375 945 1429 castra.
965 1369 1174 1429 Habitaturum

197 1462 230 1515 tu
252 1460 342 1528 putas
363 1467 508 1526 umquam
530 1453 627 1513 luisse
641 1451 671 1510 in
691 1452 769 1511 mica
784 1453 944 1523 Catonem,
966 1460 999 1514 ut
1014 1451 1173 1527 praenavi-

198 1543 307 1611 gantes
327 1536 483 1595 adulteras
504 1536 708 1595 dinumeraret
736 1542 765 1594 et
793 1543 838 1596 tot
860 1551 976 1610 genera
996 1536 1174 1614 cymbarum

197 1620 291 1679 variis
313 1618 467 1679 coloribus
489 1619 571 1693 picta
591 1627 621 1679 ot
641 1617 808 1679 fluitantem
830 1625 893 1680 toto
915 1619 984 1679 lacu
998 1635 1119 1694 rosam,
1141 1626 1173 1679 ut

198 1700 317 1763 audiret
331 1702 502 1762 canentium
517 1710 666 1763 nocturna
680 1702 839 1763 conviciet
860 1719 962 1763 nonne
982 1717 1107 1763 munere
1123 1701 1171 1770 nh

197 1784 276 1847 intra
291 1786 402 1846 vallum
416 1785 587 1860 maluisset,
609 1786 694 1860 quod
714 1785 744 1844 in
760 1802 850 1845 unam
872 1793 994 1847 noctem
1009 1802 1100 1846 manu
1117 1801 1173 1847 sua

197 1871 266 1945 ipse
287 1868 448 1930 duxissem
468 1869 574 1945 quidni
593 1871 709 1942 mallet,
730 1868 872 1943 quisquis
887 1871 933 1930 vir
948 1876 1009 1942 est,
1031 1872 1172 1931 somnum

162 1962 287 2018 tssuum
311 1953 441 2014 classico
464 1969 555 2028 quam
579 1952 765 2032 symphonia
784 1954 905 2030 rumpit
939 1953 1002 2015 Sed
1024 1955 1099 2015 satis
1122 1952 1173 2014 diu

198 2053 267 2097 cum
281 2035 365 2096 Baiis
386 2037 583 2111 litigavimus,
604 2053 769 2112 numquam
790 2039 866 2098 satis
881 2053 949 2098 cum
963 2035 1061 2111 vitiis,
1083 2051 1171 2112 quac,

198 2128 310 2192 orote,
324 2119 437 2194 Lucili,
454 2135 641 2196 persequere
653 2120 720 2180 sine
732 2121 840 2194 modo,
857 2120 924 2182 sine
939 2121 1009 2181 line.
1030 2136 1102 2181 narn
1113 2117 1171 2180 illie

198 2219 323 2280 quoque
336 2219 393 2264 nec
408 2205 478 2265 linis
493 2210 611 2265 estnec
625 2205 747 2266 modus.
769 2203 877 2266 Proice
892 2220 1105 2281 quaecumque
1120 2217 1172 2264 cor

195 2296 278 2348 tuum
295 2288 423 2363 laniant,
445 2305 525 2364 quae
539 2289 565 2348 si
582 2289 667 2348 aliter
681 2288 798 2349 extrahi
813 2290 988 2364 nequirent,
1003 2304 1058 2348 cor
1070 2288 1171 2364 ipsum

197 2372 350 2434 cumillis
379 2374 585 2433 revellendum
613 2380 686 2432 erat.
720 2373 894 2447 voluptates
926 2370 1092 2448 praecipue
1119 2386 1172 2431 ex-

198 2457 288 2518 turba
300 2463 330 2516 et
341 2457 542 2517 invisissimas
554 2455 649 2516 habe:
662 2456 813 2517 latronum
824 2472 925 2531 more,
941 2472 1020 2532 quos
1032 2449 1172 2536 privitae

198 2539 342 2616 Aegyptii
362 2549 489 2613 vocant,
512 2539 542 2599 in
564 2539 625 2599 hoc
643 2555 702 2599 nos
722 2541 957 2616 amplectuntur,
978 2547 1013 2600 ut
1032 2548 1171 2614 anangn-

197 2625 268 2684 lent.
289 2624 377 2682 Vale.

484 2756 700 2816 EPISTULA
724 2759 784 2816 Xll.
812 2763 883 2832 (52.)

449 2849 559 2903 Seneca
576 2853 692 2905 Lucumo
709 2866 760 2905 suo
780 2865 918 2908 susurru

166 2961 181 3012 1
262 2952 339 3028 Quid
361 2961 408 3014 est
431 2954 505 3028 hoc,
527 2956 636 3031 Lucili,
659 2955 744 3032 quod
766 2971 824 3016 nos
846 2955 906 3015 ulio
927 2954 1088 3015 tendentes
1108 2948 1170 3013 elio

197 3036 289 3099 trahit
304 3044 334 3098 et
346 3053 399 3112 eo,
414 3039 495 3098 unde
510 3040 656 3100 recedere
670 3039 826 3114 cupimus,
843 3037 981 3113 inpellitt
1005 3036 1080 3112 quid
1097 3051 1170 3097 conr

196 3123 327 3183 luctatur
351 3137 419 3183 cum
448 3122 549 3183 animo
574 3129 680 3184 nostro
706 3138 762 3182 nec
791 3121 934 3196 permittit
962 3119 1053 3182 nobis
1084 3118 1171 3195 quic

197 3223 288 3281 quam
311 3207 406 3267 semel
428 3207 527 3267 vellet
554 3205 735 3266 fluctuamus
756 3205 834 3267 inter
852 3205 938 3266 varia
958 3204 1096 3267 consilia.
1125 3202 1171 3265 ui·

162 3294 181 3348 ²
195 3288 236 3350 hil
250 3291 345 3351 libere
358 3291 515 3364 volumus,
533 3290 607 3349 nihil
621 3290 775 3362 absolute,
794 3287 867 3350 nihil
879 3304 1011 3364 semper.
1039 3286 1171 3363 „Stul-

136 3403 138 3407 ·
195 3373 303 3449 titia,
330 3373 447 3449 inquis,
474 3381 549 3448 est,
577 3373 637 3434 cui
663 3373 757 3433 nihil
784 3378 955 3445 constat,
982 3371 1079 3432 nihil
1104 3367 1172 3432 diti

195 3457 357 3529 placem
386 3457 448 3518 Sed
469 3457 624 3533 quomodo
644 3473 702 3518 nos
723 3462 776 3517 aut
794 3456 919 3532 quando
939 3454 979 3517 ab
1000 3455 1053 3516 illa
1070 3452 1171 3515 ravel·
