2468 3930
254 218 531 280 naissitanos.
553 198 716 283 mnxvr.
738 220 835 282 nra.
857 226 928 297 (oo.)
1019 221 1082 285 aaa

101 372 329 448 conpescimus.
352 386 390 429 ne
402 371 452 430 illo
465 372 588 446 quidem
601 378 747 448 tempore,
763 392 824 450 quo
836 375 917 435 filius
932 376 1018 435 ardet
1032 381 1083 436 aut

100 458 220 518 amicus
235 455 385 530 exspirat,
409 469 534 516 cessare
550 459 663 531 pateris
678 460 880 534 voluptatem,
903 460 960 519 sed
981 459 1081 534 ipsum

100 543 148 602 vis
169 541 290 602 titillare
310 554 495 599 moerorem:
518 547 617 600 utrum
634 541 795 603 honestius
816 543 905 603 dolor
921 544 958 603 ab
981 542 1081 604 animo

101 627 302 687 submovetur
316 640 355 683 an
376 624 578 700 voluptasad
600 626 742 686 dolorem
755 644 880 703 quoquc
897 627 1082 689 admittitur?

101 708 321 771 admittitur
336 708 427 768 dicot
448 716 629 784 captatur
644 719 675 770 et
692 711 815 784 quidem
831 727 870 771 ex
886 713 965 788 ipso.
1010 711 1124 787 „Esttd

101 794 221 869 aliqua,
242 793 354 867 inquit,
376 794 518 867 voluptas
535 800 665 868 cognata
685 793 853 855 tristitiac.“
895 797 978 856 Istuc
992 796 1083 856 nobis

100 879 172 940 licet
186 877 298 950 dicere,
315 875 404 936 vobis
419 877 541 951 quidem
556 894 618 938 non
634 878 712 937 licet.
740 879 840 939 Unum
855 878 969 939 bonum
984 880 1081 943 nostis

99 963 303 1037 voluptatem,
318 977 412 1020 unum
427 962 537 1020 malum
553 962 705 1022 dolorem=
728 978 807 1038 quae
821 969 924 1037 potest
937 965 1015 1022 inter
1027 965 1082 1024 bo-

101 1064 175 1108 num
196 1052 226 1106 ct
246 1047 358 1104 malum
380 1060 451 1104 esse
472 1047 634 1118 cognatio?
662 1045 718 1105 sed
734 1054 808 1121 puta
824 1063 910 1106 esse=
933 1062 1014 1106 nunc
1028 1064 1082 1123 po-

101 1128 253 1192 tissimum
267 1130 401 1190 cruitur?
421 1136 451 1190 ct
464 1129 564 1202 ipsum
576 1130 714 1190 dolorem
726 1138 905 1204 scrutamur,
918 1147 957 1190 an
969 1130 1084 1207 aliquid

102 1213 394 1281 habeatiucundum
410 1213 492 1272 circa
511 1229 546 1273 sc
561 1219 591 1272 et
606 1215 829 1288 voluptarium?
865 1214 1020 1288 Quaedam
1033 1211 1124 1273 're-29

101 1296 204 1358 media
226 1297 292 1357 aliis
315 1296 452 1372 partibus
475 1297 615 1372 corporis
630 1299 776 1357 salutaria
790 1299 874 1360 velut
889 1298 980 1358 foeda
994 1305 1024 1358 et
1038 1299 1081 1357 in-

102 1383 218 1443 decora
234 1380 370 1440 adhiberi
387 1379 453 1442 aliis
469 1386 640 1457 nequeunt,
663 1388 694 1441 et
714 1382 796 1456 quod
812 1383 904 1443 aliubi
921 1382 1084 1457 prodesset

102 1464 175 1527 sine'
186 1466 297 1525 damno
317 1464 528 1538 verecundiae,
544 1465 576 1524 id
590 1465 624 1527 fit
638 1465 831 1527 inhonestum
848 1469 916 1527 loco
933 1464 1082 1527 volneris=

101 1566 164 1612 non
179 1557 210 1610 te
221 1550 316 1625 pudet
327 1550 438 1608 luctum
453 1549 608 1624 voluptate
620 1557 751 1610 sanaret
772 1550 911 1611 severius
923 1550 982 1610 ista
992 1552 1084 1626 plaga

102 1633 240 1696 curanda
254 1640 310 1693 est
331 1633 405 1693 illud
421 1634 524 1709 potius
540 1634 680 1708 admone,
690 1635 811 1695 'nullum
822 1636 893 1694 mali
905 1651 1030 1696 sensum
1044 1635 1084 1694 ad

102 1717 187 1791 cum',
210 1718 263 1793 qui
276 1719 378 1792 periit,
400 1718 577 1793 pervenire=
601 1735 669 1778 nam
685 1720 712 1778 si
729 1719 880 1794 pervenit,
895 1735 965 1779 non
986 1719 1083 1797 periit.

101 1802 227 1875 Nulla,
256 1802 389 1877 inquam,
415 1817 477 1861 res
499 1818 578 1863 eum
606 1803 741 1878 laedit,
768 1804 832 1878 qui
853 1800 1126 1864 nullusfest=30

101 1887 185 1961 vivit,
201 1885 228 1946 si
243 1886 381 1947 laeditur.
409 1894 510 1946 utrum
525 1893 614 1962 putas
630 1888 672 1946 illi
685 1888 764 1947 male
778 1903 859 1960 esse,
882 1888 967 1963 quod
982 1888 1084 1948 nullus

103 1977 165 2046 est,
186 1985 225 2029 an
244 1969 396 2045 quod'csi
419 1969 520 2030 adhuc
540 1971 673 2045 aliquisr
699 1972 783 2048 atqui
804 1987 861 2031 neo
877 1988 916 2030 ex
931 1987 968 2032 ec
983 1978 1086 2048 potest

103 2055 132 2115 ci
148 2052 328 2115 tormentum
344 2069 425 2126 esse,
443 2055 527 2130 quod
543 2071 605 2114 non
621 2061 683 2115 est:
707 2057 777 2131 quis
792 2057 871 2116 enim
886 2056 999 2117 nullius
1014 2071 1084 2115 sen-

104 2154 158 2199 sus
180 2136 249 2199 est't
275 2154 333 2197 neo
356 2154 395 2197 cx
414 2154 471 2214 eo,
494 2139 578 2214 quod
600 2146 661 2199 est=
690 2139 796 2214 effugit
819 2140 898 2199 enirn
920 2140 1084 2200 maximum

101 2223 210 2284 mortis
224 2222 458 2296 incommodum,
474 2226 535 2282 non
550 2238 632 2283 esse.
657 2223 735 2283 lltud
751 2238 876 2299 quoque
894 2220 1032 2283 dicamus
1046 2219 1125 2298 ei,31

104 2305 158 2382 qui
175 2305 323 2367 deflet'ac
339 2305 535 2367 desideratio
554 2313 653 2367 aetate
672 2307 767 2382 prima
778 2312 913 2382 ruptum:
937 2322 1083 2380 omnes,

104 2398 286 2466 quantum
302 2390 348 2450 ad
362 2391 594 2451 brevitatem
610 2391 711 2463 aevi,
727 2390 754 2450 si
765 2390 909 2450 universo
923 2405 1084 2463 conpares,

103 2482 135 2535 et
147 2473 276 2534 iuvenes
290 2483 320 2535 et
335 2490 436 2547 senes,
455 2473 493 2534 in
514 2489 639 2549 aequo
660 2490 802 2534 sumus.
831 2473 931 2534 minus
948 2471 1085 2532 enim'ad

82 2589 87 2598 ·
102 2554 163 2620 nos
178 2573 218 2617 ex
238 2559 337 2619 aetate
352 2557 434 2618 omni
454 2559 536 2620 venit
551 2560 640 2632 quam
658 2559 742 2634 quod
759 2557 912 2628 minimum
927 2572 999 2617 csse
1015 2555 1084 2632 quis

103 2641 228 2716 dixerit,
252 2643 395 2717 quoniam
412 2642 534 2717 quidem
552 2642 708 2703 minimum
722 2643 824 2718 aliqua
845 2658 917 2716 pars
941 2647 1010 2702 csta
1025 2640 1086 2701 hoc

104 2726 191 2802 quod
206 2726 335 2786 vivimus
357 2727 527 2803 proximum
541 2726 634 2788 nihilo
650 2735 712 2788 est=
734 2734 765 2788 ct
786 2734 900 2801 tamen,
922 2743 940 2786 o
962 2725 1085 2787 demen-

101 2810 176 2870 tiam
200 2817 351 2870 nostram!
378 2811 438 2871 late
461 2810 643 2886 disponituc
685 2812 770 2872 Haec
794 2809 847 2871 tibi
873 2809 1001 2886 scripsi,
1025 2802 1126 2870 non32

102 2892 260 2969 tamquam
274 2901 508 2970 exspectaturus
524 2911 612 2957 esses
627 2895 794 2956 remedium
809 2910 887 2955 ame
898 2901 960 2955 tam
972 2909 1085 2955 serum.

101 2976 200 3054 liquet
214 2978 294 3038 enim
309 2977 382 3038 mihi
396 2986 426 3039 te
440 2981 575 3040 locutum
588 2987 702 3054 tecum,
725 2978 871 3055 quicquid
885 2980 1019 3038 lecturus
1034 2994 1085 3038 esa

103 3062 162 3124 sed
177 3069 211 3123 ut
225 3061 405 3137 castigarem
420 3062 504 3123 iliam
517 3064 658 3138 exiguam
672 3078 804 3136 moram,
827 3077 888 3136 qua
905 3077 924 3120 a
939 3067 1085 3121 te'reccs·

103 3144 173 3208 sisti
194 3154 225 3208 et
242 3147 272 3206 in
289 3149 441 3223 reliquum
458 3147 650 3220 adhortarer,
674 3149 781 3207 contra
796 3146 946 3206 fortunam
961 3144 1086 3204 tolleres

102 3227 225 3292 animos
242 3238 271 3291 et
286 3232 387 3292 omnia
402 3233 468 3292 eius
482 3233 639 3304 tela,·rion
660 3235 813 3305 tamquam
829 3233 959 3303 possent
973 3227 1086 3301 venire,

102 3315 162 3375 sed
175 3318 330 3390 tamquam
350 3316 456 3393 utiquc
473 3321 578 3376 essent
592 3317 734 3388 ventura,
756 3311 963 3390 prospiceres.
999 3311 1086 3371 Vale.
