2468 3930
241 214 411 279 urtsruu.
426 218 520 282 uon.
536 184 700 282 uraxru.
716 221 773 281 ar.
787 220 817 283 4.
833 229 903 300 aa.)
1020 225 1081 291 eet

99 386 162 446 que
176 370 311 432 terminis
327 371 412 433 finiat
426 372 618 448 deorumque
632 375 690 435 ritu
706 383 814 436 cuneta
828 378 996 452 possideat,
1014 394 1083 439 enni

99 457 214 533 opibus
230 456 295 517 suis
311 456 421 516 divites
437 473 571 532 superne
586 457 751 534 despiciat,
768 478 898 536 quorum
918 479 1006 523 nemo
1023 471 1082 524 tam

98 559 158 604 suo
177 542 275 602 laetus
291 547 338 601 est
352 557 443 615 quam
459 543 553 603 tristis
567 543 677 604 alieno.
711 544 785 613 Cum
802 562 836 606 se
851 547 881 606 in
896 546 975 607 hane
991 547 1082 606 subii·
1092 553 1127 608 33

98 628 232 690 mitatem
248 626 323 698 tulit
339 626 478 701 eorporis
494 644 619 703 quoque
634 628 717 688 vetut
727 629 830 691 oneris
842 631 1009 691 necessarii
1021 648 1084 693 non

98 717 232 782 adiutor,
254 712 310 769 sed
330 715 511 785 procurator
531 719 579 771 est
594 728 651 772 nee
666 727 701 771 se
716 713 772 786 itti,
795 713 844 775 eui
859 715 1012 789 inpositus
1028 723 1084 792 est,

100 793 221 857 subicit.
254 810 364 876 nemo
384 795 572 868 tiberest,
595 797 980 872 quieorporiservit.
1013 817 1082 860 nam

99 887 132 941 ut
145 879 224 940 atius
238 877 397 953 dominos,
420 895 497 953 quos
518 879 610 939 nimia
626 896 682 955 pro
702 880 753 941 ino
770 880 943 943 sollicitudo
959 884 1082 956 invenit,

99 971 256 1036 transeas,
282 963 380 1037 ipsius
404 979 561 1024 morosum
587 965 745 1038 imperium
777 966 1002 1042 delicatumque
1026 976 1081 1028 est.

99 1049 149 1108 Ab
170 1047 230 1108 hoe
252 1047 344 1106 modo
367 1062 466 1122 aequo
488 1048 588 1108 auimo
611 1048 688 1121 exit,
716 1049 808 1110 modo
826 1065 937 1124 magno
954 1050 1124 1126 presidius

101 1147 158 1192 nee
174 1130 244 1206 quis
260 1131 373 1191 deinde
387 1128 525 1206 reliquiis'
541 1131 608 1191 eins
623 1132 742 1193 iuttrrus
758 1133 796 1193 sit
815 1135 930 1206 exitus,
952 1136 1080 1208 quaerit,

100 1216 159 1276 sed
178 1223 212 1277 ut
231 1231 270 1275 ex
290 1215 386 1275 barba
406 1215 559 1290 [eapttlos]
582 1216 712 1276 detonsa
733 1217 937 1293 neglegimus,
965 1219 1007 1278 ita
1033 1219 1082 1278 ille

100 1299 424 1360 divinusanimus
448 1315 685 1374 egressurus
706 1300 908 1375 hominem,
931 1319 1004 1377 quo
1025 1318 1081 1361 re-

100 1386 345 1460 ceptaentum
360 1400 469 1444 suum
484 1385 727 1459 conteratur,
743 1383 821 1460 ignis
836 1386 911 1445 iliud
925 1392 1083 1446 exuratan

100 1474 180 1552 terra
195 1475 356 1543 ‚contegau
382 1484 420 1527 an
440 1468 523 1528 ferae
543 1468 727 1542 distrahant,
756 1485 829 1529 non
851 1470 947 1544 magis
972 1471 1017 1531 ad
1042 1486 1084 1530 se

99 1551 250 1613 iudicat
266 1551 463 1628 pertinere
480 1569 571 1628 quarn
586 1554 740 1613 secundas
753 1554 793 1612 ad
804 1554 918 1615 editum
929 1555 1083 1615 infantem.

100 1643 201 1696 utrum
218 1635 384 1711 proiectum
400 1652 474 1696 aves
490 1635 640 1710 differant,
656 1654 695 1697 an
711 1646 908 1699 consumatur

340 1723 462 1781 canibus
476 1723 549 1782 datu
560 1719 680 1798 praeda
694 1725 834 1795 marinis,

102 1802 176 1879 quid
189 1804 229 1863 ad
243 1804 340 1878 iilum,
362 1805 414 1879 qui
435 1806 557 1865 nullust
587 1805 650 1867 Sed
664 1815 736 1867 tune
752 1822 894 1883 quoque,
922 1822 991 1866 curn
1005 1805 1126 1866 interes

99 1888 241 1948 homines
256 1895 318 1959 est,
335 1889 418 1949 timet
432 1890 530 1949 nullas
548 1897 618 1965 post
632 1899 759 1952 mortem
773 1893 871 1951 minas
886 1906 1001 1966 eorum,
1018 1891 1083 1966 qui-

100 1971 159 2032 bus
173 1987 275 2047 usque
295 1973 334 2031 ad
352 1978 478 2033 mortem
499 1973 596 2033 timeri
612 1991 718 2050 parunt
734 1982 790 2035 est.
821 1992 904 2049 „uon
922 1982 1083 2048 conterret,

100 2054 212 2131 inquit,
234 2071 282 2114 me
302 2072 359 2116 nee
380 2073 479 2116 uncus
495 2072 552 2117 nee
568 2059 695 2132 proiecti
710 2059 749 2117 ad
764 2060 977 2119 contumeliam
993 2059 1083 2118 eada·

100 2138 183 2200 veris
200 2140 343 2200 laceratio
359 2141 451 2201 ioeda
465 2141 588 2201 visuris.
622 2143 771 2202 neminem
792 2143 832 2201 de
852 2158 997 2217 supremo
1014 2143 1083 2201 otn-

102 2224 150 2284 eio
165 2239 252 2298 rogo.
282 2225 355 2285 nulli
369 2223 516 2299 reliquias
532 2240 616 2286 meas
637 2226 834 2286 commender
857 2241 896 2284 ne
917 2227 986 2300 quis
1002 2226 1082 2285 inse-

103 2307 205 2381 pultus
219 2315 311 2380 esset,
325 2325 426 2369 rerum
441 2316 549 2369 natura
565 2308 734 2383 prospexit.
763 2309 858 2382 Quem
874 2309 1000 2369 saevitia
1014 2325 1083 2383 pro—

102 2390 207 2453 iecerit
221 2391 288 2453 dies
304 2393 446 2454 condet.“
478 2392 598 2454 Diserte
611 2393 775 2453 Maecenas
791 2392 845 2451 ait:

227 2475 289 2537 Nee
303 2481 445 2539 tumulum
459 2493 541 2538 curo.
568 2480 672 2553 sepelit
683 2483 794 2537 natura
808 2479 934 2537 relictos.

102 2560 162 2619 atte
188 2559 319 2621 cinctum
343 2569 434 2641 putes
464 2561 591 2621 dixisse.
630 2560 736 2621 habuit
764 2560 843 2620 enirn
871 2557 1025 2634 ingenium
1052 2565 1084 2618 et

101 2642 217 2718 grande
231 2650 263 2704 et
276 2644 378 2726 virile,
392 2646 451 2706 nisi
465 2645 539 2707 iilud
553 2645 692 2708 secunda
706 2644 933 2730 discurrissent
962 2643 1048 2704 Vale.
