2468 3930
201 238 243 306 74
481 241 515 302 L.
536 241 683 303 ANNAEI
706 239 881 302 SENECAE

199 401 302 458 textus
323 393 443 455 illortun
457 392 553 454 virilis
575 399 631 454 est.
660 391 906 468 inaequalitatem
920 391 1002 452 scias
1017 407 1104 468 esse,
1127 394 1180 456 ubi

201 494 281 554 quae
302 477 449 551 eminent,
473 484 545 538 sunt
564 475 718 537 notabilia.
753 491 816 536 non
838 481 885 536 est
905 474 1098 538 admirationi
1116 495 1180 540 una

199 562 306 635 arbor,
332 561 386 622 ubi
410 560 439 621 in
467 561 607 621 eamdem
629 559 817 620 altitudinem
842 565 906 620 tota
932 557 1011 619 silva
1036 561 1179 624 surrexit

171 644 358 708 rEiusmodi
368 645 500 705 vocibus
514 645 628 704 referta
639 649 709 704 sunt
720 644 864 716 carmina,
880 642 1012 703 refertae
1021 642 1178 709 historiae.

200 727 305 804 itaque
317 729 390 788 nolo
404 727 473 789 illas
488 727 612 804 Epicuri
627 725 784 787 existimes
799 742 886 787 esses
908 724 1049 801 publicae
1063 736 1137 791 sunt
1150 736 1181 791 et

200 813 331 872 maxime
352 818 486 872 nostrae.
519 812 576 873 sed
596 812 647 872 illo
664 811 763 885 magis
780 811 978 884 adnotantur,
1005 813 1077 886 quia
1090 829 1179 875 rarae

200 896 318 956 interim
332 895 544 968 interveniunt,
560 894 633 971 quia
646 894 836 969 insperatae,
852 894 926 969 quta
938 893 1048 956 mirum
1058 903 1107 958 est
1118 898 1178 959 ior

200 980 270 1041 titer
288 977 405 1055 aliquid
418 977 479 1040 dici
498 978 537 1039 ab
551 978 674 1040 homine
688 977 845 1040 mollitiam
860 977 1014 1053 professo.
1041 977 1086 1040 ita
1099 981 1177 1042 enim

199 1062 339 1139 plerique
361 1063 510 1124 iudicant=
540 1062 625 1138 apud
645 1077 695 1122 me
710 1061 863 1136 Epicurus
879 1068 927 1122 est
941 1067 971 1120 et
985 1063 1088 1139 fortis,
1109 1063 1180 1124 licet

199 1149 388 1209 manuleatus
403 1147 452 1208 sit.
480 1146 626 1207 fortitudo
642 1152 673 1205 et
685 1145 835 1207 industria
849 1151 880 1205 et
893 1145 933 1205 ad
949 1145 1059 1206 bellum
1075 1163 1178 1223 prom·

170 1234 254 1307 apta
268 1246 355 1292 mens
371 1239 434 1293 mm
448 1231 479 1290 in
493 1229 603 1291 Persas
619 1245 712 1306 quam
725 1229 756 1289 in
771 1231 830 1290 alte
845 1228 1071 1290 cinctos‘cadit.
1100 1231 1179 1291 Non

199 1322 259 1375 est
289 1329 380 1389 ergo,
415 1314 519 1389 quod
549 1314 684 1388 exigas
716 1321 903 1388 excerpta
930 1320 967 1374 et
994 1314 1178 1390 repetitae

199 1397 376 1459 continuum
397 1405 446 1458 est
466 1397 549 1471 apud
569 1403 693 1457 nostros
716 1395 863 1472 quicquid
880 1396 965 1472 apud
980 1397 1059 1458 alios
1073 1413 1178 1458 excer-

198 1482 289 1556 pitur.
325 1497 387 1542 non
409 1480 558 1540 habemus
580 1479 683 1556 itaque
703 1480 763 1540 ista
785 1478 922 1540 ocliferia
937 1495 995 1540 nec
1010 1488 1178 1556 emptorem

199 1564 370 1639 decipimus
387 1563 462 1623 nihil
476 1565 683 1637 inventurum,
705 1579 775 1624 cum
788 1563 959 1636 intraverit,
980 1572 1104 1638 praeter
1117 1565 1177 1639 illa,

200 1663 280 1721 quae
301 1647 332 1707 in
353 1647 453 1708 ironte
474 1663 629 1722 suspensa
648 1653 730 1708 sunt
762 1647 839 1722 ipsis
860 1647 1076 1722 permittimus,
1094 1647 1178 1710 unde

169 1730 294 1793 ivelint
314 1745 436 1792 sumere
456 1733 623 1806 exemplar.
659 1729 736 1792 Puta
751 1746 809 1790 nos
825 1731 904 1789 velle
921 1730 1093 1806 singulares
1108 1747 1178 1794 sen·

198 1816 309 1875 tentius
331 1829 370 1874 ex
391 1814 480 1875 turba
499 1831 659 1890 separares
687 1815 737 1874 cui
758 1815 825 1874 illas
841 1813 1092 1888 adsignabimusl
1115 1815 1178 1882 ‚Ze

198 1898 269 1959 noni
285 1915 324 1958 an
341 1897 476 1958 Cleanthi
491 1914 529 1958 an
545 1897 721 1977 Chrysippo
735 1913 773 1957 an
783 1897 927 1958 Panaetio
939 1913 978 1957 en
990 1896 1179 1960 Posidoaiol

198 1998 260 2043 non
276 1999 382 2043 sumus
397 1981 456 2042 sub
467 1997 555 2056 reges
577 1982 636 2042 sibi
649 1981 782 2057 quisque
792 1997 827 2042 se
838 1981 981 2041 vindicat.
1004 1981 1088 2055 apud
1098 1983 1178 2044 istus

199 2067 348 2142 quicquid
369 2065 442 2126 dicit
464 2064 685 2140 Hermarchus,
719 2064 864 2140 quicquid
891 2063 1103 2141 Metrodorus,
1136 2065 1180 2126 ad

198 2166 291 2210 unum
305 2150 444 2210 refertur.
474 2148 576 2210 omnia
590 2164 670 2225 quae
685 2148 849 2225 quisquam
863 2148 894 2208 in
908 2149 960 2209 illo
976 2148 1177 2211 contubernio

199 2235 320 2294 locutus
335 2240 397 2307 est,
412 2232 505 2294 unius
519 2232 814 2308 ductuetauspiciis
826 2232 997 2293 dictasunt.
1023 2232 1091 2294 Non
1104 2249 1177 2308 pos·

199 2333 322 2393 sumus,
350 2318 489 2393 inquam,
518 2317 589 2377 licet
612 2323 811 2391 temptemus,
840 2316 972 2376 educere
996 2316 1113 2394 aliquid
1137 2332 1176 2380 er

197 2408 281 2464 tanta
294 2418 396 2462 rerum
411 2400 583 2477 aequalium
597 2400 798 2462 multitudine.

395 2529 541 2603 paupera
555 2532 599 2588 est
611 2541 771 2587 numerare
780 2540 882 2601 pectas.

200 2649 398 2724 Quocumque
416 2650 537 2710 miseris
553 2649 690 2722 oculum,
711 2650 743 2709 id
757 2649 811 2710 tibi
826 2654 981 2724 occurret,
1004 2648 1091 2724 quod
1103 2646 1175 2709 emi·

170 2740 273 2793 suero
297 2740 420 2807 posset,
441 2732 500 2792 nisi
523 2731 603 2793 inter
628 2734 714 2808 paria
734 2734 896 2809 legeretur.
931 2731 1032 2806 Quare
1053 2732 1176 2806 depone

198 2815 287 2874 istam
305 2831 408 2892 spem,
430 2831 527 2891 posse
542 2823 572 2876 te
587 2817 758 2877 summatim
770 2817 935 2892 degustare
948 2815 1070 2892 ingenia
1080 2812 1175 2876 maxi·

198 2914 315 2958 morum
330 2901 480 2960 virorum:
504 2906 567 2960 tota
584 2898 638 2960 tibi
655 2900 847 2975 inspicienda
861 2906 946 2974 sunt,
967 2906 1032 2960 tota
1045 2905 1175 2960 mactan-

198 2982 247 3041 da.
276 2998 327 3042 res
345 2983 460 3058 geritur
474 2990 505 3043 et
518 2999 574 3059 per
588 2981 771 3044 lineamenta
787 2999 844 3045 sua
858 2982 971 3058 ingenii
987 2998 1066 3058 opus
1081 2981 1175 3042 necti·

196 3073 254 3141 tur,
277 3082 317 3127 ex
339 3082 400 3141 quo
420 3066 493 3127 nihil
515 3067 645 3128 subduci
665 3067 732 3127 sine
744 3068 833 3128 ruina
848 3073 959 3141 potest.
981 3081 1039 3126 nec
1053 3081 1173 3137 recuso,

198 3166 260 3226 quo
284 3151 384 3211 minus
403 3150 523 3227 singula
542 3150 694 3223 membra,
717 3150 882 3212 dummodo
904 3150 934 3209 in
955 3150 1024 3224 ipso
1042 3146 1174 3222 homine,

197 3235 393 3295 consideres:
424 3250 486 3294 non
507 3241 554 3294 est
575 3235 725 3308 formosa,
756 3232 843 3294 cuius
867 3249 939 3294 crus
960 3233 1102 3294 laudatur
1125 3238 1176 3292 aut

197 3317 369 3392 brachium,
396 3317 453 3379 sed
473 3318 537 3392 illa,
562 3318 650 3379 cuius
669 3317 815 3378 universa
834 3317 929 3377 iacies
945 3314 1175 3376 admirationem

168 3400 333 3474 apartibus
355 3401 484 3477 singulis
505 3401 637 3462 abstulit.
673 3400 705 3462 Si
726 3407 826 3460 tamen
850 3398 1006 3475 exegeris,
1035 3407 1175 3461 nontam

196 3484 336 3544 mendice
351 3491 450 3545 tecum
465 3501 567 3560 agam,
585 3486 639 3546 sed
655 3487 745 3561 plena
756 3502 849 3545 manu
860 3484 926 3545 fleta
949 3481 1059 3559 ingens
1069 3496 1173 3543 eorum
