2468 3930
178 278 242 345 370
466 281 500 339 L.
522 276 669 339 ANNAEl
692 274 867 337 SENECAE

133 435 246 499 bonate
266 438 321 492 est.
353 428 502 492 rationale
522 438 622 492 auten]
644 446 705 491 non
722 436 784 491 est=
808 444 882 505 ergo
897 444 955 490 nec
967 430 1092 491 animat.
1127 429 1161 494 Si

178 518 274 577 virtus
293 515 404 574 animal
425 523 485 588 est,
507 516 603 575 virtus
624 521 725 575 autem
747 515 864 593 [bonum
883 521 940 586 est,
960 531 1044 576 omne
1063 522 1162 578 ouum

178 601 274 670 aliud]
290 597 402 660 bonum
418 615 480 659 non
497 606 558 672 est,
582 598 798 659 omnebonum
814 598 926 657 animal
940 605 997 658 est.
1030 598 1092 659 hoe
1106 616 1161 661 no-

179 684 233 745 stri
244 684 383 742 latentur.
398 682 516 744 Patrem
529 698 653 742 servare
663 681 777 743 bonum
788 688 845 756 est,
856 688 888 742 et
899 682 1080 743 sententiam
1089 700 1161 760 pru·

179 769 285 827 denter
302 765 332 826 in
345 774 454 827 senatu
470 767 572 827 dicere
586 768 698 827 bonum
714 773 774 838 est,
791 774 821 825 et
834 766 914 825 iuste
926 766 1096 827 decernere
1106 766 1161 829 bo·

179 866 252 911 num
268 857 330 910 estc
353 866 427 925 ergo
443 858 473 912 et
488 858 605 926 patrem
620 865 746 910 servare
759 849 871 910 animal
886 856 934 909 est
947 855 979 910 et
993 851 1161 925 prudenter

179 933 360 995 sententiam
373 934 476 995 dicere
488 933 598 994 animal
615 942 675 994 est:
692 950 730 994 eo
741 948 840 1008 usque
851 949 901 994 res
914 936 1001 1008 exiet,
1017 942 1051 996 ut
1064 935 1161 996 risum

178 1028 284 1080 tenere
299 1034 361 1079 non
379 1019 499 1092 possis:
514 1019 680 1093 prudenter
695 1026 799 1079 tacere
812 1015 928 1079 bonum
942 1025 998 1078 est
1028 1034 1161 1079 coenare

136 1102 258 1162 albene
269 1102 383 1162 bonum
399 1109 459 1162 est:
477 1103 519 1162 ita
534 1109 563 1161 et
577 1108 679 1162 tacere
694 1110 724 1162 et
740 1116 872 1162 coenare
885 1099 997 1161 animal
1012 1109 1071 1163 est.
1094 1103 1161 1178 Ego

179 1187 370 1246 mehercules
391 1185 511 1246 titillare
533 1202 593 1244 non
618 1186 755 1246 desinam
776 1191 806 1244 et
827 1185 917 1244 ludos
938 1183 1010 1243 mibi
1032 1200 1072 1244 ex
1094 1186 1161 1247 istis

180 1269 342 1330 subtilibus
358 1269 479 1344 ineptiis
495 1270 605 1329 lacere.
630 1269 746 1330 lustitia
760 1275 791 1330 et
805 1268 960 1342 fortitudo,
976 1269 1003 1328 si
1017 1270 1160 1332 animalia

180 1361 266 1427 sunt,
283 1360 364 1413 certe
378 1352 535 1414 terrestria
550 1360 629 1413 sunt.
664 1368 755 1412 omne
774 1352 886 1411 animal
905 1359 1052 1413 terrestre
1069 1355 1160 1429 alget,

181 1437 285 1509 esurit,
302 1438 378 1497 sitit:
398 1451 471 1510 ergo
489 1436 602 1497 iustitia
616 1436 703 1511 alget,
721 1436 865 1496 fortitudo
880 1436 984 1509 esurit,
1000 1438 1161 1498 clementia

138 1521 250 1581 22sitit.
286 1519 364 1594 Quid
380 1527 495 1596 porrot
520 1537 582 1582 non
604 1518 799 1594 interrogabo
813 1519 899 1592 illos,
922 1535 1014 1595 quam
1029 1521 1161 1596 figuram

180 1604 313 1664 habeant
327 1603 387 1664 ista
401 1603 563 1664 animalia?
583 1603 723 1677 hominis,
737 1620 776 1664 an
792 1603 878 1679 equi,
894 1617 934 1662 an
948 1603 1054 1664 leraet
1068 1603 1097 1664 si
1110 1622 1160 1666 ro·

183 1688 307 1747 tundam
326 1687 386 1746 illis
408 1689 529 1760 qualem
544 1687 603 1746 deo
622 1688 775 1762 dederint,
799 1702 959 1762 quaeram,
980 1703 1018 1747 arr
1040 1694 1072 1749 et
1087 1703 1160 1750 eva·

180 1770 249 1830 ritia
271 1777 300 1829 et
320 1771 441 1829 luxuria
461 1777 491 1828 et
511 1771 663 1831 dementia
682 1787 783 1846 aeque
807 1770 957 1832 rotundae
981 1771 1064 1831 sinti
1087 1781 1160 1834 sunt

182 1855 262 1913 enim
277 1860 307 1912 et
319 1853 407 1928 ipsae
422 1852 572 1912 animalia.
602 1853 629 1914 si
644 1854 700 1914 has
717 1871 842 1930 quoque
858 1855 1160 1930 conrotundaverint,

183 1936 355 1997 etiamnunc
367 1936 570 2011 interrogabo,
586 1953 624 1996 an
641 1938 779 2013 prudens
792 1938 955 2000 ambulatio
969 1938 1081 1998 animal
1097 1938 1162 2000 siti

183 2035 314 2080 necesse
339 2028 387 2081 est
414 2021 624 2082 confiteantur.
659 2022 772 2082 deinde
798 2023 899 2084 dicant
920 2019 1160 2083 ambulationem

139 2105 292 2167 raanimal
318 2121 389 2166 esse
411 2112 440 2166 et
461 2105 583 2181 quidem
604 2106 777 2167 rotundum.
811 2107 856 2166 Ne
879 2114 968 2182 putes
988 2113 1090 2167 autem
1110 2123 1161 2167 me

182 2188 313 2265 primum
334 2205 374 2249 ex
394 2189 508 2251 nostris
528 2206 590 2250 non
611 2206 651 2250 ex
665 2189 855 2266 praescripto
870 2190 970 2266 loqui,
995 2191 1054 2252 sed
1071 2206 1160 2252 meae

183 2273 351 2335 sententiae
365 2289 451 2335 esse:
468 2274 545 2334 inter
561 2273 726 2334 Cleanthen
741 2282 772 2335 et
784 2274 968 2350 discipulum
983 2275 1050 2334 eius
1063 2274 1159 2353 Chry-

182 2359 306 2433 sippum
319 2375 382 2419 non
400 2359 557 2433 convenit,
574 2358 646 2434 quid
660 2359 700 2419 sit
713 2359 887 2419 ambulatio.
922 2357 969 2402 **
994 2357 1159 2420 cleanthes

183 2441 224 2502 eit
238 2442 377 2518 spiritum
393 2458 464 2503 esse
481 2441 674 2518 aprineipoli
688 2457 789 2518 usque
804 2444 833 2502 in
851 2442 946 2518 pedes
961 2442 1158 2518 permissum,

183 2525 376 2603 Chrysippus
396 2527 497 2601 ipsum
522 2526 701 2602 principale.
737 2526 817 2599 Quid
837 2533 884 2587 est
904 2541 993 2601 ergo,
1020 2542 1075 2587 eur
1096 2541 1160 2586 non

183 2610 281 2683 ipsius
297 2608 463 2687 Chrysippi
477 2611 618 2684 exemplo
634 2609 692 2670 sibi
707 2610 839 2685 quisque
859 2624 894 2669 se
910 2610 1043 2671 vindicet
1057 2619 1088 2672 et
1101 2611 1160 2670 ista

183 2699 227 2752 tot
241 2693 397 2765 animalia,
419 2700 495 2767 quot
509 2693 641 2753 mundus
656 2695 726 2768 ipse
740 2711 800 2755 non
817 2701 919 2768 potest
933 2709 1060 2769 capere,
1077 2695 1158 2753 deri·

140 2775 273 2835 redeat?
288 2775 373 2848 „Non
387 2783 465 2850 sunt,
480 2776 585 2851 inquit,
601 2777 728 2838 virtutes
740 2778 834 2838 multa
847 2778 997 2852 animalia,
1012 2784 1159 2838 ettamen

182 2857 323 2918 animalia
342 2867 422 2920 sunt.
452 2876 522 2919 nam
545 2861 801 2934 quemadmodum
822 2859 933 2938 aliquis
952 2868 983 2921 et
1001 2869 1096 2936 poeta
1112 2868 1161 2921 est

182 2948 212 3002 et
227 2950 342 3016 orator,
358 2949 503 3005 ettamen
518 2961 613 3020 unus,
630 2946 674 3005 sio
687 2946 814 3007 virtutes
829 2947 906 3006 istae
922 2945 1063 3006 animalia
1078 2954 1159 3018 sunt,

183 3028 239 3088 sed
251 3030 345 3088 multa
359 3045 420 3090 non
435 3034 514 3089 sunt.
538 3030 618 3090 idem
630 3037 678 3090 est
692 3029 810 3091 animus
823 3037 853 3089 et
866 3030 964 3090 iustus
980 3038 1010 3091 et
1022 3029 1159 3105 prudens

183 3119 212 3172 et
226 3113 329 3186 tortis,
353 3114 393 3174 ad
413 3112 549 3189 singulas
565 3113 692 3174 virtutes
714 3113 941 3189 quodammodo
957 3129 993 3174 se
1007 3113 1160 3175 habeus.“

141 3195 309 3258 resublata
324 3203 371 3258 est
386 3199 541 3275 quaestio,
556 3197 698 3259 convenit
711 3199 811 3260 nobis.
837 3214 907 3258 nam
924 3204 954 3257 et
965 3213 1023 3272 ego
1039 3197 1160 3258 interim

185 3281 283 3342 lateor
297 3283 430 3342 animum
446 3280 555 3342 animal
569 3297 650 3357 esse,
666 3277 775 3357 postea
789 3283 920 3356 visurus,
937 3298 1028 3357 quam
1045 3281 1086 3341 de
1100 3280 1160 3343 ista

182 3380 217 3424 re
239 3366 418 3426 sententiam
439 3367 548 3426 leram:
574 3367 709 3426 actiones
730 3365 797 3426 eius
818 3366 959 3427 animalia
978 3380 1052 3426 esse
1066 3381 1159 3440 nego.

183 3445 319 3524 alioquin
334 3456 364 3510 et
378 3449 479 3510 omnia
493 3448 590 3511 verba
604 3457 693 3512 erunt
707 3449 849 3512 animalia
863 3456 894 3510 et
909 3464 1017 3511 onmes
1034 3464 1158 3510 versus.

178 3544 252 3592 nam
272 3531 301 3594 si
320 3533 583 3611 prudens-senno
603 3533 718 3596 bonurn
738 3542 800 3610 est,
820 3535 936 3598 bonum
950 3540 1051 3596 autem
1065 3548 1159 3596 omne
