2468 3930
465 251 697 308 FRAGMENTA.
1013 240 1075 308 437

99 410 160 481 ipse
171 409 370 479 prospexerat:
387 419 452 458 nam
465 403 519 458 nisi
531 394 545 483 Η
560 419 605 458 me
617 402 720 473 decipit
729 403 834 473 pietas,
851 401 929 456 cuius
940 398 1075 455 honestus

99 492 181 547 etiam
200 504 277 545 error
295 496 353 557 est,
372 489 444 542 inter
461 505 511 543 eos
523 485 687 556 haberetur,
710 486 756 555 qui
773 484 886 556 ingenio
905 489 1075 550 meruerunt,

100 582 127 630 ut
146 573 224 647 puris
250 574 415 645 scriptoram
438 571 521 626 titulis
543 570 651 625 nobiles
675 574 779 627 essent.
814 567 944 639 Quisquis
961 568 1077 639 legisset
1087 568 1122 624 99

99 661 159 714 eius
175 657 306 713 historias
320 657 355 711 ab
376 655 451 710 initio
473 654 610 710 bellorum
631 652 768 722 civilium,
790 652 865 707 unde
884 652 1005 724 primum
1025 669 1076 708 ve-

99 744 165 798 ritas
187 746 261 796 retro
284 740 364 810 abiit,
384 754 477 811 paene
498 753 589 808 usque
611 734 649 791 ad
670 736 765 790 mortis
783 751 852 791 suae
870 735 959 805 diem,
982 735 1076 807 magni

100 826 258 881 aestimaret
277 824 365 894 scire,
387 823 487 894 quibus
508 826 589 876 natus
612 825 688 874 esset
709 819 869 890 parentibus
889 819 949 890 ille,
966 820 1076 889 quires

99 900 258 988 Romanam
272 904 313 975 *).

446 1001 519 1056 XVI.
540 996 752 1056 ORATIONES.

161 1119 238 1180 Cato
249 1116 400 1187 Diem,
416 1134 441 1174 c.
457 1122 500 1174 10.
524 1104 934 1212 OZeviuag-quavvt'dpg
950 1130 1074 1208 κατηγο·
1088 1122 1138 1175 100

98 1203 160 1279 ρῶν
171 1191 475 1298 τυραννοδιδάσκαλος
485 1194 642 1296 ἐγίνετο-
662 1189 730 1266 τούς
745 1216 776 1255 τε
787 1187 1000 1265 κολακεύοντάς
1009 1215 1076 1253 τινα

100 1277 266 1363 διαβάλλων
277 1271 365 1354 αυτὸς
387 1275 464 1342 οὕτω
483 1272 581 1358 τὴνΜ
602 1281 758 1340 coactivum
774 1275 825 1338 aori
841 1268 909 1349 τοὺς
924 1275 1074 1338 Κλαυδίου

98 1410 280 1423 -—-—-

150 1467 179 1533 *J
193 1468 234 1516 Ad
247 1466 367 1516 historias
381 1465 413 1514 Μ.
425 1465 524 1514 Annaei
532 1461 644 1514 Senecae
657 1465 789 1516 referenda
800 1467 920 1517 ridentur
934 1464 1076 1530 fragmenta

99 1537 177 1597 haec,
191 1550 257 1600 quae
270 1533 351 1584 solent
363 1533 442 1582 Lucio
455 1533 545 1583 tribui:

150 1605 273 1654 Lactant.
287 1603 376 1652 inetitt.
388 1601 431 1654 tib.
447 1601 518 1663 VII,
531 1616 554 1656 c.
571 1602 617 1661 15,
632 1603 673 1653 14.
703 1602 758 1654 Non
769 1602 858 1652 inscite
872 1600 968 1652 Seneca
983 1603 1075 1652 Roma·

100 1689 146 1723 nae
158 1673 228 1723 urbis
240 1680 355 1736 tempora
368 1671 495 1721 distribuit
505 1671 532 1720 in
545 1678 653 1721 aetates:
666 1673 775 1737 primam
787 1671 855 1720 enim
868 1671 931 1720 dixit
943 1670 1075 1720 infantiam

99 1744 146 1792 sub
159 1757 220 1808 rege
232 1739 340 1790 Romulo
354 1738 449 1799 fuisse,
464 1755 479 1789 a
492 1755 542 1803 quo
558 1747 582 1789 et
594 1742 682 1805 genita
693 1748 719 1791 et
730 1740 805 1804 quasi
818 1740 924 1790 educate
939 1740 971 1788 sit
983 1739 1074 1794 Rome.

100 1811 190 1860 deinde
201 1811 335 1875 pueritiam
348 1809 396 1860 sub
410 1810 498 1860 ceteris
514 1809 634 1875 regibus,
654 1825 670 1859 e
683 1812 775 1874 quibus
788 1816 813 1859 et
829 1816 903 1859 aucta
914 1809 948 1858 ait
960 1816 984 1858 et
997 1809 1075 1859 disci-

99 1880 176 1944 plinis
184 1878 297 1944 pluribus
305 1879 476 1941 institutisque
486 1878 602 1930 formata.
616 1889 641 1929 at
652 1895 711 1930 vero
719 1879 857 1943 Tarquinio
868 1884 989 1943 regnante
998 1893 1076 1941 quum

99 1950 150 1998 iam
169 1949 242 2011 quasi
255 1947 341 1998 adulta
355 1963 411 1997 esse
424 1949 562 2013 coepisset,
582 1949 712 1999 servitium
725 1963 775 1998 non
788 1947 876 1996 tulisse
890 1954 914 1997 et
927 1947 1019 1997 reiecto
1033 1962 1075 1996 su·

99 2018 192 2081 perbae
208 2017 386 2066 dominationis
404 2017 466 2080 iugo
484 2016 604 2066 maluisse
620 2016 719 2082 legibus
733 2018 905 2080 obtemperare
919 2030 994 2078 quam
1008 2015 1076 2081 regi-

99 2087 155 2135 bus
171 2099 299 2146 quumque
309 2093 377 2133 esset
390 2083 558 2134 adolescentia
570 2085 626 2134 eius
636 2085 685 2134 tine
693 2086 781 2136 Punici
793 2083 852 2134 belli
862 2084 1009 2148 terminate
1023 2091 1076 2133 tum

99 2153 208 2213 denique
221 2151 373 2201 confirmetis
392 2152 487 2201 viribus
500 2153 615 2217 coepisse
628 2156 799 2204 iuvenescere.
821 2151 922 2201 subluto
934 2153 1002 2201 cuim
1016 2150 1075 2201 Gar-

100 2221 217 2285 thagine‚
236 2234 301 2283 quae
320 2220 364 2269 diu
381 2219 498 2269 aemule
492 2221 592 2285 imperit
583 2219 664 2281 init,
682 2235 773 2270 manus
786 2234 846 2269 suas
858 2219 885 2268 in
896 2227 976 2269 toturn
990 2220 1076 2269 orbem

99 2297 167 2338 terra
181 2288 294 2350 marique
312 2289 437 2368 porrexit:
459 2287 539 2337 donec
550 2288 654 2353 regibus
666 2289 762 2338 cunctis
774 2297 799 2338 et
814 2283 975 2338 nationibus
969 2288 1075 2369 imperio

100 2358 244 2423 subiugatis
262 2371 340 2420 quum
358 2356 409 2404 iam
428 2355 552 2407 bellorum
563 2356 668 2406 materia
681 2356 812 2416 deficeret,
830 2356 927 2405 viribus
942 2356 996 2404 suis
1009 2354 1075 2406 male

100 2435 224 2484 uteretur,
244 2425 335 2489 quibus
354 2438 382 2474 se
398 2425 456 2489 ipse
471 2425 587 2476 confecit.
619 2423 686 2475 Haec
704 2425 751 2476 init
771 2425 855 2491 prima
872 2424 927 2473 eins
947 2432 1074 2485 senectus,

100 2511 156 2544 cum
179 2494 252 2546 bellis
274 2494 384 2544 lacerata
399 2493 516 2544 civilibus
533 2500 609 2557 atque
627 2495 747 2544 intestino
759 2493 828 2543 malo
840 2506 930 2558 pressa
941 2507 1029 2542 rursus
1042 2493 1076 2543 ed

99 2566 213 2630 regimen
219 2564 391 2645 singularis
384 2563 485 2628 rmperii
502 2563 593 2614 recidit
606 2564 679 2625 quusi
695 2564 729 2614 ad
740 2563 845 2614 alteram
858 2561 991 2611 infantiam
1003 2576 1075 2610 revo-

99 2630 159 2682 luta.
175 2634 270 2683 amissa
283 2629 350 2682 enim
365 2631 495 2692 libertate,
508 2647 585 2696 quam
599 2631 676 2682 Bruto
691 2634 754 2684 duce
767 2642 792 2682 et
804 2640 906 2681 auctore
920 2630 1075 2687 defenderat,

100 2700 135 2748 ita
148 2702 292 2760 consenuit,
310 2710 438 2783 tamquam
451 2709 593 2751 sustentare
605 2716 633 2750 se
645 2701 703 2766 ipsa
715 2717 765 2752 non
778 2699 889 2759 valeret,
907 2700 957 2749 nisi
970 2698 1076 2749 admini-

102 2767 156 2817 culo
169 2771 311 2834 regentium
323 2770 454 2825 niteretur.

150 2835 253 2886 Saeton
271 2836 356 2887 Tuber.
373 2853 396 2888 c.
412 2837 456 2893 73.
489 2837 655 2889 Senecaeum
669 2837 822 2904 (Tiberium)
837 2838 933 2899 scribit,
950 2836 1076 2886 intellecta

100 2903 243 2954 deiectione
255 2913 399 2969 exemptum
413 2902 540 2958 annulum
547 2909 621 2970 qnasi
638 2907 714 2958 alicui
726 2907 876 2956 traditurum
890 2919 1027 2972 parumper
1039 2913 1076 2954 te·

100 2974 200 3032 nuisse,
222 2973 280 3022 dein
299 2987 385 3022 rursus
407 2984 507 3040 aptasse
527 2977 608 3042 digito
631 2986 656 3026 et
673 2989 818 3056 compressa
836 2976 938 3024 sinistra
950 2987 1027 3022 manu
1040 2973 1077 3022 ia-

99 3041 182 3090 cuisse
202 3041 245 3090 diu
267 3040 436 3108 immobilem,
458 3045 592 3107 subitoque
609 3045 706 3094 vocatis
727 3043 851 3092 ministris
869 3057 899 3091 ac
917 3042 1017 3092 nemine
1038 3055 1077 3089 re-

99 3110 239 3173 spondente
264 3112 454 3160 consurrexisse
474 3126 521 3162 nec
543 3111 631 3176 procul
650 3127 665 3161 a
683 3110 775 3160 lectulo
794 3109 966 3160 deficientibus
980 3108 1077 3158 viribus

99 3179 250 3229 concidisse.

150 3247 189 3296 Ex
208 3248 322 3297 eiusdem
341 3247 376 3302 Μ,
393 3247 504 3298 Senecae
517 3247 649 3297 rhetoricis
661 3247 732 3296 tibris
745 3247 825 3311 petita
838 3246 955 3296 videntur
969 3243 1046 3295 haec:

151 3315 252 3377 Quintil.
271 3318 361 3368 instita
379 3316 442 3377 IX,
459 3315 541 3378 2,.98
576 3316 704 3378 Frequens
721 3313 784 3365 illud
801 3321 903 3364 estnec
923 3326 1077 3395 magnopere

99 3385 265 3464 captandum,
281 3387 350 3449 quod
363 3387 486 3452 petitura
501 3384 711 3435 iureiurando—
714 3398 800 3434 .nam
813 3390 837 3433 et
852 3383 879 3432 in
890 3390 973 3434 totum
984 3383 1076 3443 iurare,

99 3452 149 3500 nisi
164 3455 208 3503 nbi
221 3469 325 3504 necesse
341 3463 392 3515 est,
406 3455 478 3520 gravi
492 3455 545 3504 viro
557 3467 646 3520 parum
661 3453 793 3513 convenit,
814 3460 838 3501 et
851 3460 889 3503 est
901 3468 917 3503 a
930 3450 1027 3503 Seneca
1039 3449 1078 3501 di-

100 3527 167 3570 etum
179 3521 320 3588 eleganter,
334 3539 384 3574 non
397 3533 559 3588 patronorum
571 3521 621 3573 hoc
633 3536 690 3572 esse
702 3521 748 3572 sed
760 3521 874 3572 testium.
