2468 3930
285 245 455 309 EPISTUL.
468 245 561 308 MOR.
583 246 657 308 ΗΒ.
671 247 708 308 Χ.
729 247 786 306 ΕΡ.
800 255 827 310 3.
842 253 914 323 (79.)
1024 249 1087 315 203

107 399 275 478 occupavit
287 405 372 460 sorte
388 398 547 458 nascendi.
569 413 689 457 sursum
705 395 790 458 illum
801 406 915 459 vocant
925 399 1009 460 initia
1020 416 1086 461 sua.

107 484 167 548 erit
183 491 284 545 autem
301 483 362 543 illic
384 483 473 544 otiam
490 488 654 557 antequam
668 481 727 542 hac
744 483 884 543 custodia
899 486 1086 560 exsolvatur,

108 585 180 631 cum
198 568 272 628 vitia
288 566 442 629 disiecerit
457 581 616 642 purusque
630 583 667 626 ac
682 566 759 627 levis
774 567 804 626 iu
820 566 1023 642 cogitationes
1040 567 1084 630 di-

107 652 199 714 vinas
217 649 384 712 emicuerit.
407 650 475 711 Hoc
489 666 547 710 nos
562 665 662 725 agere,
677 650 775 710 Lucili
791 650 964 728 carissime,
984 654 1015 713 111
1027 653 1129 713 110113

107 735 153 797 ire
174 735 281 811 inpetu
301 741 384 808 toto,
414 732 486 794 licet
507 735 596 810 pauci
625 733 739 808 sciarrt,
761 735 832 795 licet
859 751 964 809 nemo,
992 737 1085 798 iuvat.

108 817 650 882 Gloriaumbravirtutisest=
666 818 954 879 etiaminvitam
970 821 1087 880 comi-

107 904 265 965 labitur.
287 903 344 962 sed
356 903 614 978 quemadmodum
625 902 733 963 umbra
742 903 909 979 aliquando
924 905 1086 977 antecedit,

107 987 275 1064 aliquando
291 987 444 1063 [sequitur
457 989 517 1060 vel]
534 1004 552 1047 a
566 993 652 1062 tergo
668 994 730 1059 cst,
753 986 795 1046 ita
809 987 907 1061 gloria
921 988 1087 1062 aliquando

108 1079 179 1133 ante
190 1087 248 1132 nos
260 1078 308 1131 cst
319 1070 541 1146 visendamque
553 1087 588 1130 se
599 1070 741 1146 praebet,
754 1070 922 1145 aliquando
933 1073 962 1131 in
976 1087 1087 1131 averso

108 1163 157 1216 est
171 1155 330 1230 maiorque
347 1171 408 1231 quo
429 1153 542 1228 serior,
563 1154 615 1215 ubi
630 1153 744 1215 invidia
758 1155 898 1216 secessit.
936 1155 1087 1229 Quamdiu
1094 1161 1130 1215 14

106 1238 270 1300 videbatur
283 1241 384 1299 lurere
398 1238 606 1301 Democritus!
627 1239 680 1299 vix
694 1239 811 1314 recepit
822 1238 982 1301 Socratem
997 1241 1086 1300 lama.

107 1323 254 1400 quamdiu
270 1323 414 1384 Catonem
427 1324 534 1383 civitas
549 1324 715 1398 ignoravit!
732 1324 850 1400 respuit
860 1339 918 1383 nec
930 1324 1085 1398 intellexit

106 1407 167 1468 uisi
193 1422 262 1468 oum
288 1407 428 1483 perdidit.
463 1408 566 1469 Rutilii
587 1407 762 1468 innocentia
788 1424 825 1468 ac
852 1409 948 1469 virtus
969 1409 1086 1481 lateret,

107 1491 166 1551 nisi
180 1492 355 1567 accepisset
369 1489 524 1552 iniuriam=
541 1492 613 1552 dum
627 1492 772 1566 violatur,
788 1491 911 1553 effulsit.
938 1493 1086 1569 numquid

106 1591 169 1636 nou
194 1575 271 1637 sorti
292 1591 368 1636 suae
388 1577 501 1651 gratias
523 1577 584 1651 egit
604 1583 634 1636 et
652 1576 776 1637 exilium
801 1593 889 1638 suum
914 1580 1085 1653 conplexus

106 1665 175 1719 esti
202 1660 248 1720 De
261 1659 310 1719 his
324 1662 448 1736 loquor,
465 1676 545 1735 quos
560 1661 722 1721 illustravit
736 1662 873 1736 fortuna,
890 1663 962 1722 dum
978 1669 1085 1723 vexat:

107 1759 201 1819 quam
214 1744 377 1807 multorum
388 1745 546 1819 proiectus
558 1743 590 1805 in
602 1745 738 1807 notitiam
751 1761 879 1807 evasere
893 1755 964 1824 post
976 1748 1087 1823 ipsosa

106 1843 200 1902 quam
214 1829 324 1890 multos
340 1829 420 1888 lama
436 1845 499 1890 non
514 1830 650 1905 excepit,
667 1830 724 1890 sed
740 1829 838 1890 cruitt
860 1832 958 1892 Vides
972 1831 1127 1907 Epicu-15

104 1927 173 1973 rum
188 1919 302 1987 quanto
315 1929 410 1989 opere
425 1929 488 1974 non
503 1919 620 1974 tuntum
634 1914 833 1989 eruditiores,
849 1918 904 1976 sed
917 1916 995 1976 haec
1007 1933 1084 1992 quo-

105 2011 167 2072 que
181 1995 382 2072 inperitorum
396 1998 486 2058 turba
501 1999 641 2059 miretur:
657 1998 707 2058 hic
722 2001 846 2075 ignotus
861 1999 939 2075 ipsis
955 1999 1085 2061 Athenis

104 2079 176 2154 ruit,
201 2080 283 2142 circa
305 2097 384 2158 quas
408 2082 577 2143 delituerat.
608 2084 709 2144 multis
725 2085 829 2159 ltaque
844 2084 905 2144 iam
918 2085 1006 2145 annis
1021 2085 1084 2144 Me-

103 2163 231 2228 trodoro
245 2181 303 2227 suo
316 2174 476 2242 superstes
487 2165 519 2226 in
531 2167 664 2242 quadam
676 2168 821 2242 epistula,
841 2183 909 2228 cum
924 2169 1084 2230 amicitiam

104 2259 193 2309 suam
207 2255 238 2309 et
249 2249 415 2312 Metrodori
432 2259 519 2326 grata
533 2252 822 2311 commemoratione
839 2252 1010 2327 cecinisset,
1025 2253 1085 2311 hoc

104 2331 275 2394 novissime
297 2335 422 2395 adiecit:
448 2335 542 2411 „nihil
569 2335 627 2395 sibi
654 2342 684 2396 et
705 2335 882 2396 Metrodoro
904 2335 983 2396 inter
1002 2337 1084 2396 bona

103 2423 188 2478 unta
202 2419 364 2492 nocuisse,
381 2420 466 2494 quod
481 2421 570 2495 ipsos
587 2419 638 2478 illa
652 2419 764 2480 nobilis
778 2419 906 2480 Graecia
923 2419 1083 2493 1101113110-

102 2507 152 2562 tos
173 2503 275 2562 solum
295 2502 471 2578 habuisset,
505 2505 562 2564 scd
584 2519 683 2579 paene
702 2504 889 2565 inauditos.“
928 2503 1084 2578 Numquid
1092 2501 1126 2557 16

102 2599 177 2660 ergo
193 2601 255 2646 uon
273 2593 487 2663 posteaquam
505 2604 576 2649 esse
592 2587 741 2661 desierat,
758 2588 901 2648 inventus
913 2595 982 2649 est?
998 2603 1083 2646 num-

103 2668 178 2746 quid
199 2686 261 2731 non
284 2670 389 2746 opinio
410 2671 477 2733 eius
499 2673 626 2733 enituit?
665 2673 733 2732 Hoc
747 2672 941 2734 Metrodorus
958 2687 1084 2748 quoque

101 2753 132 2812 in
149 2755 284 2829 quadam
300 2756 431 2831 epistula
447 2758 623 2831 confitetur,
638 2772 694 2831 „se
709 2764 739 2816 et
751 2756 916 2833 Epicurum
929 2774 990 2819 non
1008 2757 1083 2818 satis

101 2837 278 2900 enitutisse=
295 2840 350 2900 scd
367 2847 438 2914 post
449 2855 484 2901 se
499 2848 528 2901 et
541 2840 707 2916 Epicurum
723 2857 866 2917 magnum
882 2850 1083 2918 paratumque

99 2937 215 2982 nomen
230 2922 389 2984 habituros
403 2925 487 2999 apud
500 2939 571 2999 eos,
588 2927 640 3000 qui
656 2925 827 2988 voluissent
841 2942 898 3002 per
912 2927 1020 2987 eadem
1037 2925 1083 2986 irc

100 3003 263 3081 vesdglaf‘
300 3006 389 3067 Nulla
408 3008 504 3070 virtus
528 3011 614 3082 latet,
637 3017 668 3070 et
688 3010 816 3071 latuisse
827 3026 889 3071 non
913 3010 1013 3085 ipsius
1036 3016 1123 3074 estll

100 3088 262 3150 damnum=
292 3090 409 3166 veniet,
437 3094 490 3167 qui
506 3093 659 3154 conditam
675 3101 705 3154 et
720 3094 817 3154 seculi
833 3095 881 3155 sul
897 3094 1081 3168 malignitate

101 3188 306 3248 conpressam
327 3175 394 3236 dies
411 3175 552 3252 publicet.
592 3178 700 3252 paucis
716 3186 884 3250 natusest,
909 3177 960 3252 qui
982 3192 1081 3251 popu-

99 3254 163 3316 lum
180 3255 290 3319 aetatis
308 3273 384 3319 suae
397 3261 523 3335 eogitau
540 3262 633 3321 multa
644 3277 792 3321 annorum
804 3261 899 3333 milia,
920 3260 1014 3320 multa
1026 3275 1082 3334 po·

101 3340 244 3413 palorum
259 3344 493 3418 supervenient:
513 3345 554 3405 ad
569 3345 620 3404 illa
634 3345 765 3418 respice.
805 3343 923 3404 etiamsi
939 3343 1081 3404 omnibus

100 3428 201 3485 tecum
219 3424 391 3487 viventibus
408 3428 561 3489 silentium
581 3429 661 3489 livor
677 3428 833 3502 indixerit,
860 3425 1000 3500 venient,
1029 3426 1082 3502 qui

100 3503 170 3568 sine
193 3508 329 3581 oflensa,
358 3510 539 3586 sineqratia
559 3511 704 3574 iudicant.
742 3512 869 3589 siquod
886 3511 1079 3588 estprctium
