2468 3930
242 189 413 253 eristun.
426 191 521 253 ΜΘΗ.
541 192 615 253 LlB.
627 193 707 253 xvi.
727 192 786 253 ΕΡ.
798 201 825 256 5.
846 202 936 270 (lob.)
1019 195 1085 262 ⁸2⁷

103 349 212 405 recte
232 349 288 404 est.
331 342 429 403 Adice
444 358 534 416 nunc,
553 343 638 417 quod
652 342 692 403 de
706 343 921 418 conpositione
934 361 995 407 non
1009 361 1084 409 non·

104 432 178 488 stat:
196 425 322 502 qnidam
335 426 416 485 illam
431 428 538 486 volunt
551 441 624 487 esse
637 442 677 487 ex
691 426 816 489 horrido
831 437 994 506 comptem.
1017 430 1083 506 qut·

104 510 174 571 dam
185 525 285 586 usque
296 526 334 571 eo
346 524 457 584 aspera
468 511 610 584 gandent,
621 517 656 571 ut
665 511 755 571 etiam
767 527 847 587 quae
857 511 978 574 mollius
990 529 1083 577 casus

103 593 264 670 explicuit,
288 609 327 653 ex
347 592 496 654 industria
510 594 662 670 dissipent
679 601 710 654 et
724 596 877 656 clausulas
893 597 1083 676 abrumpant,

103 692 144 738 ne
157 677 199 738 ed
212 684 423 753 exspectatum
438 678 655 753 respondeant.
698 677 780 752 Lege
795 680 988 742 Ciceronemc
1010 682 1112 744 con-l

102 760 218 839 positio
239 760 304 821 eius
324 777 386 821 nna
406 768 467 835 est,
491 761 601 836 pedem
620 768 720 822 servat
738 763 821 823 lenta
834 772 865 824 et
877 765 945 825 sine
960 766 1085 828 infamia

103 845 214 905 mollis.
236 851 268 904 at
280 843 543 906 cancerationis
555 843 654 905 Asinii
670 845 830 906 salebrosa
846 854 879 908 et
893 849 1039 912 exsiliens
1054 858 1085 912 et

101 929 155 991 obt
169 927 292 988 minime
307 935 485 1003 exspectes,
504 929 655 989 relictura.
675 928 809 1004 denique
825 931 926 991 omnia
940 934 1023 1008 apud
1038 934 1083 995 Ci-

103 1027 248 1074 oeronem
269 1011 426 1085 desinunt,
446 1012 530 1087 apud
543 1012 710 1073 Pollionem
726 1014 840 1074 cadunt
855 1016 992 1091 exceptis
1008 1034 1082 1092 pau·

101 1095 251 1169 distintis,
272 1111 351 1171 quae
372 1096 412 1156 ad
430 1105 545 1156 certum
561 1097 687 1157 modum
708 1104 739 1156 ει
759 1098 798 1157 ad
819 1113 911 1159 uuum
926 1102 1084 1176 exemplar

101 1179 249 1241 adstricta
264 1186 343 1240 sunt.
386 1180 551 1240 Humilia
572 1188 777 1255 praeterea
796 1180 868 1242 tibi
889 1181 1015 1243 videri
1031 1184 1112 1245 die

100 1263 161 1326 cis
187 1263 314 1324 omnia
336 1270 373 1324 et
397 1279 527 1339 parum
552 1272 697 1325 erecta=
725 1281 798 1339 quo
822 1264 922 1328 vitio
949 1282 1083 1329 carere

100 1362 185 1409 eum
204 1348 348 1409 iudico.
375 1364 436 1409 non
451 1356 523 1408 sunt
537 1349 618 1409 enim
631 1347 756 1409 humilia
769 1349 829 1424 illa,
847 1349 903 1410 sed
918 1350 1040 1426 placida
1054 1358 1085 1414 et

100 1433 142 1493 ed
162 1431 255 1492 animi
275 1438 413 1494 tenorem
432 1431 566 1509 quietum
588 1433 844 1510 conpositumque
869 1434 999 1495 formata
1026 1451 1084 1496 nec

101 1515 263 1593 depressa,
276 1516 332 1576 scd
345 1516 446 1592 plana.
463 1517 551 1577 deest
560 1515 620 1578 illis
635 1516 786 1578 oratorius
799 1519 888 1593 vigor
898 1517 1082 1595 stimulique,

102 1616 183 1676 quos
201 1599 334 1676 quaeris,
350 1609 380 1662 et
394 1599 486 1662 subiti
499 1599 579 1662 ictus
590 1601 818 1662 sententiarum.
840 1603 896 1663 sed
908 1609 1004 1664 totum
1015 1619 1083 1664 eor-

102 1700 162 1761 pus
186 1683 318 1745 videris=
355 1688 491 1761 quamm's
514 1689 716 1762 incomptum,
745 1686 908 1747 honestum
933 1693 990 1748 est.
1021 1704 1084 1753 non

102 1766 196 1831 habet
210 1769 306 1831 oratio
322 1767 405 1844 eius,
426 1770 483 1830 sed
501 1770 589 1832 decet
601 1770 788 1846 dignitatem.
814 1771 952 1846 Adler,
975 1777 1113 1848 quem9

101 1851 274 1914 Fabiano
301 1855 437 1929 possis
468 1870 724 1930 praeponere.
766 1855 815 1915 dic
844 1854 1083 1931 Ciceronem,

102 1935 190 1998 cuius
211 1935 281 1997 libri
301 1937 339 1996 ad
367 1937 593 2013 philosophiam
619 1939 806 2014 pertinentes
832 1955 931 2015 paene
957 1940 1083 2001 totidem

103 2026 190 2092 sunt,
210 2029 286 2097 quot
305 2020 446 2081 Fabianh
469 2022 586 2096 cedam,
603 2024 736 2084 sednon
753 2023 851 2083 statim
866 2023 1011 2098 pusillum
1027 2031 1082 2098 est,

102 2103 130 2167 si
146 2104 219 2180 qnid
233 2105 365 2167 maximo
388 2105 488 2165 minus
503 2112 560 2165 est.
590 2106 639 2166 dic
659 2106 834 2167 Asinium
854 2105 1082 2169 Pollionem=

102 2187 210 2250 cedam
237 2195 267 2249 et
286 2189 546 2263 respondeamus:
571 2189 603 2247 in
622 2205 657 2249 re
677 2196 760 2250 tanta
783 2189 917 2249 eminere
943 2198 991 2251 est
1012 2197 1085 2266 post

102 2272 184 2333 duos
205 2287 286 2333 esse.
313 2274 436 2333 nomina
457 2271 558 2333 adhuc
573 2272 606 2331 l.
621 2270 779 2333 Livium.
808 2272 931 2347 scripsit
950 2274 1030 2334 enim
1054 2281 1084 2335 et

103 2354 253 2432 dialogos,
263 2374 342 2433 quos
354 2373 415 2416 non
427 2357 523 2431 magis
536 2354 752 2432 philosophiae
764 2356 966 2416 adnumerare
979 2358 1083 2432 possis

103 2455 196 2516 quam
210 2440 370 2513 historiae,
394 2448 424 2502 et
445 2457 483 2500 ex
499 2440 642 2518 professo
657 2439 885 2516 philosophiam
900 2440 1083 2502 continentis

100 2524 213 2585 libros=
234 2523 306 2586 huic
321 2539 444 2601 quoque
460 2523 539 2584 dabo
553 2523 670 2585 locum=
694 2524 764 2587 vide
777 2531 887 2600 tamen,
901 2539 993 2599 quam
1008 2526 1083 2586 mul·

100 2614 151 2668 tos
166 2608 340 2682 antecedat,
358 2610 410 2682 qui
425 2625 444 2668 a
457 2608 553 2668 tribus
568 2606 698 2668 vincitur
714 2615 745 2668 et
758 2608 854 2668 tribus
870 2608 1084 2683 eloquentissi-

100 2691 172 2752 mis.
215 2690 289 2752 Sed
305 2709 376 2753 non
395 2699 572 2768 praestat
586 2692 725 2752 omnia:
747 2709 808 2753 non
824 2692 972 2754 estiortis
987 2693 1128 2758 oratiolo

100 2774 184 2848 eius,
210 2777 349 2851 quamvis
375 2778 454 2836 elata
477 2778 525 2837 sit.
556 2793 618 2837 non
643 2783 691 2838 est
716 2777 847 2838 violenta
871 2792 929 2837 nec
952 2784 1084 2851 torrens,

102 2859 244 2934 quamvis
262 2860 361 2922 effusa
377 2859 425 2921 sit.
448 2877 510 2922 non
525 2867 573 2921 εει
587 2859 761 2936 perspicua,
775 2861 833 2923 sed
848 2877 934 2937 pura.
976 2859 1083 2936 „Desi-

100 2942 210 3016 deres,
225 2942 343 3020 inquis,
359 2952 465 3006 contra
477 2943 550 3005 vitia
563 2942 679 3019 aliquid
693 2961 803 3021 aspere
818 2945 893 3018 dici,
910 2953 1016 3007 contra
1030 2960 1083 3021 pe-

100 3024 199 3087 rinula
213 3026 362 3102 animose,
377 3034 484 3090 contra
497 3030 649 3088 fortunam
662 3029 806 3105 superbe,
821 3035 928 3088 contra
944 3026 1082 3089 ambitio·

100 3124 173 3171 nem
198 3112 429 3174 contumeliose.
459 3112 531 3173 volo
555 3112 706 3174 luxuriam
731 3112 900 3186 obiurgari,
927 3110 1083 3171 libidinem

99 3193 236 3270 traduci,
251 3194 451 3271 inpotentiam
465 3196 572 3271 frangi.
596 3195 635 3255 sit
650 3193 766 3271 aliquid
781 3195 913 3256 oratorie
929 3209 1009 3266 acre,
1024 3201 1083 3255 tra-

100 3276 173 3353 gice
186 3279 318 3354 pande,
341 3278 458 3342 comice
471 3280 581 3341 exile.“
623 3279 680 3338 Vis
697 3279 780 3339 illum
795 3277 939 3339 adsidere
953 3277 1084 3352 pusillae

100 3359 164 3436 rel,
183 3362 309 3424 verbist
334 3365 386 3424 ille
398 3379 499 3426 rerum
519 3377 554 3423 se
568 3361 768 3438 magnitudini
782 3360 914 3423 addixit:
936 3361 1083 3437 eloquen-

101 3443 177 3507 tiam
191 3447 275 3509 velut
289 3447 427 3510 umbram
443 3463 505 3509 non
518 3448 578 3509 hoc
594 3462 690 3520 agens
704 3445 803 3506 trahit
831 3444 900 3508 Non
915 3451 1005 3508 erunt
1017 3445 1123 3508 sinen
