2468 3930
276 219 443 280 EPISTUL.
458 219 552 281 MOR.
574 221 647 281 LIB.
659 222 697 281 V.
719 220 813 283 EP...9.
835 225 907 296 (49.)
1018 222 1078 287 101

101 375 245 450 adparet,
269 373 335 434 sive
350 371 423 447 quia
437 371 594 433 admoveri
608 373 705 433 lineas
720 372 835 448 sentio,
858 374 925 435 sive
941 373 1013 449 quia
1027 377 1080 436 ad-

99 459 228 520 tendere
254 457 343 531 coepi
369 462 400 516 et
424 464 589 531 conputare
610 457 753 517 damnum
773 473 883 518 meum.
919 458 964 519 Eo
982 459 1109 534 magist

100 541 205 617 itaque
230 540 415 614 indignor
439 540 595 615 aliquos
619 556 665 599 cx
690 540 762 600 hoc
787 548 972 616 tempore,
996 543 1080 616 quod

102 625 246 687 sulficere
263 640 302 684 ne
317 623 357 684 ad
372 623 549 683 necessarie
564 622 686 698 quidem
704 631 820 698 potest,
843 625 962 685 etiamsi
977 631 1079 687 custo·

102 708 195 768 ditum
210 708 442 782 diligentissime
456 706 559 781 luerit,
583 707 618 765 in
639 723 882 781 supervacue
897 709 1079 769 maiorem

101 799 249 867 partem
265 805 439 865 erogare.
473 790 570 864 Negat
584 790 704 864 Cicero,
726 792 752 851 si
770 792 941 866 duplicetur
955 791 1013 852 sibi
1029 809 1079 852 ae·

100 882 163 949 tas,
186 875 356 934 habiturum
372 889 407 934 se
422 881 559 948 tempus,
584 889 645 948 quo
660 874 742 948 legat
755 875 888 952 lyricus:
911 877 1021 937 eodem
1035 877 1078 937 lo-

101 974 138 1020 co
154 963 253 1035 [pem]
269 957 522 1016 dialecticos:
550 957 665 1017 tristius
682 958 776 1031 inepti
792 966 872 1019 sunt.
900 960 941 1018 illi
954 976 995 1019 cx
1009 976 1079 1035 pro-

101 1043 187 1103 fesso
207 1039 385 1112 lasciviunt,
408 1039 439 1098 hi
460 1055 551 1114 agere
566 1041 655 1115 ipsos
671 1040 785 1114 aliquid
799 1043 993 1102 existimant..
1016 1043 1107 1107 Nece

100 1141 160 1201 ego
180 1139 260 1199 nego
282 1120 500 1198 prospicienda
520 1124 592 1196 ista,
615 1125 672 1184 sed
688 1123 907 1198 prospicienda
921 1130 1036 1185 tantum
1049 1133 1080 1186 ct

100 1226 120 1270 a
139 1209 243 1268 limine
264 1207 425 1266 salutanda
444 1204 476 1266 in
497 1206 556 1266 hoc
576 1223 684 1281 unum,
705 1222 745 1266 ne
759 1207 853 1268 verba
867 1206 955 1269 nobis
971 1208 1080 1269 dentur

99 1299 132 1352 et
151 1291 267 1365 aliquid
286 1291 317 1349 in
337 1290 397 1350 illis
420 1305 492 1351 esse
514 1291 615 1364 magni
634 1306 670 1350 ac
688 1289 798 1351 secreti
812 1290 884 1351 boni
899 1290 1079 1352 iudicemus.

101 1374 180 1450 Quid
195 1381 225 1434 te
239 1381 366 1449 torques
382 1380 413 1432 et
426 1387 564 1434 maceras
579 1374 608 1433 in
624 1389 662 1434 ea
678 1373 874 1449 quaestione,
899 1390 991 1450 quarn
1007 1376 1078 1436 sub-

99 1458 183 1520 tilius
204 1464 253 1518 est
271 1457 497 1531 contempsisse
520 1473 612 1531 quam
633 1457 776 1518 solveret
807 1457 908 1518 securi
930 1464 978 1518 est
994 1465 1080 1519 etex

100 1543 264 1602 commodo
280 1540 436 1614 migrantis
452 1540 567 1600 minuta
578 1541 776 1616 conquirere=
799 1558 866 1602 cum
877 1542 976 1602 hostis
988 1542 1081 1604 instat

101 1633 217 1699 atergo
233 1630 263 1685 et
276 1640 400 1684 movere
415 1639 450 1683 se
462 1623 568 1683 iussus
584 1632 632 1686 est
645 1623 746 1697 miles,
768 1626 938 1686 necessitas
956 1624 1078 1701 excutit,

101 1708 250 1783 quicquid
265 1724 327 1784 pax
341 1707 442 1767 otiosa
452 1707 624 1783 collegerat.
658 1708 726 1769 Non
737 1714 826 1768 vacat
836 1709 906 1769 milri
919 1710 1013 1769 verba
1024 1710 1107 1780 dun

100 1791 152 1853 bie
168 1791 308 1852 cadentia
323 1790 494 1851 consectari
509 1797 539 1851 et
551 1789 701 1851 vafritiam
714 1790 815 1852 inillis
827 1807 926 1852 meam
937 1793 1079 1869 experiri.

186 1874 315 1951 Adspice
328 1878 380 1950 qai
391 1879 497 1935 coeam
503 1878 625 1950 populi,
647 1891 724 1951 quae
735 1879 851 1937 moenia
863 1879 955 1938 clusis

186 1960 313 2019 Ferrum
327 1965 440 2020 acuant
447 1962 554 2032 portis.

100 2041 212 2116 Magno
233 2042 305 2101 mihi
326 2042 426 2102 animo
441 2043 585 2117 strepitus
602 2041 659 2101 iste
673 2040 744 2102 belli
760 2043 1012 2105 circumsonantis
1027 2059 1079 2103 ex-

101 2125 274 2186 audiendus
296 2133 352 2185 est.
385 2125 511 2186 demens
532 2124 673 2186 omnibus
694 2124 800 2188 merito
817 2125 947 2201 viderer,
971 2128 997 2188 si
1011 2136 1109 2192 cume

101 2225 181 2270 saxa
201 2209 232 2269 in
252 2209 469 2270 munimentum
483 2225 638 2271 murorum
654 2224 744 2270 senes
760 2211 953 2287 feminaeque
967 2227 1080 2287 conge-

98 2300 218 2365 rerent,
241 2308 310 2353 cum
323 2293 464 2354 iuventus
479 2292 558 2354 intra
570 2299 674 2368 portas
687 2299 802 2353 armata
813 2295 934 2368 signum
946 2295 1080 2370 eruptio·

99 2376 150 2436 nis
171 2383 366 2451 exspectaret
386 2383 437 2436 aut
458 2383 617 2451 posceret,
638 2391 706 2435 cum
726 2376 848 2437 hostilia
862 2378 893 2437 in
908 2377 1004 2452 portis
1020 2378 1081 2436 tela

99 2458 256 2520 vibrarent
269 2467 299 2521 et
318 2460 420 2535 ipsum
435 2461 534 2522 solum
549 2459 798 2521 subfossionibus
813 2466 844 2521 et
857 2461 1006 2520 cuniculis
1021 2466 1080 2519 tre·

98 2549 212 2617 meret,
233 2544 373 2604 sederem
396 2541 514 2605 otiosus
535 2551 566 2603 et
586 2541 737 2605 eiusmodi
755 2545 1003 2619 quaestiunculas
1025 2559 1080 2618 po·

98 2642 196 2687 nense
218 2628 323 2701 „quod
343 2643 405 2687 non
426 2626 601 2704 perdidisti,
626 2627 732 2688 habes.
761 2644 876 2690 cornua
895 2634 996 2689 autem
1017 2644 1079 2688 non

99 2709 277 2786 perdidistis
308 2726 424 2771 cornua
448 2727 522 2787 ergo
546 2711 675 2773 habes.“
704 2712 826 2788 aliaque
847 2714 886 2772 ad
906 2714 1080 2788 exemplum

98 2794 193 2855 huius
214 2801 321 2855 acutae
340 2794 528 2857 delirationis
550 2794 738 2856 concinnata.
778 2798 873 2871 Atqui
895 2812 993 2873 aeque
1010 2797 1108 2864 liceto

100 2876 230 2939 demens
248 2878 302 2939 tibi
320 2878 439 2953 videar,
468 2880 495 2941 si
515 2879 581 2940 istis
602 2878 770 2955 inpendero
793 2896 934 2956 operam=
955 2887 985 2941 et
997 2895 1079 2940 nunc

99 2960 257 3024 obsideor.
288 2969 360 3023 tuno
380 2968 480 3023 tamen
502 2964 670 3039 periculum
687 2965 759 3024 milri
775 2965 906 3025 obsesso
923 2970 1080 3024 externum

99 3045 276 3118 inmineret,
304 3061 410 3107 murus
435 3062 484 3106 me
508 3047 547 3106 ab
568 3047 658 3109 hoste
681 3056 870 3108 secerneretr
899 3062 980 3107 nuno
999 3062 1078 3105 mor·

99 3129 190 3191 tilera
209 3145 329 3191 mecum
349 3136 429 3190 sunt.
464 3130 530 3191 Non
551 3146 629 3191 vaco
650 3132 690 3190 ad
710 3132 785 3192 istas
800 3129 947 3206 ineptias:
970 3130 1079 3202 ingens

100 3213 255 3289 negotium
271 3214 302 3274 in
317 3213 458 3274 manibus
473 3221 529 3275 est.
552 3215 626 3289 quid
641 3222 750 3289 agam?
772 3230 855 3274 mors
872 3229 920 3271 me
930 3211 1078 3286 sequitur,

100 3296 177 3374 fugit
189 3296 266 3359 vitaz
289 3298 441 3358 adversus
455 3297 532 3358 haec
544 3313 594 3357 me
609 3297 687 3358 doce
703 3297 828 3371 aliquid.
850 3296 954 3368 effice,
973 3302 1007 3355 ut
1021 3310 1080 3370 ego
1087 3303 1123 3358 10

100 3387 228 3443 mortem
247 3397 308 3442 non
325 3381 454 3456 fugiam,
477 3381 538 3441 vita
552 3397 601 3441 me
615 3397 675 3440 non
691 3380 825 3455 effugiat.
847 3380 1010 3440 exhortare
1025 3379 1078 3440 ad·

100 3480 210 3528 versus
221 3463 375 3541 diflicilia,
392 3465 444 3538 [de
458 3464 703 3541 aequanimitate]
719 3465 869 3524 adversus
884 3463 1078 3524 inevitabilia.
