2468 3930
131 270 195 334 384
388 280 394 287 '
424 272 458 330 L.
480 270 627 330 ANNAEl
649 267 824 331 SENECAE

133 430 189 484 εει.
214 423 395 497 sapientiam
410 423 524 483 bonum
537 437 609 482 esse
623 422 744 483 dicunt=
767 419 914 497 sequitur,
936 429 970 483 ut
984 438 1112 484 necesse

103 508 172 569 dsit
186 507 267 566 illam
288 508 481 581 corporalem
503 521 627 581 quoque
641 504 753 566 dIcere.
797 507 838 566 Αι
853 521 965 580 sapere
980 523 1044 568 non
1060 524 1111 583 pu·

132 596 196 651 tant
207 590 345 650 eiusdem
358 588 549 650 condicionis
562 605 643 649 esse.
661 590 855 664 incorporale
866 596 915 650 est
925 597 957 650 et
968 591 1112 652 accidens

132 674 232 745 alteri,
257 674 290 733 id
311 682 359 735 est
378 671 562 749 sapientiam
590 674 694 748 itaque
714 689 771 733 nec
787 673 858 733 iacit
873 673 1038 749 quicquum
1058 689 1113 734 nec

132 757 270 833 prodest.
313 755 413 832 „Quid
433 764 528 832 ergo?
554 756 666 832 inquit,
688 773 749 817 non
771 756 916 831 dicimus,
937 756 1053 818 bonum
1068 766 1113 818 est

133 847 265 915 saperet
286 841 415 901 dicimus
430 842 598 901 relerentes
618 840 718 915 adid,
734 856 775 901 ex
790 857 851 915 qun
867 840 990 916 pendet,
1011 841 1111 916 idest,

103 923 172 985 tad
185 925 286 1001 ipsam
300 925 510 1001 sapientiam.“
543 925 748 985 Adversus
764 924 835 983 hos
854 924 947 999 quid
961 924 1007 984 ab
1022 924 1111 984 aliis

131 1009 436 1084 respondeatur,
458 1008 563 1081 audi,
586 1014 748 1083 antequam
763 1023 821 1082 ego
837 1006 951 1083 incipio
967 1008 1112 1069 secedere

132 1099 163 1153 et
176 1093 206 1152 in
221 1093 280 1152 alia
294 1099 381 1166 parte
393 1091 563 1152 considere.
586 1093 668 1167 „Isto
680 1092 782 1164 modo,
794 1090 943 1166 inquiunt,
956 1106 1016 1151 nee
1026 1090 1112 1152 beate

132 1175 236 1237 vivere
251 1175 366 1236 bonum
382 1181 460 1236 est.“
486 1175 577 1235 velint
591 1176 696 1249 nolint,
712 1175 964 1250 respondendum
980 1182 1029 1236 est
1042 1174 1111 1234 bea·

132 1267 193 1320 tarn
216 1260 307 1320 vitam
326 1260 441 1319 bonum
465 1274 550 1331 esse,
577 1260 666 1319 beate
688 1260 793 1319 vivere
811 1258 926 1319 bonum
947 1275 1011 1320 non
1032 1273 1111 1319 esse.

105 1352 121 1406 5
132 1343 310 1404 Etiamnunc
320 1342 435 1404 nostris
446 1343 520 1403 illud
533 1359 657 1417 quoque
668 1343 847 1418 obponitum
859 1342 981 1417 „Vultis
993 1357 1111 1417 sapere.

134 1443 207 1502 ergo
226 1429 398 1502 expetenda
411 1443 462 1486 res
478 1432 525 1486 est
540 1441 660 1501 sapere.
684 1427 710 1486 si
725 1426 899 1501 expetenda
913 1441 964 1488 res
980 1433 1044 1501 est,
1059 1425 1111 1485 bo·

133 1527 206 1571 num
221 1516 298 1570 est.“
343 1512 497 1585 Coguntur
516 1510 613 1570 nostri
629 1511 723 1570 verba
737 1517 882 1585 torquere
896 1515 928 1570 et
941 1526 1035 1570 unam
1050 1511 1107 1588 syl·

134 1594 233 1653 labam
249 1595 422 1669 expetendo
438 1595 645 1668 interponere,
672 1610 763 1668 quarn
784 1609 886 1654 sermo
900 1601 1008 1654 noster
1020 1592 1111 1655 inseri

133 1693 195 1736 non
211 1677 290 1738 sinit.
314 1694 371 1753 ego
386 1677 476 1751 illam,
493 1677 518 1736 si
535 1676 666 1752 pateris,
681 1678 854 1752 adiungam.
898 1677 1111 1753 „Expeten-

129 1760 219 1820 'dum
234 1768 290 1834 εει,
307 1760 454 1836 inquiunt,
469 1760 551 1835 quod
563 1761 677 1821 bonum
694 1769 755 1822 est:
778 1759 1013 1835 expetibile,
1030 1760 1111 1837 quod

136 1843 224 1904 nobis
241 1842 396 1918 contingit,
412 1859 481 1903 curn
494 1845 609 1904 bonum
620 1845 777 1907 consecuti
787 1861 904 1906 sumus.
926 1861 987 1906 non
1000 1845 1112 1919 petitur

106 1933 288 2002 titumquam
307 1926 435 1999 bonum,
458 1928 514 1987 sed
536 1927 629 2003 petito
651 1928 733 1990 bono
748 1928 897 1990 accedit.“
937 1927 1015 2002 Ego
1037 1945 1111 1989 non

133 2012 232 2071 idem
247 2012 376 2072 sentio
392 2019 423 2073 et
438 2017 562 2073 nostros
578 2013 678 2074 iudico
697 2014 727 2073 in
740 2013 800 2073 hoc
814 2011 1020 2086 descendere,
1039 2013 1112 2088 quia

133 2095 193 2156 iam
212 2096 310 2170 primo
334 2096 454 2158 vinculo
471 2102 610 2158 tenentur
624 2104 655 2157 et
668 2104 784 2158 mutare
798 2095 858 2156 illis
874 2096 1035 2158 formulam
1050 2113 1109 2157 non

133 2181 212 2241 licet.
255 2180 383 2241 Multum
403 2182 477 2241 dare
497 2182 632 2242 solemus
648 2178 890 2257 praesumptioni
905 2178 1041 2241 omnium
1057 2179 1109 2240 ho-

133 2262 247 2326 minum
273 2273 302 2325 et
326 2267 410 2341 apud
434 2282 493 2326 nos
518 2264 652 2326 veritatis
681 2271 891 2340 argumentum
920 2270 968 2324 εει
996 2263 1108 2341 aliquid

134 2351 274 2410 omnibus
296 2351 407 2410 videri:
428 2358 582 2425 tamquam
603 2350 679 2410 deos
701 2365 774 2410 esse
788 2348 865 2410 inter
879 2348 940 2408 aliu
953 2348 1015 2409 hoe
1029 2348 1109 2409 colli-

133 2434 247 2509 gimus,
276 2435 358 2508 quod
380 2433 520 2494 omnibus
540 2432 630 2494 insita
653 2434 692 2492 de
715 2434 762 2493 dis
784 2433 886 2508 opinio
909 2439 959 2493 εει
978 2447 1037 2492 nec
1051 2432 1110 2493 ulla

133 2533 210 2591 gens
226 2533 357 2592 usquam
373 2525 420 2577 est
434 2518 512 2578 adeo
528 2525 614 2577 extra
629 2517 713 2592 leges
730 2532 894 2590 moresque
911 2516 1064 2591 proiecta,
1079 2521 1110 2575 ut

134 2618 195 2661 non
220 2602 340 2675 aliquos
369 2603 445 2661 deos
473 2602 585 2660 credat.
619 2616 687 2660 curn
713 2601 879 2660 animarum
904 2600 1109 2661 aeternitatem

134 2683 329 2757 disserimus,
345 2701 406 2744 non
425 2687 492 2743 leve
505 2692 688 2745 momentum
705 2685 787 2760 apud
801 2701 858 2746 nos
873 2682 967 2745 habet
980 2699 1108 2745 consen·

134 2782 188 2824 sus
212 2766 367 2826 hominum
389 2775 441 2827 aut
459 2768 626 2828 timentium
646 2769 761 2829 inferos
776 2775 828 2829 aut
842 2767 1021 2828 colentium:
1043 2775 1110 2828 utor

133 2847 191 2909 hac
207 2850 329 2925 publica
346 2851 561 2925 persuasione=
582 2851 732 2912 neminem
747 2852 893 2924 invenies,
910 2849 964 2927 qui
978 2868 1040 2912 non
1056 2868 1109 2926 pu·

105 2941 176 2994 ιιει
191 2942 221 2994 ει
242 2933 422 3009 sapientiam
442 2936 556 2996 bonum
571 2944 602 2996 ει
614 2951 726 3011 sapere
740 2937 863 2998 bonurn.
906 2934 973 2994 Non
990 2935 1108 3007 luciam,

135 3019 218 3094 quod
235 3018 305 3079 victi
320 3020 432 3092 solent,
457 3027 490 3080 ut
509 3035 675 3096 provocem
697 3021 736 3080 ad
751 3021 914 3095 populum:
936 3019 1052 3079 nostris
1067 3019 1107 3077 in·

134 3102 281 3178 cipiamus
306 3103 398 3164 armis
423 3103 598 3179 confligere.
643 3104 861 3177 Quodaccidit
884 3100 1109 3178 alienaturum

133 3196 219 3248 extra
233 3189 280 3261 id,
307 3189 354 3248 cui
368 3188 493 3261 accidit,
517 3194 579 3261 est,
593 3203 631 3247 an
647 3189 677 3247 in
693 3203 747 3261 eo,
765 3186 814 3248 cui
828 3184 962 3248 acciditt
984 3186 1056 3246 siin
1071 3202 1108 3246 eo

133 3280 193 3345 est,
217 3272 265 3332 cui
280 3271 404 3345 accidit,
425 3280 485 3333 tarn
501 3287 615 3347 corpus
637 3280 685 3333 est
700 3288 790 3347 quam
805 3271 893 3345 illud,
918 3268 969 3330 eui
990 3267 1108 3331 accidit

133 3355 205 3415 nihil
220 3355 300 3416 enim
315 3356 456 3416 accidere
472 3355 539 3416 sine
553 3363 634 3417 tactu
645 3363 764 3431 potest:
784 3355 867 3432 quod
878 3355 982 3429 tangit,
995 3370 1108 3430 corpus

132 3446 189 3499 εει.
233 3437 266 3498 Si
280 3448 366 3500 extra
381 3448 441 3513 est,
458 3448 659 3516 posteaquam
673 3440 842 3513 acciderat,
863 3439 1002 3499 recessit.
1025 3436 1108 3514 quod

176 3521 275 3598 ussit,
296 3531 410 3584 motum
423 3522 523 3583 hahet.
553 3524 637 3599 quod
652 3530 766 3584 motum
787 3524 893 3600 habet,
914 3538 1031 3599 corpus
1052 3529 1107 3585 est.
