2468 3930
198 243 259 307 122
482 241 515 301 L.
535 241 680 301 ANNAEI
706 240 881 302 SENECAE

198 396 227 455 in
244 393 365 469 species
386 390 554 468 secabitur,
576 400 610 452 ut
627 391 780 453 dicamus=
804 392 908 469 quod
921 400 981 453 est
995 397 1047 452 aut
1060 406 1176 469 corpo-

158 479 305 554 1aporale
326 485 374 538 est
393 484 444 537 aut
459 476 663 551 incorporale.
691 475 758 536 Hoc
773 493 846 551 ergo
864 482 913 536 est
925 491 1024 550 genus
1043 475 1177 550 primum

199 569 230 622 et
244 559 488 636 antiquissimum
505 567 549 634 et,
571 568 605 621 ut
618 560 661 620 ita
675 559 790 635 dicam,
812 561 965 634 generale.
1004 567 1108 620 cetera
1122 576 1176 635 ge·

199 660 275 706 nera
290 644 413 719 quidem
428 649 513 716 sunt,
529 643 585 703 sed
601 641 762 718 specialia:
777 652 932 718 tamquam
947 641 1176 718 homo'genus

201 735 257 788 est.
288 727 380 788 habet
401 729 480 787 enim
501 728 531 786 in
553 742 589 786 se
609 727 764 787 nationum
780 727 920 801 species:
943 727 1097 805 Graecos,
1113 728 1176 789 Ro·

201 826 324 884 manos,
346 810 485 871 Parthos.
509 810 662 870 colorum:
684 810 785 883 altrea,
802 811 924 884 nigros,
938 808 1049 871 flavos.
1084 810 1178 871 habet

202 894 355 968 stagnus:
396 894 555 968 catonem,
590 893 782 966 Ciceronem,
815 893 996 954 Lucretium.
1046 889 1175 969 imque]

204 995 265 1051 oua
279 977 372 1038 multa
388 976 536 1050 continet,
558 977 588 1037 in
609 992 706 1051 genus
721 976 810 1037 cadit.
840 993 903 1053 qua
919 975 977 1037 sub
991 976 1052 1037 alio
1067 984 1129 1050 est,
1145 975 1176 1036 in

204 1060 353 1136 speciem:
376 1061 451 1122 illud
471 1077 570 1136 genus
587 1060 690 1135 quod
703 1068 764 1120 est
777 1062 929 1135 generale,
944 1076 1040 1136 supra
1054 1075 1089 1120 se
1102 1058 1177 1119 nihil

161 1145 302 1211 laliabet.
338 1145 455 1206 initiurn
474 1161 575 1205 rerum
596 1149 652 1205 est.
689 1143 790 1203 omnia
811 1144 869 1204 sub
889 1144 941 1205 illo
966 1150 1046 1204 sunt.
1082 1143 1178 1204 Stoici

202 1231 309 1290 volunt
330 1243 542 1304 superponere
565 1227 637 1287 huic
662 1227 833 1288 etiamnunc
854 1227 936 1287 aliud
960 1242 1058 1302 genus
1079 1224 1177 1302 magis

203 1311 387 1388 principales
409 1311 526 1386 dequo
547 1311 647 1371 statim
670 1311 784 1383 dicam,
808 1310 835 1371 si
859 1310 945 1385 prius
970 1310 1047 1370 illud
1070 1325 1176 1385 genua,

204 1396 243 1456 de
260 1411 321 1471 quo
336 1395 457 1454 locutus
477 1410 560 1468 sum,
582 1393 688 1453 merito
705 1394 837 1468 primurn
848 1395 923 1468 poni
937 1394 1091 1468 docuero,
1107 1409 1177 1454 cum

162 1477 244 1542 lesit
267 1493 369 1537 rerum
394 1475 528 1538 omnium
552 1492 660 1551 capax.
698 1476 804 1549 Quod
829 1476 943 1537 estin
968 1477 1025 1538 has
1055 1477 1177 1552 species

204 1561 323 1634 divido,
340 1567 375 1620 ut
394 1561 454 1620 sint
468 1560 641 1635 corporalia
654 1568 706 1621 aut
719 1560 934 1635 incorporalia.
970 1560 1043 1620 nihil
1058 1557 1176 1620 tertium

205 1651 260 1704 est.
283 1659 425 1719 corpus
448 1645 604 1718 quomodo
623 1644 749 1703 dividot
768 1651 801 1704 ut
815 1644 929 1704 dicam=
951 1650 1003 1704 aul
1016 1644 1179 1703 animantia

174 1746 177 1753 ·
205 1735 277 1788 sunt
302 1733 355 1787 aut
378 1726 521 1788 inanima.
555 1744 664 1788 rursus
690 1728 901 1788 animantia
919 1727 1178 1803 quemadmodum

205 1810 332 1871 dividot
359 1819 391 1871 ut
411 1811 528 1872 dicam=
551 1811 702 1887 quaedam
723 1813 855 1871 aninum
875 1811 1002 1883 habent,
1026 1811 1179 1886 quaedam

205 1901 319 1955 tantum
336 1894 475 1955 animam.
499 1903 551 1956 aut
562 1897 622 1956 sic:
639 1895 790 1970 quaedam
805 1896 940 1970 inpetum
953 1895 1081 1969 habent,
1096 1891 1178 1953 ince

206 1979 293 2052 dunt,
313 1985 486 2052 transeunt,
510 1980 660 2054 quaedam
681 1981 749 2040 solo
771 1978 875 2038 adfixa
887 1978 1043 2038 radicibus
1058 1978 1180 2038 aluntur

207 2062 246 2139 [et
256 2069 419 2136 crescuntJ.
440 2078 547 2123 rursus
560 2062 741 2124 animalia
752 2063 781 2122 in
794 2078 872 2135 quas
883 2061 1005 2137 species
1016 2067 1113 2121 seco?
1128 2066 1180 2121 aut

165 2160 198 2214 15
206 2148 346 2206 mortalia
361 2154 432 2207 sunt
447 2154 499 2208 aut
509 2145 690 2208 inmortalia.
724 2145 855 2206 Primum
870 2161 968 2220 genus
983 2144 1096 2206 Stoicis
1113 2143 1178 2219 qui-

206 2230 336 2291 busdam
362 2229 482 2292 videtur
507 2232 614 2306 quid:
645 2245 740 2305 quare
762 2228 918 2304 videatur,
938 2227 1102 2289 subiciam:
1129 2227 1180 2301 „in

206 2330 323 2387 rerum,
346 2314 501 2389 inquiunt,
528 2322 637 2376 notura
657 2313 810 2389 quaedam
832 2311 1097 2388 suntsgquaedam
1117 2327 1179 2372 non

207 2405 286 2458 sunl.
310 2398 430 2459 ethaeo
444 2405 560 2472 autem,
584 2413 664 2474 quae
681 2414 743 2458 non
759 2403 844 2469 sunt,
866 2412 967 2456 rerum
982 2403 1091 2457 natura
1105 2410 1179 2455 con-

208 2480 363 2556 plectitur,
391 2497 472 2557 quae
500 2482 600 2543 animo
623 2488 820 2553 succurrunt,
849 2488 1004 2556 tamquam
1030 2476 1179 2550 centauri,

209 2565 353 2640 Gigantes
378 2571 408 2624 et
432 2565 578 2639 quicquid
603 2564 686 2624 aliud
711 2565 790 2624 falsa
812 2564 994 2639 cogitatione
1020 2563 1181 2624 formatum

207 2647 321 2707 habere
342 2646 474 2720 aliquam
493 2647 654 2720 imaginem
677 2649 794 2722 coepit,
818 2664 959 2723 quamtus
984 2663 1045 2708 non
1070 2644 1182 2706 habeat

168 2742 200 2796 16
208 2729 439 2790 substantiam.“
478 2730 565 2790 Nunc
591 2730 629 2790 ad
654 2730 700 2805 id,
725 2731 809 2806 quod
831 2730 884 2790 tibi
909 2727 1051 2806 promisi,
1077 2743 1181 2789 rever·

208 2820 271 2886 tor,
295 2813 488 2886 quomodo
505 2823 889 2889 quaecumquesunt‚
913 2815 948 2874 in
965 2811 1182 2874 sexmodos

207 2897 316 2956 Plato
339 2897 547 2971 partiatur.
582 2897 830 2958 Primumillud
849 2900 1097 2973 quocestnec
1110 2895 1183 2955 visu

208 2995 266 3039 nec
290 2986 371 3040 tactu
397 2997 453 3040 nec
478 2983 541 3043 ullo
566 2997 661 3042 sensu
685 2980 919 3056 conprenditur=
942 2980 1105 3056 cogitabile
1124 2985 1183 3038 ast.

210 3063 294 3139 quod
319 3065 502 3138 generaliter
530 3071 591 3139 est,
624 3073 779 3140 tamquam
807 3065 900 3126 homo
925 3062 1094 3140 generalis,
1124 3061 1185 3123 sub

210 3149 316 3209 oculos
331 3163 392 3207 non
407 3147 500 3209 venit.
533 3149 590 3210 sed
608 3148 752 3222 specialis
771 3149 867 3223 venit,
887 3154 921 3209 ut
933 3149 1038 3208 Cicero
1054 3153 1085 3206 et
1098 3145 1183 3206 Cato.

103 3243 106 3247 ’
209 3231 320 3292 animal
347 3248 408 3293 non
433 3233 569 3294 videtur:
593 3233 749 3307 cogitatur.
787 3233 908 3293 videtur
934 3240 1034 3293 autem
1060 3229 1185 3305 species

169 3315 291 3389 licius,
321 3331 420 3391 equus
445 3325 475 3376 et
503 3317 597 3377 canis.
641 3315 815 3377 Secundum
844 3331 882 3375 ex
907 3315 971 3390 his,
999 3318 1185 3390 quaesunt

212 3399 297 3471 ponit
321 3398 406 3460 Plato
436 3400 538 3475 quod
571 3399 712 3459 eminet
742 3406 779 3459 et
803 3406 1023 3474 exsuperat
1048 3397 1186 3459 omnia.

209 3480 282 3542 hoc
302 3481 344 3541 ait
362 3483 720 3557 perexcellentiam
735 3497 834 3543 esse.
870 3490 905 3545 ut
921 3489 1035 3557 poeta
1050 3496 1186 3543 commu·
