2468 3930
147 235 188 296 22
423 232 455 291 L.
475 230 621 292 ANNAEI
643 229 817 291 SENECAE

144 386 247 460 [enim]
260 384 389 457 voltum,
405 382 500 442 verba
515 381 704 455 submittunt,
719 381 815 456 figunt
828 379 859 441 in
870 387 997 442 terrram
1011 380 1121 442 oculos

145 477 175 530 ct
190 468 372 542 deprimunt.
400 465 542 526 ruborem
557 465 614 525 sibi
631 466 803 540 exprimere
817 480 878 524 non
894 470 1040 540 possunt=
1063 480 1121 526 nec

145 550 324 629 prohibetur
345 549 394 609 hic
416 565 474 609 nec
495 549 664 609 adducitur.
698 548 777 607 Nihil
798 549 948 609 adversus
970 549 1048 609 hacc
1070 565 1119 611 sa-

146 634 260 712 pientia
281 632 440 710 promittit,
466 633 538 692 nihil
559 632 694 707 proficit:
728 632 776 693 sui
797 632 871 692 iuris
892 638 977 707 sunt,
1001 632 1121 694 iniussa

145 720 285 791 veniunt,
299 717 417 778 iniussa
433 716 603 776 discedunt.

115 815 133 869 8
232 804 294 862 lam
316 802 485 861 clausulam
506 801 637 875 epistula
656 797 766 874 poscit
800 801 923 875 accipe,
948 799 1119 877 etquidem

145 888 247 948 utilem
260 901 296 945 ac
307 886 486 958 salutarem,
502 900 592 958 quam
605 891 635 943 te
648 883 784 958 adligare
795 883 896 946 animo
910 886 997 946 volo:
1018 885 1120 959 „Alt-

146 967 885 1047 quisvirbonusnobiseligendusest,
908 983 1120 1043 acsemper

145 1050 1119 1127 anteoculoshabendus,utsictamquau1illospe·

145 1143 271 1198 ctante
285 1137 473 1210 vivamus,
486 1141 522 1194 et
535 1133 660 1195 omnia
673 1144 861 1210 tamquam
876 1135 946 1195 illo
962 1135 1120 1196 vidente

113 1222 363 1283 alaciamusf‘
385 1221 467 1292 Hoc,
483 1220 524 1279 mi
534 1219 645 1291 Lucili,
661 1219 814 1294 Epicurus
829 1219 995 1295 praecepit.
1016 1225 1119 1280 custo-

145 1304 325 1367 damnabis
348 1310 379 1363 et
398 1302 613 1378 paedagogum
635 1301 732 1375 dedit,
755 1317 812 1363 nec
828 1303 983 1363 inmarlto=
1009 1317 1119 1378 magna

144 1405 217 1465 pars
245 1392 440 1463 peccatorum
464 1386 593 1461 tollitur,
622 1385 649 1444 si
675 1387 849 1461 peccaturis
871 1386 959 1446 testis
987 1386 1117 1448 adsistit.

143 1473 287 1546 Aliquem
297 1469 408 1530 habeat
422 1469 554 1543 animus,
571 1484 661 1544 quem
674 1478 829 1544 vereatur,
845 1468 931 1530 cuius
942 1471 1118 1531 auctoritate

134 1554 235 1616 etiam
256 1559 409 1613 secretum
432 1569 521 1613 suuni
545 1553 681 1614 sanctius
707 1555 806 1614 iaciat.
840 1553 864 1614 0
885 1553 1005 1614 felicem
1024 1554 1117 1628 illum,

146 1638 274 1714 quinon
289 1652 439 1713 praesens
454 1642 584 1710 tantum,
608 1637 663 1696 sed
685 1638 774 1698 etiam
794 1637 945 1713 cogitatus
959 1638 1118 1698 emendati

145 1721 168 1783 0
187 1722 321 1794 felicem,
345 1721 396 1796 qui
417 1721 463 1780 sic
482 1719 616 1796 aliquem
634 1720 735 1781 vereri
756 1729 874 1796 potest,
895 1727 931 1781 ut
949 1721 990 1781 ad
1002 1737 1112 1783 memo·

141 1807 218 1866 riam
244 1820 369 1881 quoque
394 1805 461 1865 eius
481 1820 516 1864 se
538 1812 693 1879 conponat
713 1811 803 1880 atque
825 1803 959 1865 ordinet!
1000 1805 1053 1881 qui
1073 1803 1118 1866 sic

102 1889 273 1965 10aliquem
293 1888 393 1948 vereri
413 1894 530 1962 potest,
555 1889 614 1948 cito
636 1888 693 1948 erit
713 1888 877 1949 verendus.
907 1888 994 1964 Elige
1013 1887 1117 1964 itaque

142 1973 302 2034 catonem:
325 1973 351 2032 si
365 1972 415 2031 hic
428 1971 481 2032 tibi
491 1972 611 2032 videtur
619 1971 709 2032 nimis
719 1971 853 2047 rigidus,
868 1972 947 2047 elige
960 1970 1117 2033 remissio·

141 2056 184 2117 ris
199 2057 290 2116 animi
305 2057 400 2116 virum
415 2056 559 2116 Laelium.
590 2056 669 2131 elige
683 2071 767 2128 eum,
792 2057 879 2116 cuius
893 2054 946 2116 tibi
960 2055 1074 2132 placuit
1088 2061 1117 2118 et

140 2139 203 2200 vita
227 2147 258 2200 et
276 2141 373 2200 oratio
396 2145 426 2199 et
446 2137 514 2214 ipse
535 2140 667 2199 animum
693 2146 763 2200 ante
789 2140 847 2217 [se]
876 2140 978 2200 terens
998 2141 1115 2201 voltus=

140 2225 223 2284 illum
242 2222 295 2284 tibi
317 2239 438 2299 semper
458 2223 588 2283 ostende
608 2225 658 2297 vel
680 2224 841 2284 custodem
863 2224 911 2284 vel
932 2225 1116 2304 exemplum.

141 2307 226 2383 Opus
242 2314 304 2380 est,
326 2308 464 2382 inquam,
481 2308 599 2383 aliquo,
614 2307 654 2367 ad
672 2323 763 2382 quem
777 2322 879 2368 mores
894 2306 991 2368 nostri
1007 2306 1115 2382 seipsi

139 2393 276 2467 exigant:
292 2391 350 2451 nisi
366 2392 405 2451 ad
419 2393 556 2466 regulam
572 2407 667 2466 prava
680 2408 743 2452 non
758 2391 906 2465 corriges.
928 2391 1017 2452 Vale.

468 2526 689 2585 EPISTULA
710 2528 770 2585 ΧΗ.

395 2619 506 2672 Srnrca
522 2625 633 2675 Luctum
653 2635 705 2675 suo
724 2635 864 2676 susurru.

108 2744 123 2795 l
202 2724 402 2800 Quocumque
416 2742 465 2786 me
477 2727 570 2804 verti,
590 2737 768 2804 argumenta
789 2729 956 2791 senectutis
971 2742 1060 2788 meae
1073 2726 1116 2787 vi·

140 2808 209 2869 deo.
220 2809 371 2870 Veneram
384 2811 414 2870 in
423 2811 630 2873 suburbanum
641 2829 743 2873 meum
755 2820 786 2874 et
796 2813 947 2890 querebar
958 2812 998 2872 de
1010 2812 1115 2886 inpen·
1160 2872 1162 2881 ,

139 2893 183 2952 sis
198 2891 330 2954 aedificii
351 2893 521 2955 dilabentis.
549 2896 590 2957 ait
604 2895 713 2957 vilicus
734 2897 820 2957 milri=
843 2914 905 2958 non
925 2911 997 2957 esse
1012 2895 1115 2970 negle-
1160 2888 1162 2939 Ι

138 2973 258 3050 gantiae
274 2993 348 3037 suae
364 2978 476 3038 vitium.
499 2980 600 3040 omnia
614 2995 648 3039 se
663 2981 780 3056 facere,
796 2981 852 3041 sed
866 2979 968 3040 villam
981 2985 1116 3040 veterem

138 3076 219 3120 esse.
247 3059 331 3120 Haec
349 3061 420 3120 villa
435 3060 636 3123 intermunus
654 3080 739 3124 meas
755 3063 865 3125 crevit=
894 3063 968 3140 quid
981 3062 1056 3123 mihi
1069 3061 1114 3120 iu·

106 3152 237 3208 aturum
255 3150 314 3218 est,
337 3144 365 3203 si
384 3147 444 3205 iam
460 3146 559 3220 putria
577 3153 649 3206 sunt
667 3147 775 3209 aetatis
796 3163 883 3208 meac
898 3153 996 3207 saxat
1016 3146 1114 3207 Iratus

136 3228 177 3288 illi
189 3227 361 3303 proximam
373 3229 582 3290 stomachandi
595 3232 789 3292 occasionem
805 3231 934 3307 adripio.
956 3230 1114 3305 „adparet

135 3312 275 3386 inquam,
300 3311 358 3371 has
383 3312 524 3387 platanos
551 3313 685 3390 neglegi:
718 3317 817 3375 nullas
842 3315 956 3375 habent
977 3312 1114 3374 lrondcs.

137 3410 228 3468 quam
242 3394 353 3457 nodosi
369 3400 479 3456 suntet
494 3397 635 3457 retorridi
648 3399 737 3471 rami,
755 3415 847 3475 quam
859 3399 961 3459 tristes
978 3403 1008 3457 et
1021 3410 1115 3472 squa·

134 3476 187 3535 lidi
201 3476 312 3538 truncit
336 3478 396 3538 hoc
410 3494 472 3538 non
486 3479 656 3554 accideret,
675 3483 702 3542 si
717 3483 786 3558 quis
800 3483 857 3543 has
868 3480 1115 3555 circumfoderat,
