2468 3930
265 221 541 284 EPISTULMOR.
563 221 696 283 Linxi.
717 223 776 283 ΕΡ.
791 230 817 285 ³.
840 231 853 299 (
890 228 911 297 .)
1014 225 1077 288 215

86 375 149 454 oui
159 373 436 436 vitaedcdcrcturt
470 374 547 450 Sed,
562 382 595 436 ut
608 390 773 451 coeperam
789 375 908 451 dicere,
930 377 1017 438 vidcs
1031 379 1122 455 ιιι-13

87 475 162 522 aum
182 465 310 520 mortem
330 475 388 519 nec
408 462 519 521 mulum
536 474 612 520 csse
633 476 691 519 nec
707 461 842 521 >bonum=
870 460 942 521 coto
956 461 1007 521 illa
1022 463 1083 523 ho·'

94 543 271 604 mestissime
285 548 439 616 ususest,
454 543 632 618 turpissime
651 543 774 604 Brutus.
803 542 908 603 Omnis
924 560 974 605 res
992 547 1077 620 quod

94 643 157 689 non
171 625 278 688 habuit
287 628 403 700 decus,
426 626 537 688 uirtute
557 627 660 687 addita
676 627 780 702 sumit.
810 627 987 688 Cubiculum
1003 630 1076 691 luci-

95 712 168 772 dum
191 711 332 772 dicimus.
364 711 428 772 boc
446 711 530 771 :idem
551 710 806 772 obscurissimum
818 717 868 771 εει
882 721 988 773 noster
1004 714 1077 774 dies

94 794 137 856 itii
151 795 249 854 iucem
267 794 411 869 infundit,
426 811 490 856 nox
504 796 608 870 eripiu
635 796 680 855 sio
694 796 776 869 istis,
800 811 878 870 quae
893 808 913 856 'a
926 797 1016 857 nobis
1032 796 1077 857 in·
1085 800 1120 854 14

94 878 267 940 differentia
287 893 324 938 ac
345 879 447 939 media
465 879 620 951 dicuntur,
649 878 776 953 divitiis,
798 876 930 954 viribus,
951 882 1076 955 formae,

94 961 273 1038 honoribus,
288 978 384 1038 regno
397 970 428 1023 ct
440 971 546 1024 contra
558 963 656 1037 morti,
676 961 779 1035 exitio,
797 962 895 1022 malae
909 965 1076 1038 valitudini,

93 1045 411 1122 ueteribusquaeqne
426 1049 485 1107 alia
499 1055 552 1107 aut
562 1048 732 1107 miuusuut
745 1045 841 1120 magis
857 1047 1077 1122 pertimuimus,

93 1137 148 1192 aut
160 1130 274 1190 malitia
289 1137 342 1191 aut
354 1130 453 1192 virtus
468 1133 520 1191 dat
533 1130 606 1191 boni
620 1129 752 1190 velmaii
765 1144 886 1190 nomen.
903 1130 1011 1191 Massa
1021 1148 1078 1206 per

94 1229 131 1275 sc
148 1228 213 1275 nec
235 1214 335 1274 calida
351 1230 411 1276 nee
425 1214 535 1290 frigida
549 1222 611 1275 est:
633 1212 663 1273 in
680 1215 835 1275 fornacem
848 1215 990 1274 coniecta
1004 1230 1079 1276 con-

93 1298 202 1372 caluit,
228 1299 259 1357 in
274 1312 385 1374 aquam
400 1297 537 1360 demissa
550 1299 677 1358 refrixit.
702 1297 791 1359 Mors
811 1297 941 1358 honesta
956 1306 1004 1360 est
1016 1315 1078 1375 par

92 1382 184 1455 iliud,
202 1382 287 1457 quod
299 1378 464 1444 honestum
480 1391 542 1457 cst,
556 1382 649 1443 idest
664 1381 761 1443 uirtus
776 1387 806 1442 ct
819 1380 938 1442 animus
951 1388 1077 1443 externa

93 1472 304 1527 contemmens.
339 1467 395 1527 Εει
409 1466 568 1540 ethorum,
585 1465 691 1540 Lucili,
708 1481 789 1541 quae
807 1466 999 1541 adpellamus
1014 1483 1076 1528 me·
1086 1473 1121 1528 1⁶

92 1550 160 1625 dia,
181 1551 299 1625 grande
319 1550 492 1611 discrimen.
529 1550 691 1611 nonenim
717 1551 762 1610 sic
786 1566 869 1611 mors
897 1550 1075 1612 indifferens

91 1642 156 1708 cst,
174 1634 329 1709 quomodo
344 1643 442 1695 utrum
459 1634 587 1710 capillos
603 1650 694 1708 pares
709 1633 842 1694 babeas:
857 1650 959 1695 mors
975 1635 1077 1697 inter

92 1718 250 1792 illaesi,
272 1720 479 1794 quaemala
495 1718 646 1794 quidem
662 1725 995 1793 nonsunt,tamen
1010 1720 1077 1779 ha-

91 1800 185 1863 bent
203 1802 290 1860 mali
312 1802 500 1876 speciem:
522 1803 571 1863 sui
586 1818 672 1862 amor
691 1810 738 1863 cst
754 1810 785 1862 et
795 1804 993 1877 permanendi
1004 1820 1077 1864 con·

93 1885 301 1961 servandique
320 1900 356 1944 se
375 1885 466 1946 insita
487 1889 630 1947 voluntas
652 1894 745 1962 atque
764 1887 961 1962 adspernatio
977 1888 1077 1949 disso-

92 1968 234 2044 lutionis,
256 1969 328 2044 quia
341 1969 462 2030 videtur
476 1970 572 2031 muita
581 1969 675 2031 nobis
689 1971 770 2031 bona
785 1971 904 2046 eripere
920 1980 951 2032 et
964 1988 1022 2033 nos
1037 1987 1077 2031 ex

92 2053 168 2128 hac,
189 2054 238 2112 cui
257 2053 472 2127 adsuevimus,
494 2069 597 2115 rerum
612 2055 703 2128 copia
716 2056 856 2114 educere.
884 2053 1077 2131 iita'quoque

92 2151 144 2196 res
160 2137 248 2198 morti
262 2152 321 2199 nos
337 2137 463 2213 alienat,
490 2139 573 2213 quod
595 2137 672 2197 haec
687 2137 746 2197 iam
761 2137 918 2211 novimus,
942 2139 1010 2214 ille,
1035 2139 1076 2198 ad

92 2235 176 2295 quac
193 2218 347 2282 bansituri
363 2237 490 2297 sumus,
512 2217 682 2295 nescimus,
706 2222 807 2295 qualia
827 2222 903 2297 sint,
925 2229 956 2282 et
969 2222 1075 2284 horre-

92 2318 163 2366 mus
181 2305 295 2380 igncta.
328 2305 475 2367 naturalis
497 2311 656 2381 praeterea
681 2304 875 2364 tenebrarum
895 2312 995 2366 metus
1018 2312 1074 2379 εει,

92 2388 124 2448 in
141 2398 219 2465 quas
232 2388 404 2450 adductura
418 2405 502 2451 mors
518 2389 660 2449 creditur.
692 2389 801 2462 itaque
822 2385 941 2448 etiamsi
957 2387 1077 2448 indiffe-
1085 2395 1120 2451 16

91 2484 166 2533 runs
180 2479 337 2546 moreest,
352 2486 415 2534 non
432 2481 532 2535 tamen
547 2479 655 2546 eaesi,
671 2487 752 2548 quae
767 2472 854 2530 facile
869 2472 989 2546 neglegi
1004 2488 1076 2546 pos·

92 2557 147 2618 ait:
161 2557 611 2631 magna-exercitatione
628 2556 827 2616 durandus
842 2561 902 2616 est
916 2556 1075 2630 animus,

90 2647 133 2702 ut
163 2648 424 2716 conspectum
459 2641 545 2701 eius
580 2655 865 2715 accessumque
893 2640 1076 2715 patiatur.

91 2721 179 2786 Mors
198 2724 349 2785 contemni
369 2725 461 2784 debet
481 2725 577 2799 magis
599 2741 691 2800 quam
711 2725 800 2786 solet.
828 2727 921 2786 muita
942 2722 1077 2785 carimde

91 2807 145 2868 ilia
164 2808 329 2868 credimus.
356 2810 518 2869 multorum
537 2808 667 2884 ingeniis
677 2815 829 2870 certatum
843 2816 891 2870 est
905 2809 945 2869 ad
962 2823 1077 2884 augen-

93 2891 165 2953 dam
179 2892 245 2953 eius
262 2893 425 2952 infamiam.
448 2891 622 2967 descriptus
637 2900 685 2953 εει
699 2909 805 2955 carcer
818 2894 955 2954 infernus
966 2900 997 2953 et
1007 2909 1076 2968 per·

92 2982 189 3052 patna
200 2982 293 3038 nocte
309 2976 461 3051 obpressa
474 2974 576 3052 regio,
593 2977 623 3036 in
639 2990 700 3051 qua

717 3064 822 3136 inpure
836 3063 947 3121 ianitor
960 3062 1026 3120 orci

220 3152 288 3205 osec
298 3158 393 3220 cuper
406 3144 552 3205 recubans
559 3151 652 3205 antro
664 3160 779 3205 seneca
788 3149 927 3218 ‘maenum

217 3234 372 3289 octonum
386 3231 505 3289 latram
518 3244 686 3303 exsanpuea
697 3233 812 3288 terreat
821 3228 951 3287 umbros

90 3310 190 3373 Etiam
209 3326 280 3373 curn
304 3312 499 3387 persuaseris
520 3313 595 3372 istas
616 3311 736 3371 fabulas
752 3325 823 3371 csse
837 3325 895 3369 nea
911 3309 1075 3384 quicquam

89 3395 246 3457 defunctis
268 3410 450 3472 superesse,
480 3396 565 3470 quod
586 3394 723 3468 timeant,
750 3393 832 3455 subit
855 3393 933 3453 atius
959 3399 1076 3454 metesa

92 3494 193 3556 aeque
213 3477 294 3540 enim
312 3479 433 3553 timent,
452 3494 492 3539 ne
512 3479 596 3556 apud
617 3479 733 3539 interos
753 3478 814 3539 sint
835 3493 925 3554 quam
946 3488 987 3536 ne
1001 3493 1076 3538 nus·
