2468 3930
189 288 360 349 nursrun.
376 289 470 349 non.
491 289 564 349 nra.
578 288 657 349 xix.
677 289 902 366 runcano.
915 296 990 363 117.)
1024 292 1085 354 aaa

106 457 145 502 an
160 439 288 515 sapiens
302 447 456 500 amaturus
472 449 570 501 esset:
593 441 633 502 de
654 442 807 517 sapiente,
830 440 943 518 inquit,
968 443 1084 506 videbi·

105 541 189 586 musa
211 523 286 583 mihi
299 532 330 584 et
343 524 411 598 tibi,
435 523 486 598 qui
502 523 603 585 adbuc
622 542 641 585 a
659 527 798 600 sapiente
821 527 911 603 longe
927 528 1083 601 absumus,

104 624 168 670 non
184 615 233 668 est
247 607 509 682 committendum,
530 615 563 668 ut
583 607 754 669 incidamus
769 611 797 669 in
813 626 876 670 rem
892 620 1083 687 commotam,

105 693 303 770 inpotentem,
319 691 404 752 alteri
418 690 648 766 emancipatam,
662 693 752 752 vilem
765 692 833 753 sibi.
856 693 923 754 sive
934 695 1014 758 eninr
1026 712 1083 758 nos

103 776 245 853 respicit,
269 774 454 835 humanitate
468 776 535 835 elus
549 775 721 849 innitamur,
743 777 809 835 sive
825 780 1016 854 contempsit,
1032 797 1083 841 su·

104 860 212 937 portia
226 859 430 919 accendimur.
458 874 557 934 aeque
575 858 704 919 facilitas
719 860 830 919 amoris
848 877 939 935 quam
954 862 1083 924 difficul-

62 990 66 995 .
102 952 151 1006 tas
173 951 280 1004 nocet:
308 942 449 1003 facilitate
469 943 621 1018 capimur,
644 960 713 1004 cum
730 944 907 1004 difficultate
922 953 1083 1008 certamus.

101 1026 335 1102 ltaqucconscii
346 1027 435 1092 nobis
447 1026 649 1087 inbecillitatis
662 1035 785 1088 nostrae
797 1029 1021 1102 quiescamus.“
1030 1029 1084 1108 ††

105 1111 194 1186 Quod
200 1111 364 1170 Panaetius
377 1111 416 1169 de
428 1125 533 1169 amore
546 1111 702 1185 quaerenti
711 1111 880 1186 respondit,
896 1111 956 1171 hoc
970 1128 1029 1186 ego
1045 1114 1112 1180 dee

102 1194 246 1256 omnibns
268 1194 439 1254 adfectibus
462 1194 546 1253 dico=
567 1197 589 1269 †
609 1210 666 1254 nec
687 1194 758 1254 vino
784 1194 936 1255 infirmum
951 1197 1083 1257 animum

102 1280 326 1342 committamus
349 1293 408 1337 nec
428 1279 544 1338 formae
564 1293 621 1336 nec
641 1277 807 1340 adulationi
828 1294 885 1338 nec
904 1280 974 1339 ullis
989 1279 1082 1340 rebus

101 1363 215 1423 blande
230 1361 427 1422 trahentibus.
441 1365 462 1436 †
482 1369 628 1434 quantum
642 1377 809 1436 possumus
823 1367 919 1437 [nos],
936 1362 1081 1425 alubrico

100 1446 299 1507 recedamus=
321 1447 352 1504 in
374 1446 458 1505 sicco
480 1460 606 1520 quoque
627 1461 732 1519 parum
748 1445 864 1507 fortiter
877 1455 1004 1508 sumus.
1025 1446 1110 1512 Oct

102 1545 209 1592 curres
231 1529 291 1591 hoc
317 1531 386 1589 loco
410 1528 481 1588 mihi
503 1528 555 1588 illa
574 1529 698 1603 publica
718 1538 822 1590 contra
844 1531 965 1592 Stoicos
988 1547 1081 1592 vooe=

101 1613 213 1690 „nimis
239 1629 348 1688 magna
368 1611 553 1687 promittitis,
581 1612 670 1672 nimis
690 1614 767 1673 dura
788 1614 974 1689 praecipitis.
1016 1616 1080 1676 Nos

100 1696 324 1760 homunciones
339 1713 455 1769 sumus,
471 1697 573 1756 omnia
589 1697 678 1758 nobis
693 1713 806 1773 negare
821 1714 883 1758 non
898 1717 1080 1775 possumus=

100 1781 289 1856 dolebimnS,
312 1781 367 1841 sed
389 1796 505 1856 parum.
536 1782 811 1857 concupiscemus,
832 1784 890 1844 sed
905 1790 1080 1860 temperate·

100 1866 283 1938 irascemur,
305 1865 362 1925 scd
382 1864 600 1939 placabimur.“
645 1865 729 1939 Scis,
753 1873 871 1942 quare?
890 1885 952 1928 non
970 1875 1109 1944 possa-8

101 1966 170 2010 mus
182 1949 251 2022 iste,
267 1949 338 2022 quia
350 1963 408 2008 nos
421 1964 516 2022 posse
527 1966 588 2009 non
601 1950 763 2011 credimus.
787 1952 878 2011 immo
890 1952 1081 2014 mehercules

100 2034 185 2094 aliud
200 2040 248 2093 cst
261 2032 291 2092 in
306 2047 355 2091 re:
377 2033 450 2092 vitia
464 2039 569 2092 nostra
584 2035 656 2109 quia
670 2051 822 2106 amamus,
845 2035 1037 2097 defendimus
1052 2044 1083 2096 et

101 2118 252 2177 malumus
268 2131 418 2177 excusare
433 2116 485 2176 illa
500 2132 590 2191 quam
608 2125 762 2177 excutere.
807 2117 888 2177 Satis
905 2127 1013 2180 natura
1027 2120 1081 2178 ho-

100 2200 174 2260 mini
188 2201 272 2260 dedit
285 2201 416 2273 roboris,
432 2199 458 2260 si
474 2199 526 2259 illo
542 2206 671 2272 utamur,
687 2202 714 2262 si
727 2202 807 2261 vires
819 2208 941 2261 nostras
957 2201 1080 2276 colliga-

99 2300 170 2345 mus
185 2300 222 2344 ac
236 2291 316 2344 totas
333 2300 390 2358 pro
406 2283 505 2355 nobis,
521 2291 602 2344 certe
616 2300 677 2344 non
690 2290 795 2343 contra
807 2301 863 2344 nos
878 2286 1080 2346 concitemus:
1140 2320 1146 2329 ·

100 2369 208 2429 nolle
221 2368 252 2427 in
266 2375 429 2440 causaest,
447 2383 520 2428 non
537 2382 658 2442 posse
674 2368 891 2441 praetenditur.
922 2368 1008 2428 Vale.

377 2503 593 2562 EPISTULA
618 2504 691 2560 VllI.
718 2505 806 2575 (117.)

358 2600 468 2651 Sennea
485 2601 595 2651 Lucnro
614 2612 665 2651 suo
685 2611 824 2653 accursu.

162 2700 288 2762 Multum
303 2703 374 2763 mihi
394 2704 507 2778 negotii
529 2703 728 2764 concinnabis
749 2711 792 2777 et,
816 2704 888 2765 dum
910 2701 1027 2777 nescis,
1049 2702 1106 2766 inl

100 2799 241 2859 magnam
262 2802 311 2845 me
330 2787 411 2847 litem
427 2803 463 2848 ac
479 2789 649 2850 molestiam
668 2788 825 2864 inpingas,
850 2789 902 2864 qui
916 2789 989 2848 mibi
1003 2789 1078 2850 tales

101 2869 351 2943 quaestiunculas
367 2872 473 2946 ponis,
495 2873 525 2931 in
541 2872 652 2948 quibus
668 2888 726 2947 ego
742 2889 800 2933 nec
816 2873 979 2934 dissentire
992 2889 1011 2932 a
1024 2888 1078 2932 no*

100 2953 174 3013 stris
185 2955 272 3014 salva
282 2956 378 3030 gratia
389 2971 446 3015 nec
458 2957 631 3018 consentire
643 2956 730 3016 salva
741 2957 928 3017 conscientia
935 2972 1078 3031 possum:

101 3037 276 3111 quaeris,
293 3056 338 3098 an
353 3040 560 3112 verumsit,
583 3040 683 3115 quod
701 3038 848 3100 Stoicis
865 3041 1008 3115 placet,
1024 3054 1079 3098 sa·

100 3119 438 3194 pientiambonum
454 3138 558 3196 csse,
574 3122 864 3198 sapercbonum
885 3138 959 3182 non
980 3135 1078 3180 esse.

98 3201 261 3264 Primum
277 3222 479 3282 exponam,
496 3206 588 3281 quid
602 3203 748 3266 Stoicis
762 3205 951 3265 videatur.
972 3201 1078 3263 dein·

100 3287 146 3346 de
161 3294 250 3350 tunc
266 3290 400 3350 dicere
416 3286 651 3351 sententiam
666 3287 826 3348 audebo.
841 3288 944 3348 Placet
954 3285 1108 3361 nostrisa

101 3371 185 3444 quod
198 3372 311 3433 bonum
327 3383 389 3448 est,
405 3389 518 3448 corpus
535 3387 621 3445 csse,
637 3373 718 3448 quia,
735 3371 818 3446 quod
834 3370 948 3432 bonum
963 3379 1020 3445 est,
1035 3371 1078 3430 la·

100 3455 156 3514 cit=
176 3457 323 3533 quicquid
337 3459 416 3532 facit,
433 3472 546 3534 corpus
562 3464 619 3517 est.
644 3456 727 3532 quod
741 3456 854 3516 bonum
870 3462 924 3530 est,
942 3456 1077 3533 prodest.

99 3537 192 3600 faciat
212 3547 311 3602 autem
333 3543 446 3620 aliquid
466 3547 599 3619 oportet,
620 3547 653 3602 ut
673 3539 785 3618 prosit=
808 3540 835 3600 si
855 3541 941 3619 facit,
964 3557 1078 3618 corpus
