2468 3930
147 230 209 297 lua
433 231 466 289 L.
489 228 636 290 ANNAEI
652 227 828 289 SENECAE

148 382 237 446 elisit.
280 383 347 443 Hoc
363 382 418 441 fuit
431 380 519 440 morti
537 379 749 440 contumeliam
766 381 877 439 tacere.
913 380 955 442 itu
974 394 1117 454 prorsum

147 483 256 543 parum
268 465 382 525 munde
394 472 424 523 et
437 480 545 539 parum
559 463 717 522 decentem
741 463 815 537 quid
829 468 877 522 est
890 463 1011 524 stultius
1026 480 1119 538 quam

104 549 306 613 aliastidiose
326 547 424 606 morit
450 545 587 606 Ovirum
610 546 732 606 lortemt
766 547 809 623 [o]
832 545 969 620 dignum,
992 547 1042 607 cui
1066 547 1119 608 lati

148 634 270 695 daretur
293 629 417 691 electio!
455 645 545 704 quam
571 629 686 689 sortiter
709 628 759 689 ille
785 627 887 702 gladio
912 645 987 691 usus
1019 638 1118 691 esset!

149 730 240 792 quam
255 714 392 774 animose
406 711 437 772 in
453 712 633 785 profundam
649 727 683 770 se
698 710 886 772 altitudinem
896 713 988 772 maris
1004 721 1056 775 aut
1066 714 1120 775 ab·

148 799 249 859 scisue
259 797 346 872 rupis
359 795 538 857 inmisissetl
554 795 691 868 undique
703 794 865 855 destitutus
873 797 996 869 invenit,
1014 813 1119 871 quem-

150 882 316 942 admodum
337 886 367 939 et
387 885 513 939 mortem
534 877 593 938 sibi
615 877 741 938 deberet
760 880 914 938 attalum:
933 886 968 940 ut
981 879 1064 940 scias
1079 881 1118 941 ad

147 964 337 1026 moriendum
351 961 423 1021 nihil
438 961 520 1021 aliud
535 960 564 1022 in
582 975 667 1021 mora
680 976 751 1021 esse
767 976 859 1036 quam
877 964 964 1022 velle.
997 962 1118 1027 'Existi-

146 1056 245 1108 melur
256 1047 295 1106 de
310 1047 390 1106 lacto
411 1044 542 1105 hominis
565 1043 724 1116 acerrimi,
746 1051 780 1103 ut
804 1045 915 1119 cuique
937 1044 1034 1106 visum
1053 1048 1118 1121 erit,

147 1133 219 1192 dum
233 1130 294 1193 hoc
308 1134 441 1202 constet,
464 1128 694 1202 praeferendam
707 1139 780 1186 esse
795 1129 1025 1203 spurcissimam
1038 1146 1119 1192 mor·

104 1228 139 1280 aa
147 1224 207 1276 tem
222 1213 359 1273 servituti
379 1210 607 1272 mundissimae.
652 1210 801 1284 Quoniam
820 1212 909 1286 coepi
927 1213 1062 1273 sordidis
1076 1214 1120 1274 uti

147 1297 314 1371 exemplis,
336 1294 553 1369 perseverabo.
589 1294 659 1369 plus
675 1294 755 1353 euim
776 1309 844 1354 ase
861 1295 993 1370 quisque
1008 1296 1119 1370 exiget,

147 1382 174 1441 si
187 1381 298 1440 viderit
313 1378 392 1437 hanc
409 1392 474 1436 rem
494 1377 584 1438 etiam
605 1392 624 1436 a
645 1377 913 1452 contemptissimis
932 1394 1030 1453 posse
1047 1394 1118 1439 con·

146 1464 248 1524 temni.
265 1461 393 1522 Catones
406 1459 629 1535 Scipionesque
641 1466 671 1519 et
681 1461 767 1535 alios,
776 1476 855 1535 quos
867 1461 974 1523 audire
985 1477 1055 1522 cum
1065 1463 1119 1522 ad-

146 1546 304 1606 miratione
319 1543 550 1617 consuevimus,
573 1559 668 1618 supra
682 1544 879 1604 imitationem
896 1545 1016 1619 positos
1032 1552 1120 1620 puta-

146 1646 229 1690 mus=
251 1631 312 1688 iam
329 1643 388 1702 ego
408 1628 497 1688 istam
510 1628 651 1705 virtutem
668 1627 782 1687 habere
797 1635 858 1687 tam
871 1630 965 1688 multa
978 1630 1118 1703 exempla

146 1711 175 1773 in
190 1713 263 1773 ludo
279 1711 422 1772 bestiario
440 1727 531 1787 quarn
546 1711 575 1770 iu
592 1710 721 1770 ducibus
745 1711 817 1770 belli
831 1710 929 1771 civilis
947 1712 1119 1772 ostendam.

104 1797 219 1867 uacum
247 1794 452 1856 adveheretur,
471 1809 569 1869 nuper
582 1794 659 1853 inter
680 1793 837 1855 custodias
854 1794 978 1871 quidam
995 1795 1037 1855 ad
1057 1810 1117 1855 ma·

143 1880 272 1941 tutinum
293 1880 501 1953 spectaculum
521 1877 649 1948 missus,
673 1883 825 1952 tamquam
843 1894 950 1939 somno
962 1884 1121 1953 premente

144 1971 277 2034 nutaret,
294 1967 385 2035 caput
396 1975 495 2037 usque
507 1975 544 2020 eo
557 1959 686 2035 demisit,
699 1960 799 2020 donea
811 1962 906 2021 radiis
920 1962 1078 2035 insereret,
1090 1974 1121 2022 et

145 2045 258 2105 tamdiu
274 2042 352 2106 sein
368 2045 456 2104 sedili
467 2059 524 2105 suo
539 2044 642 2115 lenuit,
659 2045 758 2104 donec
771 2045 920 2105 cervicem
934 2045 1120 2106 circumactu

143 2136 230 2190 rotae
249 2129 415 2202 frangerem
436 2129 546 2187 eodem
567 2126 724 2201 vehiculu,
748 2128 867 2202 quoad
888 2144 1020 2203 poenam
1040 2130 1119 2189 lere-

104 2213 241 2285 atbatur,
260 2210 374 2287 effugit.
417 2211 496 2272 Nihil
516 2210 617 2271 obstat
637 2226 798 2286 erumpere
818 2220 849 2273 et
874 2212 957 2272 exire
974 2211 1118 2287 cupienti.

144 2297 175 2357 in
195 2303 299 2371 aperto
326 2310 385 2356 nos
406 2302 513 2356 natura
533 2293 679 2356 custodit:
709 2293 758 2355 cui
784 2295 925 2370 permittit
946 2295 1119 2356 necessitas

145 2397 216 2455 sua,
240 2377 464 2454 circumspiciat
477 2379 592 2439 exitum
605 2378 735 2438 mollem.
772 2380 820 2438 cui
838 2380 879 2440 ud
893 2395 1016 2440 manum
1031 2380 1118 2456 plura

145 2471 230 2537 sunt,
249 2479 306 2539 per
318 2479 397 2538 quac
412 2478 483 2523 sese
498 2462 634 2534 adserat,
653 2461 679 2521 is
695 2462 845 2522 delectum
859 2469 973 2536 agat-et
988 2478 1050 2538 qua
1061 2478 1116 2538 po·

144 2547 293 2609 tissimum
312 2546 471 2617 liberetur,
497 2545 680 2606 consideret.
713 2547 761 2605 cui
775 2545 907 2606 difficilis
922 2545 1045 2606 occasio
1060 2551 1117 2620 est,

145 2631 171 2690 is
185 2630 355 2704 proximam
366 2643 519 2703 quamque
534 2644 590 2702 pro
606 2628 726 2702 optima·
734 2629 876 2704 adripiat,
895 2629 935 2690 sit
947 2628 1117 2690 licet‘iuuu·

145 2712 223 2784 dita,
242 2711 282 2770 sit
295 2709 390 2769 noua:
408 2726 469 2770 non
485 2711 581 2771 deerit
602 2711 643 2771 ad
658 2718 786 2773 mortem
802 2713 965 2788 ingenium,
984 2711 1035 2774 cui
1053 2728 1117 2772 non

104 2808 138 2862 25
148 2793 278 2854 defuerit
291 2794 420 2854 animus.
441 2794 553 2869 Vides,
572 2797 828 2869 quemadmodum
841 2804 977 2859 extrema
991 2795 1117 2872 quoque

146 2877 310 2952 mancipia,
331 2875 384 2937 ubi
405 2877 463 2938 illis
487 2877 625 2938 stimulos
647 2879 749 2954 adegit
769 2880 872 2954 dolor,
894 2879 1064 2942 excitentur
1087 2886 1118 2939 et

146 2959 363 3022 intentissimas
377 2959 534 3022 custodias
550 2962 673 3022 lallantt
711 2964 764 3022 ille
778 2963 825 3023 vir
840 2979 971 3038 magnus
987 2971 1049 3036 est,
1064 2961 1116 3039 qui

146 3053 273 3106 mortem
287 3043 346 3104 sibi
361 3061 422 3105 non
437 3051 552 3106 tantum
566 3046 741 3120 imperavit,
765 3047 823 3107 sed
836 3047 959 3108 invenit
995 3047 1044 3106 Ex
1063 3061 1116 3108 eu·

14 3143 19 3150 ·
101 3130 214 3195 todem
229 3128 282 3190 tibi
297 3145 423 3190 munere
435 3129 524 3205 plura
540 3131 681 3204 exempla
701 3131 837 3205 promisi.
882 3129 1026 3191 Secundo
1041 3145 1116 3190 nau·

144 3212 282 3273 machiae
306 3214 482 3286 spectaculo
504 3229 583 3274 unus
604 3229 621 3272 e
640 3213 778 3273 barbaris
802 3215 955 3289 lanceam,
979 3229 1070 3290 quam
1083 3212 1115 3272 iu

145 3296 340 3357 adversarios
355 3303 532 3371 acceperat,
553 3304 645 3359 totam
659 3296 762 3371 iugulo
778 3314 836 3358 suo
850 3298 965 3358 mersit.
986 3296 1115 3372 „Quura

144 3379 255 3455 iuquit,
272 3396 332 3439 non
349 3395 438 3439 omne
450 3386 639 3452 tormentum,
660 3396 749 3441 omne
761 3380 924 3442 ludibrium
938 3380 1117 3442 iamdudum

144 3461 279 3536 effugiot
301 3479 395 3537 quare
415 3479 474 3538 ego
494 3471 621 3525 mortem
638 3473 770 3526 armatus
785 3469 976 3540 exspectem
1018 3463 1118 3525 Tanto
