2468 3930
182 233 246 298 236
473 234 506 292 L.
527 231 673 293 ANNAEI
697 231 872 292 SENECAE

183 387 332 465 populum
351 384 564 460 receptabant,
594 382 801 459 exigendique
825 384 988 446 munditias
1011 392 1042 446 et
1064 383 1170 448 utilem

183 486 220 531 ac
236 469 390 531 salubrem
404 476 645 544 temperaturam,
661 483 721 527 non
736 468 825 543 banc,
841 484 921 545 quae
932 484 1031 545 nuper
1045 471 1169 532 inventa

183 551 353 616 estsimilis
369 552 520 626 incendio,
536 552 614 612 adeo
631 552 763 626 quidem,
783 559 817 612 ut
831 552 1004 614 convictum
1018 553 1049 614 in
1065 555 1168 630 aliquo

183 638 301 698 scelere
315 650 440 696 servum
452 635 555 695 vivum
575 634 671 695 lavari
691 643 840 710 oporteat
871 635 944 696 nihil
960 637 1033 698 mihi
1049 638 1170 700 videtur

141 732 173 783 11
181 722 240 782 ium
256 720 421 793 interesse,
442 719 549 778 ardeat
568 719 711 779 balneum
730 721 896 796 aasscaleat.
935 721 1074 796 Quantae
1087 738 1168 783 nunc

182 803 293 879 aliquis
306 801 483 864 rusticitatis
499 803 622 862 damnat
641 801 827 879 Scipionem,
843 804 928 878 quod
942 822 1004 866 non
1019 806 1050 865 in
1067 807 1168 866 calda-

181 889 258 949 rium
271 904 360 948 suum
376 888 444 946 latis
466 884 681 961 specularibus
695 886 776 946 diem
790 887 976 949 admiserat?
1007 890 1092 964 quod
1106 906 1168 950 non

182 973 213 1032 in
227 973 320 1031 multa
333 972 403 1030 luce
419 969 648 1045 decoquebatur
667 976 697 1030 et
717 972 932 1046 exspectabat,
955 973 1038 1033 utin
1057 972 1169 1032 balneo

183 1061 400 1130 concoqueret.
443 1052 640 1114 Obominem
666 1053 890 1116 calamitosum!
920 1057 1031 1117 nesciit
1051 1057 1168 1116 vivere.

182 1156 244 1201 non
260 1146 384 1200 saccata
402 1153 484 1211 aqua
503 1136 678 1211 lavabatur,
698 1137 756 1197 sed
776 1153 872 1214 saepe
892 1139 1014 1200 turbida
1033 1147 1077 1216 et,
1099 1156 1168 1201 cum

182 1226 304 1299 plueret
317 1221 543 1292 vehementius,
566 1235 666 1295 paene
684 1222 841 1281 lutulenta.
875 1239 933 1283 nec
954 1224 1080 1284 multum
1101 1224 1168 1283 eius

182 1308 341 1380 intererat,
364 1321 402 1364 an
424 1303 470 1365 sic
490 1306 658 1364 lavaretur=
678 1304 820 1366 veniebat
834 1304 915 1366 enim
929 1314 963 1366 ut
974 1307 1120 1367 sudorem
1134 1307 1169 1365 il·

141 1403 174 1456 12
181 1391 221 1451 lic
242 1390 393 1462 ablueret,
415 1404 476 1448 non
492 1396 525 1449 ut
537 1394 733 1462 unguentum.
768 1386 850 1461 Quas
865 1405 947 1448 nuno
964 1389 1169 1469 quorumdam

183 1475 300 1535 suturas
323 1487 417 1533 voces
439 1472 561 1532 credis?
601 1472 687 1545 „Non
708 1471 831 1531 invideo
856 1471 1007 1548 Scipionis
1042 1487 1115 1532 vere
1137 1473 1169 1532 iu

183 1558 273 1618 exilio
289 1556 373 1630 vixit,
393 1556 446 1631 qui
460 1554 506 1616 sic
522 1556 709 1616 lavabatur.“
741 1555 842 1628 immo,
861 1555 887 1615 si
905 1556 996 1629 scias,
1012 1571 1075 1618 non
1091 1557 1168 1616 coti-

182 1642 233 1701 die
247 1640 414 1700 lavabatur.
461 1654 545 1712 nem,
567 1647 600 1700 ut
622 1639 720 1713 aiunt,
743 1639 797 1714 qui
818 1640 938 1714 priscos
959 1655 1062 1700 mores
1080 1640 1169 1700 urbis

181 1724 381 1797 tradiderunt,
402 1723 528 1784 brachia
542 1731 573 1784 et
586 1738 676 1783 crura
693 1723 805 1784 cotidie
819 1723 989 1795 abluebant,
1014 1739 1093 1798 quae
1109 1723 1169 1783 sci·

182 1809 253 1868 licet
268 1809 378 1868 sordes
394 1822 489 1882 opere
510 1807 711 1881 collegerant:
732 1813 865 1868 ceterum
890 1809 942 1869 toti
962 1806 1106 1868 nundinis
1125 1806 1169 1866 la-

181 1892 342 1951 vabantur.
376 1892 444 1952 Hoc
458 1893 528 1951 loco
544 1891 626 1950 dicet
639 1890 766 1966 aliquis=
782 1891 898 1966 „liquet
911 1890 985 1951 mihi
999 1890 1169 1967 inmundis·

183 1976 278 2036 simos
294 1976 421 2035 luisse.“
460 1973 538 2048 Quid
559 1980 650 2050 putas
669 1973 738 2034 illos
753 1974 890 2035 eluisset
916 1975 1067 2048 militiam,
1082 1972 1167 2034 labo-

182 2074 257 2132 rem,
273 2060 382 2119 virum.
414 2067 579 2135 postquam
593 2058 706 2119 munda
720 2057 831 2119 balnea
845 2059 969 2119 inventa
983 2064 1063 2133 sunt,
1079 2072 1168 2134 spur-

142 2152 175 2207 13
183 2142 284 2203 ciores
309 2150 389 2203 sunt.
427 2143 645 2218 Descripturus
669 2141 811 2201 infamem
834 2151 864 2205 et
883 2141 984 2204 nimiis
1005 2142 1168 2204 notabilem

184 2226 301 2287 deliciis
316 2227 460 2289 Horatius
476 2227 606 2288 Flaccus
621 2226 695 2301 quid
709 2226 770 2286 aitt

490 2313 625 2387 pastillos
639 2310 794 2372 Buccillus
807 2313 873 2372 olet.

182 2395 280 2457 Dares
296 2411 376 2455 nunu
386 2394 571 2456 Buccillum=
589 2393 717 2469 perinde
732 2401 825 2469 esset,
841 2394 916 2455 acsi
927 2392 1046 2454 hircum
1058 2393 1167 2476 oleret=

185 2478 327 2555 Gargonii
344 2480 413 2540 loco
431 2485 530 2552 esset,
555 2493 647 2553 quem
662 2477 743 2538 idern
756 2477 900 2539 Horatius
915 2477 1052 2539 Buccillo
1070 2476 1167 2551 obpo-

183 2564 252 2624 suit.
285 2578 394 2637 parum
415 2569 463 2622 est
476 2576 598 2622 sumere
616 2568 818 2635 unguentum,
846 2560 905 2621 nisi
924 2560 973 2622 bis
991 2560 1041 2621 dio
1061 2567 1169 2636 terque

182 2652 365 2719 renovatur,
385 2661 425 2704 ne
440 2650 606 2703 evanescet
625 2643 812 2718 incorpore.
848 2644 939 2719 quid,
957 2644 1041 2720 quod
1055 2644 1168 2722 [iidem]

141 2727 242 2791 llhoc
258 2728 354 2788 odore
369 2735 524 2802 amquam
538 2741 596 2786 suo
611 2727 800 2801 gloriantur?
831 2728 916 2788 Haeo
932 2727 960 2788 si
974 2728 1029 2789 tibi
1044 2726 1169 2787 nimium

181 2810 279 2872 tristia
298 2810 498 2882 videbuntur,
525 2810 615 2869 villae
635 2809 805 2884 inputabis,
840 2812 871 2872 in
895 2827 958 2888 qua
980 2811 1102 2872 didici
1123 2811 1169 2871 ab
1215 2813 1217 2818 '

181 2892 362 2969 Aegialo,
395 2891 627 2968 diligentissimo
656 2894 891 2969 pauelamiliae,
918 2895 945 2956 is
971 2894 1051 2955 enim
1075 2893 1168 2954 buius

183 2977 248 3053 egri
268 2994 351 3038 nune
371 2992 539 3053 possessor
560 2984 623 3053 est,
642 2977 820 3054 quamvis
841 2987 952 3041 vetus
968 2978 1168 3039 arbustum

183 3077 304 3138 posse
331 3060 550 3123 transferri.
590 3061 650 3124 boc
671 3062 761 3124 nobis
782 3062 908 3123 senibus
924 3061 1044 3122 discere
1058 3074 1168 3120 neces-

184 3148 297 3208 sarium
312 3153 369 3220 est,
386 3161 516 3222 quorum
528 3162 618 3207 nemo
631 3163 693 3208 non
706 3148 850 3208 olivetum
865 3145 950 3208 altori
965 3143 1059 3222 ponit.
1083 3145 1169 3218 quod

182 3229 248 3291 vidi
262 3231 345 3291 illum
360 3229 502 3291 arborum
518 3231 637 3292 trimum
651 3238 682 3292 et
697 3230 888 3306 quadrimum
908 3227 1083 3290 fastidiendi
1105 3229 1159 3288 lru·

143 3321 174 3373 15
183 3321 251 3375 ctus
266 3322 410 3375 autumno
433 3315 598 3390 deponere.
630 3321 660 3376 te
675 3330 802 3390 quoque
817 3319 955 3390 proteget
968 3312 1028 3386 illa,
1045 3327 1125 3388 quae

302 3401 393 3460 tarda
407 3402 497 3474 uenit,
512 3402 587 3460 seris
600 3399 727 3472 sectura
741 3401 893 3475 nepottbus
904 3397 1049 3473 umbram,

183 3488 216 3541 ut
230 3482 271 3541 eit
284 3482 438 3556 Vergilius
453 3489 572 3557 noster,
591 3481 720 3558 quinon
737 3483 812 3557 quid
825 3483 1002 3557 verissime,
1019 3480 1076 3542 sed
1093 3477 1168 3555 quid
