2468 3930
258 225 428 287 EPlSTUL.
443 226 536 287 MOR.
557 226 630 287 LIB.
645 227 694 287 IX.
714 226 773 287 ΕΡ.
786 236 811 289 5.
834 231 906 303 (76.)
1010 226 1071 294 187

90 379 257 444 laudabilis
278 386 326 440 est
345 387 376 441 et
395 379 487 439 finem
506 386 633 440 naturae
653 395 729 440 suae
757 379 862 455 tetigit.
894 379 971 440 haee
995 382 1071 443 ratio

92 465 231 543 'perlecta
244 464 338 524 vinus
352 470 479 523 vocatur
490 465 661 539 eademque
672 464 835 524 honestum
845 471 902 525 est.
923 465 956 524 Id
969 464 1073 542 itaque
1081 479 1114 533 11

92 566 188 610 unum
212 549 326 609 bonum
350 555 398 608 est
425 548 455 606 in
475 546 612 621 homine,
640 550 723 624 quod
748 565 839 609 unum
862 547 993 609 bominis
1015 558 1071 610 est.

92 649 175 694 nune
190 636 269 692 enim
285 648 345 690 non
362 632 553 707 quaerimus,
576 631 649 707 quid
665 634 705 692 sit
719 633 848 706 bonum,
870 633 927 693 sed
944 634 1018 708 quid
1034 635 1073 695 sit

91 715 226 779 hominis
240 716 362 776 bonum·
391 716 417 776 si
432 716 547 775 nullum
570 716 653 775 eliud
671 726 718 776 est
731 716 862 777 bominis
879 734 971 792 quam
985 717 1071 794 rotie,

91 801 170 861 haee
182 799 238 860 erit
250 815 341 859 unum
353 799 419 859 eius
430 800 553 872 bonum,
567 800 622 858 sed
635 802 830 874 pensandum·
840 817 908 860 oum
921 802 1071 862 omnibus.

93 885 125 945 Si
139 885 178 944 sit
189 884 300 958 aliquis
313 884 419 955 melus,
433 890 506 958 puto
519 883 737 958 inprobabitur.
755 885 781 944 si
792 884 901 960 bonus,
913 894 987 959 puto
1001 903 1072 961 pro·

92 968 224 1029 babitur.
247 968 278 1026 id
297 982 369 1041 ergo
384 966 414 1025 in
429 966 552 1027 homine
569 968 699 1042 primum
718 970 879 1042 solumque
894 976 950 1042 est,
969 987 1029 1045 quo
1043 977 1074 1029 et

93 1050 273 1128 probabitur
287 1059 317 1110 et
331 1050 549 1124 inprobabitur.
593 1051 672 1110 Non
689 1050 861 1125 dubitas,
877 1067 921 1110 an
936 1052 1008 1112 hoe
1022 1054 1116 1113 sitlt

92 1137 247 1196 bonum:
281 1133 436 1194 dubites
461 1150 505 1194 an
532 1136 654 1195 solum
681 1136 819 1194 bonum
842 1135 901 1195 sit.
947 1135 980 1195 Si
1002 1137 1070 1210 quis

90 1219 197 1281 omnia
214 1218 273 1277 alia
287 1217 405 1292 hebeat,
421 1219 627 1291 valitudinem,
644 1218 774 1292 divitias,
789 1218 936 1294 imagines
951 1220 1071 1294 multas,

92 1306 239 1379 frequens
255 1303 372 1373 atrium,
389 1303 444 1362 sed
456 1304 554 1362 malus
566 1319 606 1361 ex
618 1303 763 1362 confesso
775 1302 829 1362 sit:
846 1302 1024 1379 inprobabis
1037 1305 1071 1363 il-

92 1390 164 1448 lum,
181 1387 251 1447 item
263 1387 290 1445 si
304 1387 371 1459 quis
384 1386 458 1446 nihil
473 1386 594 1461 quidem
607 1387 735 1459 illorum,
749 1403 829 1461 quae
840 1387 937 1461 retuli,
951 1387 1070 1461 habeat,

92 1470 254 1530 deficiatur
269 1471 413 1543 pecunia,
437 1470 589 1530 clientium
606 1471 707 1544 turbe,
730 1471 886 1531 nobilitate
900 1478 931 1531 et
944 1486 1072 1532 evorum

92 1570 343 1631 proavorumque
357 1555 447 1626 serie,
464 1554 572 1614 sodex
583 1555 728 1615 ooniesso
741 1555 842 1616 bonus
854 1554 907 1615 sit:
924 1555 1071 1631 probabis

92 1640 187 1698 illum.
232 1638 311 1711 Ergo
334 1638 393 1696 hoo
414 1655 506 1697 unum
527 1643 576 1697 est
594 1638 707 1698 bonum
733 1637 880 1713 hominis,
907 1639 991 1714 quod
1019 1637 1071 1714 qui

92 1722 199 1792 hebet,
222 1721 341 1781 etiamsi
354 1722 420 1780 eliis
437 1723 622 1796 destituitur,
644 1723 816 1784 laudandus
831 1732 887 1784 est.
918 1724 1001 1798 quod
1017 1720 1070 1797 qui

93 1822 155 1867 non
170 1805 270 1878 hebet,
287 1805 316 1865 in
334 1807 465 1865 omnium
479 1808 605 1867 aliorum
620 1806 710 1882 eopia
720 1807 880 1868 damnetur
891 1823 927 1867 eo
937 1806 1071 1868 reicitur.

94 1890 179 1963 Quae
194 1888 335 1950 eondieio
351 1906 467 1964 rerum,
488 1892 594 1949 eedem
618 1890 771 1951 hominum
793 1900 854 1952 est:
881 1890 968 1951 navis
988 1890 1113 1950 bone13

94 1974 204 2034 dieitur
218 1991 279 2035 non
302 1991 381 2049 quae
398 1975 540 2049 pretiosis
556 1975 710 2036 coloribus
727 1977 808 2050 pieta
826 1983 875 2035 est
887 1992 945 2035 nee
960 1976 1008 2035 oui
1022 1991 1070 2033 or·

93 2065 235 2132 genteum
259 2066 310 2118 eut
326 2074 452 2118 aureum
473 2065 607 2120 rostrum
629 2068 676 2120 est
695 2075 752 2118 neo
767 2059 854 2119 euius
867 2062 961 2119 tutela
976 2060 1070 2119 ebore

93 2142 211 2201 caelata
226 2149 273 2201 est
288 2158 345 2202 nee
360 2159 440 2216 quae
455 2144 539 2203 fiscis
553 2151 645 2218 atque
660 2143 770 2217 opibus
785 2143 878 2218 regiis
893 2159 1001 2217 presse
1013 2147 1069 2214 est,

93 2226 152 2285 sed
175 2225 292 2286 stabilis
318 2233 347 2285 et
371 2227 458 2288 firma
481 2234 512 2286 et
532 2226 679 2286 iuncturis
701 2243 811 2301 aquam
836 2225 1070 2286 excludentibus

93 2309 208 2384 spisse,
226 2310 265 2369 ad
283 2310 440 2370 terendum
456 2311 612 2370 incursum
626 2310 717 2369 maris
733 2308 848 2382 solida,
862 2310 1069 2383 gubernaculo

93 2408 222 2468 parens,
244 2396 336 2454 velox
357 2402 468 2455 elnon
492 2395 627 2454 sentiens
648 2401 780 2453 ventum.
809 2392 942 2466 gladium
957 2392 1070 2453 bonum
1079 2394 1113 2447 14

94 2477 182 2536 diees
204 2493 263 2537 non
286 2479 333 2538 oui
350 2486 475 2539 auratus
491 2486 539 2539 est
552 2478 670 2538 balteus
687 2492 744 2536 neo
760 2476 846 2536 ouius
862 2476 973 2551 vagina
986 2491 1068 2549 gem-

93 2561 153 2620 mis
174 2560 384 2636 distinguitur,
407 2564 464 2623 sed
486 2563 533 2623 oui
554 2568 584 2621 et
606 2562 646 2621 ad
665 2561 831 2621 secandum
849 2559 968 2620 subtilis
986 2559 1069 2619 acies

95 2651 143 2704 est
164 2651 194 2704 et
218 2661 322 2705 mucro
342 2647 557 2706 munimentum
578 2661 667 2705 omne
692 2652 847 2720 rupturus.
879 2646 984 2718 regula
1007 2659 1069 2703 non

96 2744 187 2803 quam
203 2730 348 2802 formose,
363 2731 420 2790 sed
436 2747 525 2805 quam
541 2736 624 2790 reete
639 2731 679 2790 sit
692 2731 861 2805 quaeritur:
882 2744 919 2788 eo
933 2728 1070 2805 quidque

95 2811 250 2884 laudatur,
271 2814 318 2873 eui
336 2822 534 2889 conparatur,
556 2815 640 2891 quod
655 2813 697 2874 illi
714 2814 871 2890 proprium
887 2820 943 2874 est.
987 2813 1069 2886 Ergo
1077 2813 1110 2868 15

94 2897 124 2955 in
146 2895 269 2957 homine
290 2914 415 2972 quoque
435 2898 507 2956 nihil
528 2900 566 2958 ad
587 2915 651 2957 rem
666 2899 811 2974 pertinet,
831 2905 973 2973 quantum
994 2902 1068 2967 aret,

84 2987 240 3054 -quentum
255 2982 379 3053 teneret,
392 2990 422 3042 et
437 2999 527 3056 quam
541 2983 642 3042 multis
657 2984 812 3054 salutetur,
828 2997 918 3057 quam
931 2980 1068 3057 pretioso

93 3060 250 3123 incumbet
263 3064 357 3138 teoto,
380 3083 469 3140 quem
490 3067 647 3141 perlucido
663 3067 774 3141 poeulo
789 3066 885 3137 bibat,
905 3066 961 3123 sed
977 3077 1069 3139 quam

93 3147 196 3207 bonus
212 3147 267 3207 sit:
287 3149 387 3210 bonus
403 3157 502 3211 eutem
518 3158 573 3225 est,
589 3151 616 3209 si
631 3150 707 3210 ratio
723 3148 866 3223 explioita
882 3154 913 3207 et
923 3153 1007 3206 reeta
1022 3151 1070 3204 est

94 3231 178 3291 etad
193 3236 319 3292 naturae
337 3250 412 3294 suae
432 3236 617 3294 voluntatem
637 3232 880 3292 adcommodata.
909 3231 993 3290 Haeo
1013 3237 1112 3292 vo-lo

86 3321 181 3375 'eatur
193 3315 299 3391 virtus,
313 3317 373 3377 hoe
387 3324 434 3378 est
448 3318 609 3378 honestum
624 3323 654 3376 et
664 3317 787 3376 unicum
799 3313 930 3375 hominis
943 3313 1066 3373 bonum.

94 3413 164 3458 nem
180 3414 249 3458 eum
264 3402 331 3460 sola
344 3401 420 3462 ratio
437 3402 573 3477 perficiat
585 3400 747 3471 hominem,
766 3400 834 3460 sole
844 3397 920 3457 ratio
933 3397 1068 3472 perlecta

94 3479 218 3542 beatum
231 3484 317 3543 tacite
337 3485 398 3545 hoe
412 3493 512 3546 eutem
529 3502 622 3546 unum
637 3486 750 3546 bonum
766 3490 827 3557 est,
845 3497 905 3558 quo
918 3497 981 3542 uno
994 3478 1067 3541 bee-
