2468 3930
204 249 245 312 90
461 249 494 308 L.
513 247 659 308 ANNAEI
679 244 853 308 SENECAE

202 403 329 480 sipiani,
363 402 521 462 fastidiose
543 401 665 475 legunt:
697 399 778 462 bona
803 415 890 460 mans
916 398 1057 461 omnibus
1081 407 1174 476 pater,

203 503 310 550 omnes
330 486 371 545 ad
389 486 449 546 hoo
465 499 570 545 sumus
584 483 712 545 nobiles.
739 498 797 543 noo
810 483 895 544 reicit
910 499 1094 559 quemquam
1109 484 1175 560 phi·

174 569 345 646 alosoplria
363 585 422 630 nea
442 567 542 643 aligit=
571 568 711 627 omnibus
734 569 823 627 luoot.
861 566 1009 628 Patricius
1029 565 1175 629 Soomles

203 671 264 715 non
280 653 343 714 bril.
379 651 541 715 cleanthes
555 667 667 727 aquam
680 651 771 710 traxit
781 658 811 709 ot
823 651 951 725 rhabdo
963 650 1052 712 horto
1064 652 1176 713 looavit

203 753 322 798 manus.
354 736 509 796 Platonem
529 751 590 794 nou
608 733 728 810 aooopll
738 734 872 794 nobilem
885 733 1096 810 philosophia,
1115 735 1176 796 sed

203 821 287 883 reaia:
311 820 385 895 quid
405 826 453 880 ool
473 833 568 894 quara
587 819 737 894 desponsa
752 817 801 878 his
814 823 844 878 le
858 833 954 893 possa
968 818 1034 878 fiori
1048 825 1176 894 potami

204 920 310 967 omnes
324 903 355 963 hi
370 902 501 963 maiores
514 902 558 963 tui
573 910 658 975 sunt,
677 901 704 962 si
717 908 748 962 lo
761 900 819 961 illis
829 901 912 977 geris
923 900 1065 977 dignumz
1081 917 1174 978 genos

203 996 318 1062 autern,
340 988 367 1048 si
380 987 440 1047 hoo
454 985 592 1062 prolinus
606 985 660 1047 libi
673 983 881 1061 persuasoria,
898 988 1013 1047 anullo
1025 991 1058 1046 io
1067 985 1174 1047 nobili-

173 1080 261 1134 lhato
285 1069 435 1147 superari.
480 1068 626 1132 Omnibus
651 1068 740 1130 nobis
766 1069 890 1130 bolidem
912 1076 982 1131 ania
1006 1085 1068 1130 nos
1089 1076 1173 1131 matr

202 1155 312 1218 nullius
327 1170 387 1215 non
404 1153 489 1229 origo
504 1155 584 1214 ultra
597 1153 773 1214 memoriam
786 1153 874 1214 lauch
908 1152 991 1213 Plato
1005 1153 1046 1214 aii
1058 1152 1173 1229 „nonii-

202 1255 270 1300 nem
290 1254 393 1314 rogem
416 1253 477 1298 non
497 1253 538 1298 ax
552 1237 650 1299 sorvis
663 1252 735 1298 asso
752 1236 925 1310 oriundum,
947 1236 1099 1296 neminoer
1112 1253 1174 1298 non

202 1339 325 1384 servum
346 1337 385 1381 ox
406 1320 562 1395 rogibus.“
598 1320 704 1381 Omnia
723 1320 782 1382 isla
799 1323 891 1395 longa
906 1320 1036 1381 varietas
1053 1321 1174 1382 misauil

173 1415 231 1468 bel
242 1421 364 1466 sursum
376 1406 521 1464 deorsum
533 1406 653 1465 fortuna
662 1404 805 1464 versavit.
840 1403 914 1478 Quis
923 1409 973 1464 est
982 1411 1175 1479 generosus?

201 1491 241 1549 ad
254 1489 393 1548 virtulem
409 1487 487 1546 bene
500 1503 519 1549 a
533 1495 640 1550 natura
653 1488 843 1564 conpositus.
875 1487 936 1549 hoo
949 1504 1042 1548 unum
1056 1488 1171 1549 inbuan-

202 1573 274 1632 dum
295 1579 358 1632 esta
384 1571 518 1646 alioquin
538 1573 565 1632 si
585 1572 625 1632 ad
639 1578 743 1632 velera
755 1586 900 1645 ravanus,
919 1587 1011 1632 nuno
1024 1588 1087 1634 nau
1099 1571 1173 1633 inda

202 1664 264 1729 est,
290 1662 362 1715 onia
383 1654 468 1730 quod
489 1653 562 1715 nihil
582 1661 638 1715 est.
666 1656 799 1732 aprima
821 1655 926 1716 mundi
947 1664 1014 1717 orlu
1027 1655 1173 1732 usquein

201 1739 261 1800 hoo
275 1746 393 1813 tempus
408 1737 551 1813 porduxlt
562 1755 622 1800 nos
637 1755 677 1799 ex
690 1738 861 1815 splendidis
876 1738 1071 1815 sordidisque
1085 1741 1172 1800 alier-

201 1830 272 1883 nato
293 1820 399 1883 serias.
439 1822 505 1882 Non
527 1821 748 1883 faulinobilam
769 1823 877 1882 atrium
901 1825 1022 1899 planum
1044 1821 1173 1885 fumosis

200 1903 392 1980 imaginibus.
420 1921 510 1967 nemo
524 1907 555 1965 in
569 1913 705 1969 nostram
718 1906 845 1982 gloriam
855 1907 930 1967 vixit
940 1922 997 1968 noo
1007 1907 1092 1983 quod
1103 1913 1174 1967 anto

201 2005 260 2050 nos
274 1987 343 2063 luit,
365 1996 503 2050 noslrum
517 1997 578 2050 aslr
600 1991 718 2050 animus
734 1989 806 2050 laoit
818 1990 965 2066 nobilem,
979 1990 1083 2051 oiri-ax
1097 2006 1173 2065 qus·

172 2083 334 2148 anumque
355 2071 536 2134 condicione
558 2089 652 2150 supra
670 2074 822 2136 lonunam
841 2073 1059 2150 lieetsungere.
1098 2072 1175 2135 Puto

201 2156 305 2232 itaqua
326 2162 356 2216 ts
377 2173 438 2218 non
459 2172 531 2218 osso
550 2157 681 2233 aquilam
705 2159 887 2232 Romanum,
913 2158 970 2219 sod
986 2157 1173 2219 libertinuma

201 2248 291 2316 potes
316 2240 376 2300 hoo
400 2242 565 2317 consequi,
587 2248 621 2303 ui
646 2243 731 2303 solus
752 2241 796 2302 sis
817 2241 893 2302 liber
912 2242 989 2303 inlor
1010 2241 1171 2316 lingonum.

200 2323 423 2398 ,bromosum
453 2325 567 2401 inquis.
605 2324 640 2387 Si
660 2327 738 2386 mala
752 2325 896 2401 bonaqua
908 2343 970 2387 non
985 2325 1172 2401 populo-au-

202 2416 285 2469 olore
306 2408 491 2470 distinxeris.
527 2409 707 2471 Intuendum
722 2417 770 2470 est
785 2425 847 2470 non
859 2410 943 2470 unde
956 2409 1093 2483 veniant,
1115 2407 1174 2468 sod

202 2508 263 2567 quo
278 2500 357 2552 eant.
395 2491 428 2553 Si
441 2493 513 2568 quid
526 2500 588 2568 esl,
612 2494 695 2568 quod
708 2492 800 2553 vitam
812 2493 931 2554 beatam
945 2498 1048 2569 polest
1061 2493 1173 2565 lanera,

200 2575 230 2635 id
245 2575 358 2635 bonum
374 2582 421 2636 est
434 2592 491 2636 suo
506 2575 581 2637 iure.
605 2576 765 2650 depravari
778 2575 900 2637 enimin
913 2579 1022 2636 malum
1032 2591 1094 2636 non
1105 2581 1173 2650 pot-

172 2665 256 2725 rest.
294 2657 371 2729 Quid
391 2665 438 2717 est
457 2674 546 2735 ergo,
571 2658 602 2717 in
620 2674 681 2735 quo
698 2668 823 2734 erratur,
847 2675 914 2721 oum
931 2675 1037 2720 omnes
1052 2659 1174 2719 beatam

200 2741 292 2799 vilam
314 2746 441 2814 optenta
469 2741 551 2815 quod
569 2741 767 2804 instrumenta
780 2743 846 2802 eius
861 2760 917 2819 pro
934 2744 1003 2818 ipsa
1017 2742 1131 2803 habent
1145 2748 1176 2802 et

201 2823 295 2896 illam,
318 2822 390 2882 dum
405 2830 524 2899 potunt,
547 2825 673 2900 lugiunt.
705 2842 775 2886 nam
788 2842 858 2887 oum
873 2826 1085 2888 sammaritae
1100 2824 1174 2884 hoa-

199 2911 249 2965 laa
269 2906 310 2967 sit
330 2905 429 2966 solida
448 2907 599 2969 soourliaa
613 2916 643 2970 al
659 2907 727 2971 aius
740 2911 927 2971 inooneusso
940 2909 1068 2984 ilduola,
1090 2908 1174 2969 solli-

201 2987 344 3049 citudinis
359 2989 504 3066 coliigunt
517 3007 629 3053 causas
642 3000 672 3052 ot
684 3010 740 3071 por
754 2993 935 3056 insidiosum
948 2993 1005 3053 ilar·
1016 2992 1098 3054 vitae
1109 3006 1174 3052 non

199 3079 315 3134 lanium
335 3073 435 3134 lerunt
447 3076 601 3151 sarsinas,
621 3078 678 3136 sod
692 3076 829 3138 tmhuntr
852 3078 894 3138 lta
908 3077 1029 3151 longius
1043 3076 1083 3137 ab
1098 3074 1172 3136 offo

201 3163 250 3218 alu
271 3157 352 3230 aius,
381 3159 465 3232 quod
482 3166 605 3235 potunt,
634 3176 756 3237 sempor
773 3160 946 3222 abscedunt
964 3168 996 3220 ot
1015 3174 1079 3236 quo
1103 3159 1175 3236 plus

201 3257 314 3317 operae
336 3241 552 3318 inpenderunt,
573 3243 632 3304 hoa
653 3259 690 3304 se
706 3243 803 3320 magis
819 3244 976 3321 inpediunt
990 3249 1021 3304 et
1034 3244 1176 3306 iurantur

200 3332 291 3388 retro.
314 3325 399 3400 quod
408 3327 512 3388 evenit
522 3327 552 3386 ln
564 3327 737 3407 labyrintho
749 3327 1000 3404 properantibusa
1020 3326 1176 3403 ipsaillos

200 3410 347 3469 velocitas
361 3409 492 3484 inplicat.
527 3412 614 3472 valo
