2468 3930
149 249 213 314 400
432 248 466 310 L.
488 245 636 306 ANNAEl
657 244 833 305 SENECAE

148 403 228 462 illinc
239 406 422 475 temptamur
432 406 463 459 et
473 398 663 474 expellimur.
678 399 745 458 Hoc
757 398 880 458 evenire
892 397 971 458 solet
984 398 1015 458 in
1029 397 1131 461 alieno

107 485 362 561 17habltantibus.
392 484 432 542 At
452 499 510 542 nos
534 498 649 558 corpus
669 490 730 544 tam
751 491 839 557 putre
854 482 952 542 sortiti
967 481 1062 543 nihilo
1079 485 1130 543 mi-

149 585 208 629 nus
228 574 348 628 aeterna
369 567 570 641 proponimus
592 576 621 627 et
641 567 671 625 in
695 573 841 641 quantum
856 572 960 642 potest
973 573 1060 628 aetas
1076 566 1128 627 hu·

149 668 237 712 mana
252 651 407 727 protendi,
424 656 537 710 tantum
547 666 604 725 spe
616 665 818 725 occupamus,
835 652 917 710 nulla
928 651 1063 710 contenti
1078 667 1130 725 pe·

149 735 253 810 cunia,
269 736 351 794 nulla
366 735 509 808 potentia.
533 735 605 808 quid
619 733 679 793 hac
691 750 725 792 re
742 733 808 793 lieri
822 732 1035 809 inpudentiae,
1058 735 1131 810 quid

149 820 269 879 stultius
291 818 413 894 potesta
439 817 517 876 Nihil
532 817 607 877 satis
618 824 665 877 est
679 817 848 893 morituris,
869 818 961 877 immo
976 818 1131 878 morienti-

148 905 222 963 bus=
251 902 362 963 cotidie
377 901 455 960 cuim
471 902 600 977 propius
615 901 654 960 ab
669 903 773 962 ultimo
789 908 906 961 stamus
922 908 951 960 et
962 900 1030 975 illo,
1048 902 1132 963 unde

107 987 236 1064 1gnobis
259 985 430 1046 cadendum
451 992 512 1060 est,
533 984 611 1046 hora
629 1002 687 1045 nos
710 985 808 1046 omnis
833 985 960 1061 inpellit.
994 984 1075 1045 Vide
1100 986 1130 1045 in

149 1077 261 1146 quanta
288 1070 434 1130 caecitate
459 1084 546 1128 mens
572 1076 678 1129 nostra
703 1069 756 1130 sit:
785 1068 859 1144 hoc,
889 1068 973 1143 quod
997 1069 1132 1150 luturuur

148 1155 234 1228 dico,
256 1170 324 1214 eum
345 1152 476 1212 maxime
495 1153 530 1213 fit
548 1161 577 1213 et
597 1169 669 1229 pars
692 1153 759 1214 eius
777 1168 887 1227 magna
902 1153 960 1211 iam
976 1152 1058 1212 laeta
1072 1160 1130 1214 est

147 1255 216 1297 nam
234 1237 317 1312 quod
332 1237 465 1296 viximus
480 1245 617 1311 tempus,
639 1253 676 1297 eo
692 1237 761 1298 loco
778 1244 839 1310 est,
862 1253 924 1311 quo
941 1240 1029 1310 [erat]
1046 1244 1129 1297 ante·

150 1337 241 1397 quam
268 1321 411 1381 viximus.
447 1335 584 1381 erramus
607 1328 721 1394 autem,
749 1321 800 1395 qui
826 1320 962 1381 ultimum
988 1319 1131 1381 timemus

149 1405 243 1479 diem,
268 1421 337 1465 cum
352 1404 537 1464 tantumdem
553 1403 583 1463 in
598 1412 725 1465 mortem
742 1404 854 1479 singuli
870 1404 1038 1464 conferant.
1066 1420 1131 1465 non

147 1488 198 1548 ille
212 1489 326 1562 gradus
342 1487 552 1548 lassitudinem
568 1489 656 1563 lacit,
678 1489 707 1547 in
725 1505 786 1563 quo
803 1487 981 1562 deficimus,
1004 1487 1062 1548 sed
1079 1488 1132 1548 ille

148 1572 315 1647 profitetur.
356 1572 394 1631 ad
413 1577 540 1632 mortem
562 1572 627 1631 dies
652 1580 807 1633 extremus
829 1572 983 1647 pervenit,
1011 1572 1132 1633 accedit

149 1656 257 1716 omnis.
288 1656 386 1730 carpit
408 1671 465 1714 nos
488 1656 552 1729 illa,
574 1672 634 1716 nou
657 1657 789 1730 corripit.
819 1657 892 1716 ideo
913 1671 1043 1730 magnus
1065 1655 1129 1714 anl-

148 1756 231 1813 mus,
247 1739 391 1801 conscius
407 1737 465 1798 sibi
480 1739 614 1800 melioris
629 1746 769 1814 naturae,
786 1740 839 1800 dat
853 1739 977 1814 quidem
992 1754 1127 1814 operum,

147 1831 180 1884 ut
200 1824 229 1882 in
249 1823 306 1883 hac
322 1823 451 1883 statione
468 1839 529 1898 qua
548 1824 669 1898 positus
690 1831 752 1900 est,
773 1824 904 1884 honeste
925 1840 960 1884 se
975 1831 1070 1898 atque
1084 1823 1128 1881 in·

149 1908 265 1968 dustrie
276 1914 378 1982 gerala
394 1914 525 1967 ceterum
538 1906 613 1966 nihil
623 1908 741 1982 horum,
760 1924 839 1983 quae
851 1907 934 1969 circa
944 1913 1022 1981 sunt,
1036 1922 1129 1966 suum

148 1992 275 2065 iudicat,
298 1990 354 2050 sed
375 1998 408 2051 ut
429 1992 629 2052 commodatis
650 1993 742 2053 utitur
761 1993 942 2067 peregrinus
961 1997 992 2051 et
1013 2005 1128 2065 prope-

108 2088 228 2142 19rans.
259 2075 333 2135 Cum
348 2075 479 2151 aliquem
493 2075 584 2136 huius
599 2075 773 2137 videremus
794 2076 997 2149 constantiae,
1020 2072 1128 2148 quidni

148 2159 263 2220 subiret
283 2176 341 2222 nos
358 2160 478 2234 species
493 2176 554 2220 nou
570 2159 699 2221 usitatae
722 2161 849 2235 indolis,
869 2161 976 2235 utique
997 2158 1023 2219 si
1038 2157 1128 2231 hanc,

147 2251 180 2304 ut
193 2242 272 2317 dixi,
288 2242 525 2317 magnitudinem
540 2260 643 2304 veram
656 2260 728 2305 esse
740 2244 921 2304 ostendebat
935 2242 1128 2318 aequalitas?

147 2327 211 2388 veri
232 2335 319 2388 tenor
339 2334 511 2402 permanet,
533 2329 611 2388 ialsa
632 2344 693 2388 non
714 2329 839 2389 durant:
863 2327 987 2403 quidam
1003 2325 1126 2387 alternis

146 2412 275 2485 Vatinii,
297 2412 420 2472 alternis
439 2410 569 2472 Catones
592 2421 662 2473 sunt
682 2420 711 2472 et
731 2413 824 2474 modo
840 2427 947 2488 pamm
962 2410 1022 2471 illis
1038 2424 1125 2470 seve·

146 2513 199 2555 rus
215 2502 262 2555 est
277 2496 399 2567 CuriuS,
421 2510 527 2569 parum
549 2511 666 2571 pauper
680 2495 852 2570 Fabricius,
874 2511 981 2570 parum
1002 2493 1082 2570 frugi
1097 2498 1126 2552 et

148 2586 306 2640 contentus
318 2579 428 2638 vilibus
440 2578 573 2640 Tubero=
593 2580 686 2640 modo
697 2580 834 2640 Licinum
846 2580 971 2653 divitiis,
984 2578 1125 2654 Apicium

105 2662 266 2736 aocoenis,
288 2663 495 2722 Maecenatem
518 2663 634 2722 deliciis
655 2671 833 2738 provocant.
862 2663 1027 2724 Maximum
1049 2660 1124 2721 indi-

148 2747 228 2805 cium
252 2752 300 2804 est
328 2746 426 2804 malae
447 2745 555 2805 mentis
576 2745 734 2809 fluctuatio
757 2757 787 2809 et
806 2747 883 2808 inter
903 2747 1124 2808 simulationem

149 2828 290 2888 virtutum
304 2843 500 2903 amoremque
515 2829 656 2891 vitiorum
672 2832 802 2893 adsidua
818 2830 948 2893 iactatio.
981 2832 1033 2910 [ls]

435 2913 561 2974 habebat
572 2932 662 2992 saepe
673 2917 820 2990 ducentos,

189 3012 279 3072 saepe
291 2998 392 3057 decem
405 3014 513 3058 servos.
537 3001 622 3060 modo
635 3009 820 3075 remeatque
834 3000 1009 3073 tetrarchus,

186 3083 285 3142 omniu
296 3098 407 3156 macne
418 3085 552 3158 loquens,
563 3085 665 3146 modo:
687 3088 744 3158 „sit
755 3086 829 3146 mibi
840 3100 941 3145 mensu
952 3085 1045 3160 tripes
1055 3089 1085 3144 et

186 3167 301 3227 concha
311 3170 382 3227 soh's
388 3171 476 3244 puri,
488 3174 555 3242 toea
570 3185 647 3242 quae
661 3169 827 3242 defendere
833 3169 937 3243 frepus

186 3253 319 3325 quamvis
333 3268 437 3312 crasse
447 3256 562 3326 queam
593 3254 698 3315 Decies
708 3259 830 3314 centeno
847 3253 978 3313 dedisses

187 3335 257 3395 huic
266 3351 378 3411 parco,
393 3339 500 3412 paucis
512 3342 660 3398 conante:
680 3341 808 3412 quinque
823 3338 925 3398 diebus

187 3419 232 3479 nil
243 3424 312 3479 erat
326 3422 358 3480 in
372 3422 484 3481 loculis.

99 3508 131 3561 at
145 3498 256 3562 Omnes
275 3503 323 3561 isti
343 3493 421 3563 ¹tales
443 3510 527 3578 sunt,
557 3505 676 3580 qualem
704 3506 785 3567 hunc
811 3504 957 3567 describit
976 3501 1122 3565 Horatius
