2468 3930
222 262 392 324 EPISTUL.
408 261 502 324 MOR.
523 263 596 323 LIB.
606 261 670 322 XX.
689 262 747 326 ΕΡ.
759 271 785 326 l.
807 267 897 340 (124.)
987 263 1050 330 415

71 424 217 493 quantum
239 416 277 474 ab
297 415 381 475 initio
402 415 585 490 perlectum:
606 428 680 488 ergo
696 429 754 474 nec
768 415 798 473 in
815 420 935 489 tenero,
957 418 1049 478 modo

69 502 265 561 coalescente
286 499 472 574 corpusculo
492 505 549 559 est.
587 498 692 574 quidni
712 515 774 558 non
789 498 850 558 sit?
872 515 934 559 non
951 501 1049 575 magis

69 601 162 661 quam
184 584 214 643 in
229 584 346 643 semine
368 582 427 642 hoc
445 598 509 643 erse
528 582 624 642 dicas.
652 583 790 657 Aliquod
803 581 924 643 arboris
939 600 976 644 ac
991 587 1089 650 satin

67 670 183 729 bonum
207 667 367 727 novimus:
396 666 457 726 hoc
482 683 544 727 non
571 673 618 727 εει
639 665 669 725 in
694 667 792 741 prima
818 668 940 739 fronde,
968 685 1048 744 quae

69 753 184 813 emissa
204 767 272 811 cum
295 750 427 810 maxime
448 752 549 811 solum
568 750 690 824 rumpit.
722 759 769 811 est
789 752 916 826 aliquod
932 753 1047 812 bonum

67 836 173 896 tritici:
195 834 255 896 hoc
277 835 413 895 nondum
429 841 477 894 est
491 835 521 893 in
536 834 632 893 herba
646 835 776 894 lactente
790 849 863 905 nec,
885 851 953 896 cum
969 836 1047 897 lolli-

68 922 137 981 culo
158 933 193 979 se
212 919 327 979 exserit
346 919 433 994 spica
448 917 564 991 mollis,
586 919 642 976 sed
662 933 731 977 cum
747 918 928 998 trumentum
944 927 1046 980 aestas

67 1010 97 1064 et
112 1004 214 1063 debita
228 1004 386 1063 maturitas
406 1002 498 1062 coxit.
541 1002 802 1075 Quemadmodum
820 1002 919 1062 omnis
940 1010 1048 1063 natura

68 1088 181 1148 bonum
205 1103 292 1146 suum
315 1087 374 1146 nisi
395 1093 605 1147 consummata
625 1102 687 1146 non
709 1086 839 1160 profert,
859 1086 901 1146 ita
915 1085 1046 1146 hominis

67 1171 180 1232 bonum
195 1188 256 1232 non
273 1171 363 1231 estin
378 1171 511 1245 homine,
528 1169 589 1229 nisi
603 1186 671 1229 cum
691 1170 732 1229 illi
747 1169 824 1228 ratio
837 1170 975 1245 perlecta
989 1177 1045 1230 est.

67 1254 155 1328 Quod
177 1262 277 1315 autem
292 1255 352 1314 hoc
366 1255 501 1316 bonumt
526 1254 641 1313 dicam:
665 1254 743 1313 liber
756 1253 891 1328 animus,
914 1262 1087 1328 erectus,12

67 1339 126 1398 alla
142 1339 297 1399 subiciens
312 1339 385 1411 sibi,
405 1354 440 1398 se
462 1337 544 1398 nulli.
573 1336 632 1398 hoc
654 1337 769 1398 bonum
791 1338 871 1398 adeo
893 1354 954 1398 non
967 1337 1045 1398 reoi-

65 1423 110 1497 pit
123 1423 264 1497 infantia,
279 1431 313 1484 ut
330 1424 459 1498 pueritia
474 1438 534 1481 non
551 1430 669 1496 speret,
690 1421 900 1482 adulescentia
915 1422 1046 1497 inprobe

66 1514 185 1582 speret:
206 1509 285 1567 bene
300 1507 398 1582 agitur
414 1523 482 1567 cum
497 1512 670 1579 senectute,
692 1506 718 1566 si
733 1508 772 1565 ad
787 1505 861 1565 illud
876 1507 967 1579 longo
983 1511 1045 1566 stu·

67 1590 117 1652 dio
134 1593 312 1666 intentoque
325 1589 477 1665 pervenit:
494 1590 521 1650 si
533 1589 605 1661 hoc,
620 1598 650 1650 et
665 1591 803 1650 bonurn
819 1595 870 1662 [et]
888 1588 1044 1650 intelle-

65 1674 187 1749 gibile
209 1683 265 1736 est.
295 1675 444 1747 ,‚Dixisti,
466 1674 577 1749 inquit,
600 1673 727 1749 aliquod
741 1674 855 1735 bonum
871 1688 941 1733 esse
957 1672 1088 1739 arbo-13

65 1758 123 1833 ris,
139 1760 265 1833 aliquod
276 1758 406 1819 herbae:
422 1764 525 1833 potest
539 1774 612 1833 ergo
625 1759 751 1834 aliquod
763 1773 835 1818 esse
850 1765 880 1818 et
890 1758 1044 1818 infantis.“

65 1844 178 1902 Verum
193 1844 307 1904 bonum
324 1859 382 1903 nec
397 1844 428 1903 in
444 1841 606 1903 arboribus
621 1858 679 1902 nec
695 1843 724 1902 in
741 1844 831 1903 mutis
847 1841 1043 1902 animalibus:

64 1926 139 2002 hoc,
163 1927 248 2002 quod
267 1929 374 1989 inillis
395 1928 509 1988 bonum
532 1934 593 2002 est,
623 1927 762 2002 precario
789 1928 901 1987 bonum
926 1926 1043 1986 dieitur.

64 2013 177 2084 „quod
198 2011 291 2072 estt“
313 2011 425 2088 inquis.
450 2011 526 2083 hoe,
543 2011 628 2085 quod
644 2012 814 2071 secundum
830 2011 978 2084 cuiusque
991 2026 1043 2068 na·

63 2101 160 2154 turam
175 2103 231 2154 cst.
258 2096 372 2155 bonurn
390 2094 513 2169 quidem
530 2095 641 2154 cadere
656 2095 687 2154 in
705 2101 819 2154 mutum
833 2094 944 2174 animal
959 2094 1042 2154 nullo

63 2178 156 2238 modo
172 2185 291 2252 potest:
315 2176 459 2237 felicioris
474 2176 674 2252 meliorisque
689 2186 815 2238 naturae
830 2185 892 2237 est:
914 2176 974 2237 nisi
990 2177 1042 2237 ubi

63 2262 174 2321 rationi
195 2262 285 2322 loeus
305 2267 367 2336 est,
389 2260 503 2320 bonum
524 2275 584 2318 non
608 2269 663 2320 est.
687 2262 823 2335 Quatuor
843 2261 902 2320 hae
918 2267 1043 2320 naturae
1053 2273 1086 2325 14

64 2352 149 2419 sunt,
169 2344 304 2418 arboris,
327 2345 482 2418 animalis,
505 2343 652 2418 hominis,
675 2345 740 2403 dei=
764 2343 842 2403 haec
863 2344 939 2415 duo,
964 2358 1043 2417 quae

63 2430 225 2491 rationalia
252 2438 337 2504 sunt,
367 2430 507 2490 eamdem
527 2434 664 2488 naturam
690 2427 817 2498 babent,
846 2427 895 2487 illo
920 2425 1044 2486 diversa
1112 2495 1113 2498 Ἴ

64 2521 148 2590 sunt,
171 2516 256 2592 quod
277 2516 404 2576 alterum
424 2513 597 2586 inmortale,
624 2514 751 2574 alterum
771 2511 899 2570 mortale
915 2516 971 2569 est.
1005 2525 1043 2568 ex

62 2597 110 2657 his
126 2615 199 2674 ergo
215 2601 305 2661 unius
320 2601 435 2660 bonum
449 2603 558 2658 natura
574 2597 708 2672 perficit,
731 2596 780 2656 dei
796 2595 951 2672 [scilicet],
969 2595 1042 2654 alte-

62 2683 126 2743 rius
143 2701 231 2756 cura,
247 2684 394 2745 hominis:
418 2689 519 2744 cetera
532 2689 648 2743 tantum
663 2682 693 2740 in
711 2690 768 2742 sua
783 2687 891 2740 natura
907 2678 1043 2754 perlecta

65 2772 150 2839 sunt,
172 2783 232 2826 non
248 2785 321 2828 vere
341 2769 493 2845 perlecta,
514 2765 659 2842 aquibus
675 2766 764 2826 abest
776 2764 865 2825 ratio.
887 2763 947 2824 hoc
962 2763 1042 2823 enim

64 2849 185 2908 demum
207 2853 373 2924 perlectum
394 2858 456 2924 est,
476 2851 560 2927 quod
581 2852 751 2912 secundum
765 2849 939 2910 universam
956 2854 1041 2908 natu-

62 2949 127 2992 ram
143 2934 319 3007 perlectum.
348 2934 492 2995 universa
507 2942 607 2995 autem
622 2944 728 2995 natura
744 2934 899 2994 rationalis
914 2938 976 2992 est:
993 2946 1042 2993 ce·

63 3025 129 3077 tera
150 3025 283 3092 possunt
307 3019 338 3077 in
361 3034 418 3078 suo
440 3034 553 3093 genere
573 3034 646 3079 esse
664 3020 810 3094 perlecta.
847 3018 880 3076 In
899 3032 961 3092 quo
980 3022 1083 3076 nonlt

62 3110 168 3177 potest
180 3102 272 3161 beata
285 3102 347 3162 vita
362 3117 450 3173 esse,
465 3118 523 3162 nec
537 3101 570 3161 id
584 3110 701 3178 potest,
718 3119 779 3175 quo
794 3101 885 3161 beata
897 3099 958 3159 vita
974 3097 1040 3156 elli-

64 3186 154 3247 citur:
183 3186 274 3247 beata
296 3192 396 3247 autem
416 3186 478 3245 vita
496 3186 588 3246 bonis
605 3186 744 3246 allicitur.
776 3185 807 3243 in
823 3191 905 3243 muto
920 3179 1042 3242 animali

62 3277 187 3330 nonest
205 3271 296 3331 beata
313 3270 375 3331 vita
388 3285 446 3329 nec
467 3268 514 3343 id,
535 3286 597 3344 quo
615 3269 705 3329 beata
722 3269 784 3328 vita
799 3267 944 3327 efficiturr
966 3279 1040 3338 ergo

61 3354 92 3412 in
114 3363 197 3416 muto
219 3355 342 3415 animali
363 3353 477 3415 bonum
499 3369 560 3415 non
582 3359 638 3414 est.
670 3351 787 3413 Mutum
808 3350 920 3411 animal
946 3354 1083 3411 sensuit

63 3439 246 3515 conprendit
266 3436 451 3517 praesentia.
480 3437 712 3513 praeteritorum
732 3435 950 3509 reminiscitur,
973 3447 1042 3493 cum

61 3519 94 3582 ld
107 3522 227 3598 incidit,
250 3540 311 3602 quo
326 3539 440 3586 sensus
455 3522 687 3585 admoneremur
708 3526 863 3597 tamquam
878 3534 978 3596 equus
992 3531 1040 3577 re·
