2468 3930
206 233 269 298 130
502 231 534 290 L.
555 231 703 291 ΑΝΝᾸΕΙ
726 231 901 292 SENECAE

205 385 340 461 luxuria,
363 385 470 446 illeex
486 381 649 442 ambitione
663 388 695 442 ot
708 382 894 442 circumfusa
908 379 1064 443 clientium
1079 384 1181 466 turba,

203 470 254 530 ille
273 485 313 529 ex
328 467 440 540 amica,
462 467 539 526 alius
554 481 594 525 ex
614 465 784 526 studiorum
799 465 966 526 liberalium
980 482 1063 527 vana
1077 476 1180 529 osten-

202 554 318 613 tatione
338 559 369 610 et
388 550 462 609 nihil
483 549 661 609 sanantibus
683 548 793 608 literisa
814 563 920 610 omnes
946 549 1025 611 istos
1044 551 1180 613 oblecta-

203 642 304 695 menta
319 634 438 693 fallacia
460 639 491 692 ct
512 632 618 691 brevia
637 631 807 707 decipiunt,
829 633 909 693 sicut
928 633 1076 706 ebrietas,
1098 650 1182 710 quae

144 767 146 771 .
201 720 293 780 nnius
307 718 403 778 horae
416 716 543 775 hilarem
557 715 705 774 insaniam
720 714 804 790 longi
823 715 971 791 temporis
984 718 1088 778 taedio
1102 734 1181 794 pen-

204 810 267 874 sat,
291 801 370 862 sicut
391 801 518 874 plausus
540 805 571 859 et
584 798 815 860 adclamationis
829 801 986 860 secundae
1002 801 1107 875 lavor,
1128 801 1181 876 qui

163 898 314 961 16magna
329 883 531 945 sollicitudine
547 889 577 943 et
591 889 698 957 partus
714 888 762 943 est
776 889 806 942 et
819 882 1002 958 expiandus.
1023 884 1092 946 Hoc
1105 900 1180 960 ergo

205 968 321 1044 cogita,
340 967 422 1027 hunc
442 982 514 1026 esse
530 965 699 1040 sapientiae
716 966 873 1039 effectum,
893 965 997 1041 gaudii
1012 969 1181 1043 aequalita-

205 1061 275 1113 tem.
309 1051 379 1111 talis
404 1056 452 1109 est
475 1049 623 1125 sapientis
647 1049 782 1121 animoa,
801 1050 901 1124 qualis
926 1050 1059 1111 mundus
1085 1067 1182 1127 super

205 1139 322 1197 lunam=
344 1149 467 1209 semper
486 1134 547 1193 illic
568 1148 710 1192 serenum
731 1141 787 1194 est.
818 1133 923 1193 Habes
943 1149 1017 1208 ergo
1038 1141 1070 1194 et
1085 1151 1181 1210 quare

205 1219 283 1280 velis
295 1219 421 1294 sapiens
433 1232 521 1290 esse,
536 1217 563 1275 si
577 1232 742 1291 numquam
758 1216 824 1276 sine
836 1215 948 1291 gaudio
960 1223 1017 1276 est.
1034 1219 1181 1293 gaudium

205 1305 265 1364 hoc
280 1319 342 1362 non
357 1301 493 1360 nascitur
506 1300 616 1359 nisiex
630 1301 772 1360 virtutum
784 1300 979 1361 conscientia
1001 1317 1062 1362 non
1079 1308 1180 1378 potest

167 1399 202 1455 17
212 1388 363 1463 gaudere,
383 1383 443 1442 nisi
458 1383 559 1454 sortis,
582 1383 640 1442 nisi
655 1383 772 1455 iustus,
792 1383 851 1443 nisi
865 1391 1050 1459 temperans.
1081 1384 1179 1460 „Quid

206 1476 302 1544 ergo?
326 1467 445 1541 inquis,
468 1467 550 1526 stulti
571 1482 608 1526 ac
628 1468 699 1527 mali
719 1484 780 1528 non
797 1467 971 1542 gandentr‘
998 1484 1061 1529 non
1082 1468 1180 1542 magis

207 1569 297 1629 quam
319 1551 466 1626 praedam
485 1552 587 1609 nancti
602 1551 723 1610 leones=
745 1566 816 1611 cum
834 1552 1038 1626 fatigaverunt
1056 1567 1092 1612 sc
1106 1551 1178 1611 vino

208 1652 244 1697 ac
264 1633 454 1708 libidinibus,
472 1650 540 1694 oum
560 1634 629 1694 illos
643 1650 707 1695 nox
726 1635 804 1696 inter
818 1635 890 1696 vitia
902 1635 1029 1711 defecit,
1046 1650 1179 1697 cumvo-

208 1723 340 1794 luptates
362 1725 492 1793 angusto
515 1715 640 1791 corpori
664 1718 741 1777 ultra
765 1734 857 1793 quam
878 1719 1020 1794 capiebat
1042 1720 1181 1794 ingestae

209 1817 382 1878 suppurare
396 1807 577 1877 coeperunt:
594 1808 665 1861 tunc
676 1803 848 1862 exclamant
861 1800 965 1864 miseri
973 1803 1180 1879 Vergilianum

207 1889 290 1948 illum
305 1901 443 1946 versum:
1018 1919 1021 1922 <

292 1986 420 2044 nampio
432 1974 467 2028 ot
477 1984 646 2044 supremam
654 1968 740 2042 folco
754 1971 833 2031 inter
842 1971 959 2046 ooodio
972 1976 1085 2032 noctem

292 2057 452 2130 operimus,
467 2054 550 2112 nosti.

167 2137 337 2208 rsomnem
356 2135 507 2198 luxuriosi
528 2143 648 2196 noctem
669 2135 746 2196 inter
767 2137 846 2196 falsa
865 2137 978 2212 gaudia
1003 2143 1033 2197 et
1059 2135 1181 2211 quidem

208 2230 364 2297 tamquam
386 2235 560 2294 supremam
581 2226 689 2294 agunt:
718 2219 794 2280 illud
814 2221 974 2295 goudium,
997 2220 1082 2295 quod
1104 2220 1181 2281 deos

210 2307 400 2380 deorumque
428 2305 567 2364 aemulos
589 2303 743 2378 sequitur,
770 2321 833 2365 non
853 2304 1097 2381 interrumpitur,
1121 2319 1182 2363 non

91 2409 95 2416 ·
210 2390 335 2451 desinit:
350 2389 520 2462 desineret,
542 2387 568 2448 si
589 2395 744 2463 sumptum
765 2395 850 2448 esset
868 2389 999 2449 aliunde.
1033 2387 1182 2464 quianon

210 2482 258 2534 est
277 2474 367 2535 alieni
388 2471 537 2547 muneris,
559 2487 598 2531 ne
612 2471 726 2531 arbitrii
747 2472 872 2546 quidem
892 2473 982 2533 alieni
999 2479 1056 2533 est.
1093 2471 1181 2546 Quod

209 2575 271 2618 non
287 2556 372 2618 dedit
385 2557 521 2630 fortuna,
544 2572 605 2616 non
621 2554 719 2630 eripit.
751 2556 838 2615 Vale.

489 2674 706 2744 EPISTULA
730 2676 804 2732 vlll.
831 2678 902 2747 (60.)

463 2769 574 2821 Sennea
589 2770 700 2822 Lucuro
718 2783 770 2822 suo
789 2783 928 2827 saturnu.

179 2912 190 2964 1
272 2887 403 2962 Queror,
426 2886 525 2965 litigo,
547 2889 673 2950 irascor.
709 2890 880 2952 etiamnunc
902 2897 1006 2966 optas,
1029 2888 1115 2965 quod
1129 2887 1183 2966 tibi

211 2972 328 3046 optavit
344 2973 445 3032 nutrix
459 2979 511 3032 tua
531 2980 583 3033 out
604 2974 804 3050 paedagogus
825 2982 878 3035 aut
897 2980 1012 3035 matari
1046 2972 1184 3039 noudum

209 3053 375 3130 intellegis,
404 3065 550 3131 quantum
579 3058 650 3116 mali
678 3059 871 3132 optaverint?
906 3074 1036 3134 oquam
1061 3057 1185 3118 inimica

209 3141 299 3201 nobis
321 3147 393 3200 sunt
412 3149 484 3202 vota
500 3147 691 3202 nostrorum!
724 3157 761 3202 eo
787 3143 909 3217 quidem
929 3139 1099 3202 inimiciora
1120 3154 1183 3216 quo

211 3240 334 3285 cessere
348 3224 477 3286 felicius.
503 3225 563 3285 iam
578 3243 639 3287 non
655 3225 803 3299 admiror,
824 3227 850 3286 si
866 3226 967 3287 omnia
982 3241 1071 3286 noso
1084 3222 1183 3298 prima

211 3308 339 3383 pueritia
359 3311 440 3370 mala
460 3317 645 3384 sequuntur-2
673 3309 750 3370 inter
770 3311 1000 3371 exsecrationes
1022 3315 1184 3385 pareutum

210 3393 370 3454 crevimus.
407 3394 580 3454 Exaudiant
599 3392 630 3455 di
653 3410 777 3469 quoque
797 3403 932 3456 nostram
948 3410 1004 3470 pro
1023 3390 1114 3453 nobis
1128 3404 1183 3450 vo-

175 3482 276 3535 acem
290 3477 459 3552 gratuitam.
476 3478 684 3553 Quousque
700 3494 905 3553 poscemus
920 3476 1072 3555 aliquid
1085 3475 1184 3537 deos
