2468 3930
495 281 729 333 PRAEFATIO,
1086 291 1124 333 xv

106 421 215 472 tiiiciose
227 418 410 483 componendi,
429 417 596 467 instrumenta
608 433 708 482 660660
722 419 777 468 0160
788 419 850 468 artis
865 432 923 468 cum
939 424 991 467 arte
1008 418 1064 483 ipsa
1079 421 1123 470 ab·

106 493 261 548 100000660;
277 488 361 549 itaque
380 485 483 536 iliarum
501 501 601 549 quoque
620 487 801 552 particularum
818 501 882 550 quae
896 486 950 536 sola
965 488 991 535 in
1004 495 1123 552 promptu

105 559 188 609 habeo
207 555 338 621 exempla,
358 555 416 604 Nat.
435 554 549 615 Quaestt,
569 556 621 618 VI,
632 557 675 618 22,
693 556 719 605 1.
736 555 794 621 (21,
810 554 850 621 3).
869 556 916 621 Ep.
929 553 973 617 66,
985 555 1011 607 6.
1028 556 1123 607 incerta

106 634 176 685 sunt;
197 626 261 677 meis
279 623 347 674 enim
364 625 478 673 nituntur
494 624 660 687 coniecturis,
676 640 740 687 quas
758 640 824 675 nunc
838 625 954 688 quamvis
972 624 1006 674 ad
1022 632 1123 675 senten-

105 696 166 747 tiam
184 702 271 760 aptas,
292 702 377 743 tamen
396 691 552 742 damnandas
572 693 662 753 credo;
687 695 755 756 quod
771 701 855 744 autem
870 708 948 743 unum
970 701 1066 744 certum
1083 702 1123 744 est

104 765 152 831 ap.
171 765 218 824 84,
238 764 268 823 1,
287 761 390 826 idipso
409 775 502 826 genere
520 760 675 823 aliquantum
691 762 788 821 differt3
807 777 858 812 nou
876 762 958 810 miuus
976 763 1123 828 negaverim

104 840 256 883 tum-tum
272 830 411 897 particulas
428 844 443 878 0
458 827 568 880 Senecae
585 832 767 882 consuetudine
782 829 879 881 alienas
891 845 955 881 esse.
992 828 1043 882 Sed
1058 831 1123 880 haec

104 901 240 960 hactenus;
259 901 322 950 satis
341 900 409 950 enim
425 897 613 949 demonstrasse
628 899 692 950 mihi
704 901 792 951 videor
807 915 858 950 nou
870 900 945 949 nimis
962 899 1044 950 levem
1056 899 1123 949 hano

105 978 129 1019 et
146 969 345 1036 perfunctoriam
368 981 454 1018 curam
474 966 569 1031 fnisse,
594 982 670 1031 quam
694 968 721 1017 in
739 968 851 1018 Senecae
869 968 940 1018 libris
959 969 1123 1018 recensendis

105 1039 195 1104 posui,
215 1055 262 1090 nec
283 1046 369 1088 tamen
389 1037 413 1086 si
435 1035 505 1085 locos
527 1035 597 1087 haud
618 1051 715 1102 paucos
737 1045 805 1087 recte
829 1037 893 1087 mihi
913 1038 1063 1087 emendasse
1083 1037 1124 1086 vi-

107 1108 182 1169 deor,
201 1107 287 1172 plures
302 1119 436 1171 superesse
453 1118 534 1169 nego,
552 1106 596 1166 qui
615 1104 697 1155 adhuc
716 1106 803 1155 critico
820 1105 916 1155 auxilio
935 1113 1034 1170 egeant.

172 1177 203 1224 Iu
218 1174 398 1239 orthographia
420 1172 541 1223 nonnulle
559 1174 666 1237 novavi,
686 1188 751 1237 quae
769 1173 833 1223 mihi
851 1189 908 1223 curu
926 1174 1123 1238 discrepantiam

60 1260 61 1290 fi
105 1259 119 1293 e
137 1243 209 1293 libris
227 1257 244 1308 p
261 1250 285 1291 et
302 1244 321 1292 P
344 1249 455 1292 notatam
470 1243 527 1306 ipsa
545 1248 625 1292 toturn
639 1243 823 1308 inspexissem,
845 1241 989 1308 probabilia
1004 1243 1121 1292 videren-

103 1319 161 1372 tur,
179 1311 324 1361 universam
347 1325 407 1361 vero
428 1310 537 1362 Fickerti
560 1312 697 1373 rationem,
719 1326 795 1373 quam
813 1312 839 1360 in
857 1310 1031 1375 superioribus
1049 1309 1122 1359 volu·

104 1382 217 1430 minibus
234 1387 335 1431 secutus
357 1393 454 1443 essem,
475 1381 502 1428 in
523 1379 640 1444 epistulis
665 1381 780 1430 deserere
796 1393 846 1430 non
863 1379 976 1445 placuit3
1001 1378 1064 1429 illud
1082 1386 1120 1428 ta·

103 1464 161 1500 men
177 1450 303 1515 poenitet,
328 1448 396 1513 6606
419 1463 476 1498 066
499 1454 578 1498 00006
602 1448 668 1499 hanc
698 1464 784 1499 curam
812 1449 976 1512 obiecissem,
999 1447 1122 1498 nonnulle

102 1521 181 1569 etiam
199 1519 294 1567 intacta
316 1517 423 1580 reliqui,
453 1531 516 1580 quae
540 1516 605 1567 10100
629 1532 685 1567 esse
707 1533 757 1568 non
780 1519 943 1584 ignorabam3
968 1518 1033 1567 inter
1056 1531 1122 1580 quae

103 1588 215 1638 maxime
237 1586 299 1635 mihi
321 1600 472 1648 succenseo,
496 1585 566 1649 quod
586 1588 613 1636 in
630 1585 688 1636 Nat.
708 1586 820 1647 Quaestt.
841 1586 1033 1638 6000166006
1056 1585 1120 1635 tole·

100 1658 157 1708 ravi
166 1656 178 1719 ,'
193 1656 237 1719 qui
252 1662 291 1705 000
310 1654 457 1708 6000160.

171 1754 274 1804 Accede
292 1754 344 1802 iam
363 1754 396 1803 ad
408 1768 451 1815 00,
469 1768 533 1816 6600
550 1760 649 1818 praeter
665 1752 788 1818 epistulas
801 1750 912 1803 Senecae
923 1753 983 1804 huic
998 1753 1120 1805 volumini

100 1824 194 1878 adieci.
213 1823 249 1872 Ac
259 1823 371 1887 primum
382 1822 484 1885 quidem
499 1821 701 1887 fragmenta,
722 1830 842 1884 quantum
854 1822 924 1872 brevi
938 1830 1051 1887 tempore
1065 1823 1118 1872 fler¹

99 1893 200 1959 potuit,
219 1891 308 1942 sedulo
327 1890 434 1957 collegi,
454 1890 583 1952 ordinavi,
602 1891 748 1952 emendavi3
772 1906 836 1954 quae
854 1898 990 1955 postquam
1007 1893 1119 1956 primum

101 1961 209 2012 collecta
223 1967 297 2023 sunt,
321 1960 436 2026 neglecta
458 1959 602 2022 iacuerunt,
621 1968 645 2010 et
661 1967 732 2011 tanta
745 1959 794 2009 init
809 1961 977 2010 recentiorum
994 1962 1120 2010 editorum

101 2031 219 2094 desidia,
242 2035 269 2078 ut
292 2044 348 2078 oum
370 2035 472 2094 paratas
496 2028 529 2078 ad
552 2043 582 2078 ea
605 2028 783 2095 locupletanda
807 2028 894 2094 copias
911 2028 1032 2079 baberent
1051 2044 1066 2079 a
1082 2029 1117 2078 Io.

101 2097 159 2156 Alb.
178 2097 295 2149 Fabricio
312 2099 338 2147 in
353 2097 414 2150 bibl.
440 2097 484 2147 lat.
504 2098 664 2162 propositas,
690 2113 722 2148 ne
744 2111 847 2148 manum
866 2097 969 2161 quidem
989 2098 1120 2163 porrigere

103 2167 237 2221 voluerint.
272 2165 329 2216 Non
347 2174 430 2216 tamen
449 2166 537 2217 dubito
556 2166 617 2229 quin
642 2167 757 2234 longiore
779 2167 864 2217 studio
884 2167 958 2233 plura
976 2166 1120 2233 fragmenta

103 2235 222 2302 indagari
240 2236 353 2300 possint,
372 2251 437 2299 quae
454 2250 495 2285 me
511 2234 594 2285 adhuc
605 2234 738 2301 hugerunt3
756 2250 835 2286 unum
851 2251 921 2298 vero,
940 2236 1008 2297 6606
1018 2242 1122 2284 exstare

103 2304 229 2366 sciebam,
256 2318 408 2366 quamquam
431 2311 456 2353 et
480 2318 528 2369 ego
550 2318 649 2353 summa
668 2319 744 2370 opera
762 2305 876 2368 quaesivi
899 2311 924 2353 et
942 2305 973 2354 ab
992 2303 1049 2352 aliis
1068 2303 1119 2352 sci-

103 2374 210 2424 scitatus
228 2388 300 2437 sum,
319 2380 403 2423 tamen
426 2372 547 2438 indagare
565 2387 615 2422 non
638 2373 722 2438 potui;
746 2373 869 2421 memoria
887 2373 955 2421 enim
974 2380 1045 2421 teneo
1062 2379 1119 2421 ante

120 2441 195 2559 'giuti
208 2442 261 2492 iere
275 2455 356 2491 annos
376 2443 401 2491 in
420 2440 522 2491 Diuruis
542 2441 581 2491 vel
598 2440 771 2502 scholasticis,
795 2455 860 2502 quae
882 2446 936 2489 tum
954 2434 1117 2500 vocabantur,

161 2511 217 2560 aliis
228 2511 354 2576 prolatum
367 2525 423 2561 0000
437 2510 521 2560 10066
534 2510 675 2574 quendam,
691 2508 736 2573 qui
748 2509 927 2559 inscriberetur
943 2508 970 2557 in
980 2507 1121 2556 recentiore

102 2455 127 2491 Vl

102 2525 133 2561 76

104 2613 208 2676 quidem
226 2611 313 2662 codice
331 2627 379 2662 ms.
400 2613 437 2663 de
453 2577 528 2678 610,
545 2615 562 2664 i.
578 2631 600 2665 e.
621 2615 658 2665 de
676 2611 912 2664 misericordia
927 2612 1021 2675 quique
1040 2609 1118 2661 Seue·

105 2695 151 2731 cae
167 2694 225 2730 esse
242 2681 379 2742 diceretur3
396 2684 466 2745 quod
485 2684 546 2746 quid
564 2684 602 2735 rei
624 2685 671 2747 sit,
697 2685 782 2734 dicere
803 2695 870 2732 6660
891 2695 941 2732 606
965 2695 1119 2746 pessumae

102 2749 214 2800 fortasse
232 2751 446 2814 operaepretium
464 2759 567 2803 nonest
585 2753 692 2803 multum
710 2767 846 2815 quaerere3
864 2751 1017 2801 mentionem
1034 2757 1120 2800 tamen

102 2820 162 2868 eius
179 2818 274 2868 inventi
290 2821 491 2884 praetermittere
508 2821 586 2875 nolui.
623 2822 671 2882 Qui
689 2836 755 2872 unus
773 2835 853 2886 nuper
871 2820 902 2869 de
922 2819 1034 2869 Senecae
1049 2818 1119 2883 frag-

102 2886 197 2938 mentis
213 2900 333 2950 quaerere
350 2890 431 2954 coepit
447 2889 563 2940 Osannus
573 2891 655 2940 tribus
672 2891 747 2941 editis
758 2889 851 2940 libellis
867 2889 1018 2938 academicis
1036 2901 1119 2938 meam

102 2956 207 3020 quidem
223 2970 327 3021 operam
344 2973 395 3008 non
420 2959 557 3010 admodum
579 2960 677 3010 adiuvit
693 2961 743 3009 nisi
758 2959 785 3009 in
802 2959 867 3008 libro
884 2958 915 3007 de
932 2957 1052 3007 remediis
1067 2955 1119 3006 ior-

101 3027 241 3085 tuitorum3
265 3025 311 3075 sed
333 3027 361 3076 in
382 3041 412 3077 eo
436 3029 493 3093 ipso
509 3034 537 3077 ut
551 3027 709 3095 diligentiam
728 3043 757 3078 ac
775 3028 914 3077 doctrinam
929 3041 998 3076 more
1016 3040 1062 3075 suo
1081 3025 1119 3073 iu·

102 3095 204 3159 signem
219 3093 348 3159 prodidit,
365 3097 401 3146 ita
416 3097 537 3147 iudicium
556 3098 588 3147 de
603 3112 647 3161 eo,
663 3097 732 3162 6606
749 3094 846 3147 Seneca
865 3097 969 3160 dignum
987 3095 1033 3156 sit,
1053 3093 1117 3143 adeo

103 3165 229 3214 incertum
247 3169 273 3214 00
287 3164 434 3214 inconstans
452 3165 622 3230 deprehendi,
645 3174 673 3217 ut
691 3167 807 3230 quamvis
819 3180 861 3216 res
879 3162 1005 3213 aSeneca
1022 3175 1118 3210 memo-

103 3239 171 3282 ratas
190 3233 271 3298 probe
286 3240 386 3296 teneat,
412 3235 508 3300 ingenii
528 3242 611 3285 tamen
630 3236 684 3286 eius
699 3235 807 3285 formam
820 3248 851 3284 ac
867 3232 969 3284 dicendi
985 3236 1119 3280 consuetu·

106 3303 190 3353 dinem
207 3316 297 3366 parum
317 3305 478 3366 perspexisse
498 3303 628 3364 videntum
651 3319 730 3368 quare
752 3303 858 3353 miratus
882 3315 933 3351 non
954 3315 1024 3360 snm,
1049 3297 1118 3362 6606

105 3385 162 3420 066
176 3370 321 3436 fragmenta
330 3369 390 3420 libri
404 3372 435 3423 de
452 3373 612 3422 matrimonio
627 3374 797 3437 conquireret,
814 3376 914 3436 praeter
930 3384 973 3434 ea,
990 3382 1055 3432 quae
1074 3366 1119 3417 ad-

104 3437 154 3490 huc
173 3438 334 3501 ferebantur,
360 3453 438 3491 6666
454 3447 552 3492 tantum
572 3442 640 3506 apud
653 3442 831 3506 Hieronymum
847 3439 956 3502 invenit,
980 3437 1074 3502 quippe
1092 3436 1119 3484 in

105 3523 154 3572 660
170 3509 244 3560 Varii
262 3507 361 3558 Gemini
376 3511 470 3560 mentio
487 3509 514 3558 in
530 3510 618 3560 oeulos
632 3510 785 3569 incurrebat3
805 3523 852 3574 ego
871 3523 931 3558 vero
948 3506 1027 3557 multo
1045 3504 1120 3570 plura
