2468 3930
268 243 438 305 EPISTUL.
452 243 547 304 MOR.
568 245 641 307 LIB.
656 245 705 308 IX·
727 245 785 305 ΕΡ.
797 253 825 307 3.
845 251 916 321 (74.)
1014 245 1075 312 177

99 395 274 470 rapiuntur,
301 395 534 468 expulsurum.
572 393 646 454 nulli
668 409 757 468 vero,
784 396 874 456 etiam
896 395 946 458 eui
969 398 1078 472 rapina

100 477 230 541 feliciter
244 477 347 551 cessit,
363 476 508 551 gaudium
521 478 602 553 rapti
614 477 734 539 duravit
745 479 775 538 iu
786 487 955 555 posterum.
976 482 1078 555 itaque

99 561 360 638 prudentissimus
387 562 519 636 quisque
546 577 614 621 curn
635 560 765 638 primum
785 563 888 624 induci
909 564 992 625 videt
1014 582 1077 626 mu·

100 645 247 718 muscula,
268 659 289 703 a
308 643 427 706 dreatro
446 645 522 719 lugit
542 653 573 705 et
592 646 651 705 scit
672 662 783 721 magno
809 663 906 723 parva
920 657 1076 710 constaret

101 744 193 789 nemo
213 743 335 789 manum
357 728 492 789 conserit
511 744 579 788 cum
599 729 777 802 recedente,
805 747 895 792 nemo
916 739 1077 794 exeuntem

101 812 186 873 ferit:
209 811 291 872 circa
307 812 476 886 praemium
489 810 557 873 rixa
571 818 627 872 est.
655 813 739 872 Idem
753 814 785 872 in
800 814 848 874 his
864 816 978 888 evenit,
999 826 1106 890 quaes

101 897 225 957 fortuna
245 894 380 969 desuper
400 895 505 956 iactae
526 903 703 957 aestuamus
717 896 836 971 miseri,
859 897 1077 974 distringimur,

102 979 215 1041 multas
235 978 350 1041 habere
372 980 511 1054 cupimus
531 995 655 1053 manus,
683 980 775 1039 modo
795 980 826 1040 in
848 980 927 1040 hanc
951 991 1077 1057 partem,

103 1063 196 1124 modo
211 1061 243 1121 in
257 1061 339 1120 illam
352 1061 550 1137 respicimus=
570 1062 659 1123 nimis
678 1062 766 1123 tarde
778 1063 868 1125 nobis
883 1062 958 1125 mitti
972 1065 1077 1124 viden-

102 1154 167 1219 tur,
190 1160 272 1219 quae
287 1145 468 1219 cupiditates
482 1152 604 1206 nostras
620 1146 742 1206 inritant
755 1146 795 1205 ad
812 1161 931 1221 paucos
947 1162 1078 1222 perven-

102 1237 187 1303 tura,
208 1234 389 1303 exspectata
409 1228 560 1290 omnibus.
595 1229 639 1288 ire
661 1229 782 1291 obviam
797 1229 977 1290 cadentibus
993 1229 1106 1306 cupi-9

102 1329 181 1375 mus.
203 1311 383 1386 gaudemus
398 1312 425 1374 si
438 1312 512 1388 quid
522 1311 699 1384 invasimus,
716 1312 942 1387 invadendique
957 1314 1077 1388 aliquos

104 1412 179 1472 spes
194 1411 276 1457 vana
291 1395 418 1457 delusit:
445 1396 536 1457 vilem
555 1397 701 1472 praedam
722 1413 833 1472 rnagno
849 1397 951 1470 aliquo
964 1397 1078 1458 incom-

103 1479 197 1541 modo
219 1479 330 1541 luimus
355 1485 407 1541 aut
433 1478 623 1557 decipimur]
647 1488 698 1541 aut
718 1480 856 1542 lalllmur.
896 1482 1078 1542 secedamus

104 1564 208 1637 itaque
224 1563 345 1623 abistis
359 1563 440 1625 ludis
455 1571 486 1624 et
500 1563 608 1623 demus
622 1564 797 1639 raptoribus
812 1565 930 1624 locum:
952 1565 994 1625 illi
1007 1581 1077 1638 spe-

105 1653 189 1708 ctent
207 1646 291 1706 bona
309 1645 369 1707 ista
389 1647 553 1722 pendentia
574 1655 604 1707 et
622 1647 682 1722 ipsi
701 1648 798 1723 magis
815 1648 977 1722 pendeant.
1008 1648 1121 1721 Qui-10

105 1745 238 1806 eumque
253 1729 360 1790 beatus
376 1745 448 1792 esse
464 1729 641 1804 constituet,
662 1747 755 1792 unum
769 1747 842 1791 esse
856 1731 970 1793 bonum
986 1739 1078 1806 putet,

106 1814 190 1890 quod
205 1813 366 1875 honestum
381 1821 437 1874 est.
473 1831 543 1874 nam
563 1815 590 1875 si
610 1816 703 1875 ullum
722 1815 803 1875 aliud
824 1830 896 1875 esse
916 1814 1078 1889 existimat,

104 1899 236 1974 primum
255 1899 334 1958 mele
355 1897 394 1958 de
408 1898 600 1973 providentia
617 1899 745 1972 iudicat,
771 1898 844 1972 quia
857 1900 950 1958 multa
964 1898 1079 1959 incom-

104 1982 199 2042 moda
216 1980 304 2045 iustis
319 1980 393 2041 viris
409 1980 552 2046 accidunt
565 1990 596 2045 et
611 1984 697 2057 quia,
720 1982 865 2058 quioquid
880 1981 970 2045 nobis
986 1981 1079 2056 dedit,

106 2066 202 2127 breve
215 2071 263 2127 est
277 2071 307 2124 et
321 2065 474 2140 exiguum,
491 2065 518 2129 si
533 2081 685 2141 conpuras
700 2066 805 2127 mundi
816 2066 910 2127 totius
925 2082 1012 2126 aevo.
1033 2065 1080 2124 Ex
1089 2077 1121 2130 11

104 2148 167 2208 hac
181 2147 392 2223 deploratione
405 2149 554 2220 nascitur,
575 2157 609 2212 ut
622 2150 730 2224 ingrati
748 2148 918 2210 divinorum
933 2150 1080 2223 interpre-

104 2231 283 2294 cessimus:
300 2231 468 2306 querimur,
490 2233 574 2307 quod
589 2249 651 2293 non
667 2247 803 2306 semper,
826 2233 912 2305 quod
932 2240 963 2292 et
981 2246 1082 2307 pauca

72 2340 76 2346 ⁴
105 2315 198 2378 nobis
218 2323 249 2376 et
268 2317 384 2376 incerta
406 2323 436 2377 et
456 2316 574 2377 abitura
595 2316 780 2390 contingant.
814 2313 887 2375 inde
908 2323 968 2387 est,
996 2315 1081 2389 quod

105 2415 166 2461 nec
181 2399 284 2460 vivere
299 2415 356 2461 nec
369 2401 446 2460 mori
462 2402 620 2459 volumus:
640 2400 721 2459 vitae
735 2413 794 2458 nos
810 2396 914 2459 odium
928 2404 1024 2469 tenet,
1045 2397 1081 2457 ti-

106 2483 300 2546 mormortis.
334 2491 417 2544 natat
437 2499 527 2544 omne
547 2483 708 2545 eonsilium
729 2498 786 2542 nee
810 2480 927 2555 inplere
947 2497 1005 2541 nos
1019 2481 1082 2541 ulla

106 2567 237 2630 felicitae
252 2573 363 2642 potest.
398 2582 493 2628 eausa
508 2574 608 2629 autem
622 2574 683 2637 est,
705 2566 789 2639 quod
808 2581 870 2625 non
887 2564 1081 2639 pervenimus

107 2652 149 2713 ad
168 2650 243 2713 illud
261 2651 377 2711 bonum
396 2651 566 2711 inmensum
588 2658 618 2710 et
636 2649 857 2724 insuperabile,
879 2648 932 2710 ubi
952 2663 1083 2709 necesse

106 2742 157 2797 est
169 2735 293 2797 resistat
308 2736 449 2797 voluntas
465 2741 586 2807 nostra,
608 2736 679 2809 quia
698 2736 777 2796 ultra
793 2749 944 2794 summum
958 2750 1019 2795 non
1035 2739 1083 2792 est

106 2819 206 2880 locus.
237 2816 380 2893 Quaeris,
403 2833 498 2892 quare
519 2819 615 2879 virtus
629 2819 711 2880 nullo
727 2823 838 2892 agenr
866 2817 1082 2893 praesentibus
1092 2816 1124 2869 ll

106 2902 238 2978 gaudet,
252 2918 314 2962 non
330 2902 521 2977 concupiscit
534 2902 681 2963 absentia.
719 2902 793 2961 nihil
805 2917 867 2961 non
881 2901 923 2960 illi
941 2916 1084 2975 magnum

106 2993 171 3056 est,
187 2985 271 3061 quod
286 2983 371 3045 satis.
391 2985 440 3047 Ab
456 2985 516 3045 hoe
533 2986 660 3046 discede
674 2984 803 3046 iudicior
819 3002 881 3045 non
896 2984 995 3058 pietas
1010 2999 1082 3043 oon·

106 3068 215 3143 stabit,
229 3085 292 3129 non
303 3068 392 3129 fides.
424 3069 518 3130 multa
537 3076 696 3144 utramque
710 3076 868 3145 praestare
882 3067 1014 3142 cupienti
1029 3082 1083 3140 pa·

105 3153 212 3215 tienda
232 3160 305 3215 sunt
324 3167 363 3214 ex
382 3151 446 3225 his,
472 3169 551 3228 quae
570 3155 650 3213 mala
668 3159 825 3213 vocantur.
865 3151 957 3212 multa
976 3150 1083 3224 inpen-

107 3236 212 3299 denda
225 3251 265 3296 ex
281 3234 347 3308 his,
363 3235 474 3311 quibus
490 3236 855 3314 indulgemustamquam
871 3234 971 3294 bonis.
998 3233 1085 3308 perit,
1093 3239 1128 3294 13

107 3319 272 3394 tortitudo,
288 3335 368 3394 quae
383 3320 551 3394 periculum
565 3321 667 3380 lacere
678 3319 770 3380 debet
783 3319 839 3379 sui.
867 3317 945 3392 perit
958 3332 1083 3391 magna-

108 3403 245 3477 nimitas,
269 3419 349 3478 quae
369 3420 432 3465 non
452 3410 554 3478 potest
572 3405 720 3477 eminere,
741 3402 800 3463 nisi
815 3401 917 3463 omnia
932 3401 1015 3462 velut
1029 3400 1083 3460 mi-

108 3493 183 3551 nuta
196 3487 396 3563 ceunmprit,
420 3505 499 3564 quae
516 3506 571 3565 pro
585 3488 726 3550 maximis
745 3487 855 3562 volgus
877 3492 970 3561 optat.
1006 3483 1085 3560 perit

151 3590 254 3633 amca
272 3591 343 3631 run.
365 3575 408 3632 Ill.
880 3579 915 3632 la
