2468 3930
259 198 431 259 EPISTUL.
448 199 542 261 MOR.
560 200 633 260 LIB.
648 200 725 259 xlll.
742 199 800 261 ΕΡ.
815 210 841 262 3.
860 210 874 277 (
911 208 932 274 .)
1023 201 1086 265 247

100 354 251 414 bonorum
266 366 380 426 genera
394 351 602 425 inducentem,
623 354 715 414 modo
730 350 963 427 Academicum,
986 355 1087 415 omnia

100 439 216 498 incerta
233 435 398 495 dicentem=
425 435 552 509 adparet
572 434 646 495 nihil
666 435 775 497 horum
798 450 869 496 esse
890 438 920 496 in
942 435 1011 511 illo,
1037 438 1085 498 cui

99 520 204 582 omnia
227 520 337 578 insunt.
375 517 434 580 ista
454 519 534 577 enim
554 519 630 578 inter
651 535 686 579 se
700 518 860 579 dissident.
897 521 1012 581 Demus
1028 521 1086 581 illis

100 605 264 664 Homerum
281 601 499 677 philosophum
514 602 625 663 luisse:
648 618 759 677 nempe
775 603 900 677 sapiens
916 605 1014 664 lactus
1031 614 1086 679 est,

102 696 265 763 antequam
280 685 415 746 carmina
429 686 492 745 ulla
512 693 729 761 cognosceret:
752 701 825 760 ergo
847 687 898 746 illa
919 689 1085 762 discamus

103 786 182 846 quae
195 771 361 830 Homerum
377 770 478 830 iecere
493 768 673 844 sapientem.
704 770 772 830 Hoc
789 769 913 844 quidem
928 787 977 830 me
993 789 1116 846 quae-5

100 870 183 928 rere,
198 861 265 914 uter
278 854 376 913 maior
389 858 487 913 aetate
501 853 605 926 luerit,
617 855 770 913 Homerus
786 868 823 911 an
837 854 1008 930 Hesiodus,
1024 872 1085 916 non

101 937 198 1013 magis
220 937 260 997 ad
280 952 344 997 rem
365 937 495 1012 pertinet
519 953 609 1011 quam
633 937 726 1009 scire,
754 951 823 996 cum
843 937 942 999 minor
960 939 1087 999 Hecuba

101 1019 192 1083 luerit
206 1036 296 1096 quam
307 1020 432 1091 Helena,
449 1036 544 1095 quare
558 1028 619 1081 tam
634 1021 713 1080 male
724 1019 824 1079 tulerit
838 1028 977 1081 aetatem.
993 1022 1087 1096 quida

101 1105 241 1181 inquam,
264 1120 362 1164 annos
378 1103 510 1164 Patrocli
529 1111 559 1163 et
573 1104 700 1164 Achillis
720 1102 875 1178 inquirere
889 1104 928 1163 ad
943 1120 1008 1164 rem
1023 1106 1085 1163 exi-

102 1190 206 1251 stimas
228 1188 400 1330 pertineret
445 1188 588 1262 Quaeris,
615 1188 721 1248 Ulixes
742 1186 794 1247 ubi
814 1187 960 1247 erraverit
983 1187 1115 1263 potius?

104 1289 194 1349 quam
210 1287 227 1330 e
241 1271 337 1344 licias,
353 1287 391 1330 ne
407 1287 464 1331 nos
482 1287 604 1346 semper
619 1277 777 1331 erremust
807 1287 868 1331 non
890 1279 979 1332 vacat
1001 1271 1086 1332 audi-

100 1372 148 1430 re,
171 1361 270 1416 utrum
291 1357 369 1416 inter
387 1356 501 1416 ltaliam
522 1363 552 1415 et
573 1352 705 1415 Siciliam
726 1355 856 1415 iactatus
877 1355 975 1416 sitan
1000 1362 1088 1416 extra

102 1445 206 1501 notum
228 1439 318 1499 nobis
342 1440 456 1500 orbem.
495 1454 596 1514 neque
620 1438 699 1497 enim
720 1437 819 1514 potuit
836 1439 866 1498 in
881 1447 940 1500 tam
956 1446 1086 1515 angusto

100 1539 188 1584 error
207 1539 278 1584 esse
297 1530 358 1582 tam
378 1524 505 1597 longus:
529 1528 725 1598 tempestales
741 1539 799 1583 nos
812 1523 903 1582 animi
918 1524 1031 1585 cotidie
1044 1525 1085 1583 ia·
1138 1566 1142 1571 ·

101 1613 184 1666 olant
198 1615 228 1668 et
240 1607 374 1682 nequitia
388 1607 418 1666 in
434 1607 535 1666 omnia
549 1606 647 1668 Ulixis
665 1609 744 1666 mala
764 1606 895 1682 inpellit:
917 1625 979 1668 non
1000 1609 1088 1668 deest

102 1692 213 1766 lorma,
230 1706 310 1766 quae
325 1689 467 1751 sollicitet
485 1693 607 1765 oculos,
629 1708 690 1751 non
710 1690 818 1753 hostis.
860 1690 930 1751 hinc
950 1699 1088 1753 monstra

102 1774 197 1835 effera
212 1781 241 1834 et
255 1774 387 1835 humano
405 1791 513 1835 cruore
528 1775 701 1850 gaudentia,
719 1775 790 1835 hinc
805 1775 956 1836 insidiosa
969 1777 1088 1837 blandi-

101 1865 204 1919 menta
217 1858 349 1932 aurium,
370 1857 441 1918 hinc
461 1860 619 1934 naufragia
639 1867 670 1920 et
683 1867 727 1920 tot
745 1858 908 1921 varietates
922 1862 1087 1921 malorum:

102 1941 161 2003 hoc
176 1958 224 2002 me
239 1943 325 2016 doce,
342 1943 497 2017 quomodo
512 1943 640 2018 patriam
655 1959 761 2015 amem,
779 1945 934 2018 quomodo
949 1960 1086 2019 uxorem,

101 2026 258 2102 quomodo
274 2034 399 2100 putrem,
414 2028 569 2101 quomodo
585 2028 625 2087 ad
639 2028 716 2087 liaeo
730 2034 790 2087 tarn
805 2027 936 2089 honesta
950 2031 1001 2088 vel
1011 2045 1084 2088 nau-

104 2110 208 2185 fragus
223 2111 373 2188 navigem.
412 2110 490 2185 Quid
514 2109 660 2187 inquiris,
682 2127 720 2170 an
742 2110 896 2186 Penelope
920 2112 1115 2189 [impudicas

104 2195 206 2268 luerit,
232 2210 269 2254 un
293 2195 386 2255 verba
407 2195 513 2255 seculo
533 2212 589 2255 suo
606 2195 745 2254 dederit?
790 2210 828 2253 an
855 2195 975 2255 Ulixem
1004 2195 1088 2256 illum

104 2293 184 2352 csse,
201 2294 291 2354 quem
311 2276 443 2354 videbat,
460 2286 620 2352 antequam
634 2279 734 2351 sciret,
749 2278 906 2351 suspicata
917 2279 977 2338 sit‘t
1009 2280 1088 2339 doce

103 2377 166 2433 me,
194 2362 267 2437 quid
288 2363 327 2422 sit
348 2362 494 2438 pudicitia
509 2369 538 2422 et
554 2370 699 2437 quantum
716 2361 744 2420 in
760 2360 940 2435 echonem,
967 2362 997 2419 in
1020 2378 1087 2422 cor-

105 2462 180 2521 poro
198 2463 235 2506 an
254 2447 399 2506 inanimo
417 2447 517 2523 posita
538 2447 586 2506 sit.
628 2445 684 2505 Ad
703 2443 889 2505 musicum
910 2451 1116 2512 transeo=9

102 2531 199 2590 doces
214 2546 271 2605 me,
287 2533 443 2606 quomodo
459 2531 537 2591 inter
552 2546 586 2589 se
602 2536 708 2589 acutae
723 2543 760 2589 ao
773 2544 885 2603 graves
900 2542 996 2589 voces
1015 2545 1087 2590 con·

104 2623 228 2688 sonent,
252 2616 407 2690 quomodo
423 2630 586 2676 nervorum
602 2614 756 2688 disparem
772 2613 962 2674 reddentium
978 2629 1088 2673 sonum

103 2697 157 2758 fiat
170 2700 350 2760 concordia:
373 2701 420 2759 lac
437 2700 553 2775 potius,
571 2697 727 2773 quomodo
742 2697 861 2757 animus
878 2713 983 2758 secum
1000 2713 1087 2758 meus

103 2790 255 2843 consonet
274 2799 331 2843 nec
353 2784 481 2844 consilia
505 2799 572 2842 mea
599 2782 783 2858 discrepent.
828 2789 982 2843 monstras
1005 2782 1087 2856 mihi,

106 2867 155 2940 qui
168 2864 228 2926 sint
239 2867 322 2926 modi
342 2866 477 2927 flebiles:
494 2873 630 2927 monstra
645 2867 757 2941 potius,
773 2868 929 2941 quomodo
945 2867 1023 2926 inter
1034 2865 1088 2926 od-

104 2966 194 3009 versa
220 2965 279 3010 non
302 2951 434 3012 emittam
454 2950 585 3011 flebilem
601 2966 719 3010 vocem.
761 2950 892 3010 Metiri
917 2966 971 3010 me
997 2965 1131 3025 geo-10

103 3043 245 3095 metros
266 3035 381 3095 docet
395 3035 552 3095 latifundia
568 3035 670 3109 potius
686 3051 777 3109 quam
792 3034 917 3109 doceat,
933 3033 1088 3109 quomodo

104 3117 224 3193 metiar,
251 3127 397 3194 quantum
420 3118 534 3178 homini
559 3119 634 3179 satis
659 3119 707 3177 sit.
750 3131 950 3177 numerare
977 3117 1090 3176 docet

104 3217 158 3262 me
185 3201 464 3275 [arithmetice]
491 3209 522 3262 et
546 3202 690 3262 avaritiae
712 3200 886 3260 commodat
906 3199 1017 3273 digitos
1033 3215 1089 3274 pov·

105 3286 164 3346 llus
184 3302 276 3362 quam
290 3287 400 3347 doceat
413 3286 487 3346 nihil
502 3287 541 3345 ad
560 3302 624 3346 rem
641 3284 792 3359 pertinere
807 3283 883 3343 istas
899 3284 1088 3358 conputatio-

105 3385 178 3445 nes‚
205 3386 267 3430 non
287 3386 360 3430 esse
382 3369 560 3443 feliciorem,
592 3369 678 3429 cuius
694 3367 907 3442 patrimonium
921 3366 1089 3427 tabularios

105 3452 216 3528 lassat,
232 3452 323 3515 immo
341 3470 431 3530 quam
452 3469 646 3530 supervacua
661 3450 835 3528 possideat,
852 3450 903 3526 qui
918 3451 1088 3511 infelicissi-
