2468 3930
145 242 209 309 eei
437 242 471 303 L.
492 239 641 302 Annum
663 237 840 302 SENECAE

145 396 268 459 iestidio
292 395 456 471 inplendus
478 402 533 454 est.
557 393 629 470 quid
651 393 731 454 cuim
746 394 786 453 ad
801 408 866 452 rem
887 393 1033 468 pertinet,
1057 394 1133 471 quid

106 480 284 556 itnccipiat,
300 479 485 555 perditurus,
502 477 650 554 quicquid
664 475 840 554 acceperit?
857 477 1020 538 Delectant
1027 484 1058 540 te
1069 479 1129 541 dis-

145 565 257 641 posita,
273 576 354 638 quae
368 569 448 622 terra
464 562 603 635 marique
619 561 790 636 capiuntur,
807 559 868 622 aiia
881 576 920 622 eo
937 560 1089 638 mauors,
1106 562 1133 622 si

144 643 280 709 recentia
300 646 494 722 perferuntur
521 646 735 719 eduensem,
761 644 835 719 alia,
862 645 890 706 si
914 644 968 706 diu
991 650 1085 721 pasta
1104 654 1135 708 et

146 735 253 794 coacta
266 730 469 806 pinguescere
479 727 578 790 fluunt
591 744 629 789 ac
643 729 695 788 vix
710 728 848 805 saginam
862 729 1019 790 continent
1032 745 1132 791 suam.

146 814 276 875 deiectat
300 819 329 874 ta
353 813 443 875 nidor
465 813 572 875 horum
595 819 660 872 arte
680 812 856 888 quaesitum
882 819 913 873 at
936 813 1132 876 mehercules

146 899 204 959 ista
219 897 348 960 soiiicite
364 904 497 959 scrutata
510 897 658 972 varieque
672 898 796 958 condite
808 912 876 957 cum
892 896 1044 960 subierint
1057 911 1130 958 ven·

146 990 236 1057 trem,
258 996 319 1043 una
339 988 432 1057 atque
453 981 560 1041 eedem
576 979 707 1042 ineditas
729 980 901 1056 occupabit
930 981 978 1042 vis
993 981 1131 1044 ciborum

106 1066 331 1143 livoiuptatcm
350 1071 566 1128 contemnerer
579 1065 693 1125 exitum
708 1072 824 1140 specta.
857 1065 991 1126 Attalum
1008 1065 1130 1131 memini

147 1166 214 1212 cunr
230 1163 340 1225 inagna
357 1148 557 1211 admiratione
573 1149 704 1210 omnium
720 1149 797 1209 haec
817 1149 935 1209 dicere=

209 1232 303 1309 „niu
323 1231 437 1310 inquit,
459 1231 529 1292 mihi
543 1232 708 1308 inposuere
722 1231 861 1294 divitiae=
883 1230 1058 1308 stupebam,
1079 1233 1131 1294 ubi

146 1317 261 1394 aliquid
283 1331 321 1377 ex
337 1316 397 1378 iiiis
412 1315 471 1377 nilo
488 1324 581 1392 atque
596 1317 656 1376 aiio
671 1318 740 1377 ioco
757 1317 892 1377 iuiserat.
915 1313 1132 1378 existimabam

146 1400 257 1463 simiiia
272 1415 359 1475 esse,
377 1415 456 1476 quae
472 1401 612 1471 iaterent,
630 1399 688 1473 his,
704 1414 784 1476 quae
799 1401 1044 1461 ostenderentur.
1068 1399 1131 1462 Sed

146 1485 174 1545 in
192 1485 325 1561 quodam
338 1484 488 1559 adparatu
502 1482 564 1545 vidi
579 1490 659 1545 totas
673 1500 751 1560 opes
766 1483 850 1544 urbis
862 1485 997 1545 caelatae
1013 1491 1044 1546 et
1055 1501 1132 1546 auro

146 1577 176 1630 et
190 1575 316 1644 argento
331 1576 361 1630 et
376 1567 440 1640 his,
466 1582 546 1643 quae
562 1568 689 1642 pretium
705 1567 771 1629 auri
786 1569 965 1645 argentique
981 1566 1129 1644 vicerunt,

146 1651 317 1727 exquisitos
343 1652 464 1713 catores
486 1658 516 1711 et
534 1659 637 1713 vestes
658 1653 737 1713 nitra
758 1669 820 1714 non
843 1659 959 1714 tantum
980 1659 1125 1732 nostrum,

146 1735 201 1797 soti
218 1735 295 1796 nitra
310 1736 401 1796 tinem
416 1735 548 1795 boatium
564 1736 726 1798 advectas=
741 1736 812 1797 hinc
828 1750 993 1813 puerorum
1006 1735 1130 1812 perspi·

146 1834 221 1880 cuoe
244 1819 325 1880 cuitu
346 1827 438 1894 atque
459 1818 557 1879 forma
574 1834 700 1895 greges,
723 1818 794 1880 hinc
814 1821 994 1882 feminarum
1013 1827 1046 1882 et
1059 1820 1131 1895 aiia,

147 1918 225 1977 quae
240 1917 290 1964 res
305 1917 380 1964 suas
394 1917 623 1978 recognoscens
638 1905 748 1964 summi
760 1904 880 1980 imperii
892 1907 1012 1966 fortuna
1021 1910 1130 1978 protu-

105 1987 229 2051 ltierat.
262 1985 339 2063 Quid
356 1985 417 2047 boo
432 1995 493 2061 est,
513 1984 653 2063 inquam,
668 1987 752 2049 aliud
766 2006 858 2064 quarn
873 1989 995 2051 inritare
1009 1986 1128 2061 eupidi-

146 2076 224 2132 tutes
239 2068 396 2133 hominum
415 2086 471 2148 per
485 2085 520 2133 se
537 2071 699 2133 incitatast
727 2073 802 2148 quid
815 2071 874 2133 sibi
886 2073 952 2134 vuit
964 2073 1023 2134 ista
1032 2085 1128 2146 pecu·

146 2155 215 2215 nine
239 2162 375 2234 pornpat
406 2156 650 2217 addiscendam
675 2157 831 2218 avaritiam
857 2156 1072 2219 convenimuss
1098 2162 1130 2216 at

145 2238 336 2302 niaborcuies
362 2241 462 2302 minus
488 2238 662 2316 cupiditatis
682 2241 772 2301 istinc
792 2240 888 2303 effero
905 2257 996 2318 quam
1010 2239 1128 2300 adtuie

145 2338 219 2385 ram.
249 2323 420 2402 contempsi
436 2323 568 2398 divitias,
583 2325 731 2401 nunquia
745 2341 967 2402 supervacuae,
982 2324 1041 2385 sed
1056 2321 1129 2398 quie

104 2411 137 2467 16
145 2408 275 2485 pusillae
300 2417 379 2471 sunt.
414 2408 581 2481 Vidistine,
607 2424 698 2484 quam
723 2409 801 2469 iutro
820 2425 937 2484 paucas
958 2408 1054 2469 boras
1077 2406 1128 2466 iiie

145 2492 222 2555 ordo
239 2493 380 2569 quaurris
395 2494 494 2553 tentus
510 2492 744 2569 dispositusque
757 2494 931 2553 banneriis
956 2491 1018 2554 hoc
1032 2498 1127 2552 totam

144 2577 235 2637 ritant
249 2583 386 2637 nostram
400 2573 572 2650 occupabit,
589 2578 673 2653 quod
688 2584 783 2639 totum
798 2577 878 2637 diam
895 2591 1050 2652 occupare
1064 2589 1126 2636 non

145 2658 502 2737 potuittAcoessitiiiud
514 2659 1127 2737 quoquo=umsupervucuaamibivisae

102 2747 215 2805 lisuut
235 2742 418 2804 habentibus
440 2758 531 2820 qrraur
545 2744 669 2806 inerunt
687 2745 908 2821 spectantibus.
938 2743 1007 2806 iioc
1021 2744 1127 2819 inque

144 2827 212 2904 ipso
227 2825 300 2886 inibi
314 2826 395 2904 dico,
411 2827 554 2904 quotiens
569 2829 630 2889 tais
643 2828 760 2905 aliquid
776 2829 1006 2905 praestrinxerit
1016 2828 1126 2890 ocutos

143 2924 241 2985 meos,
255 2910 398 2988 quotiens
415 2912 547 2973 occurrit
571 2911 683 2974 domus
704 2913 883 2989 spteudida,
908 2912 1022 2974 eobors
1045 2911 1127 2972 ouita

144 3009 319 3061 serrorum.
343 2996 451 3058 lectica
470 2995 615 3057 tortuosis
636 2996 773 3073 inposita
787 2996 964 3058 eaiombusz
980 2995 1058 3072 quid
1070 2992 1126 3054 mi·

143 3078 244 3141 rurist
269 3080 343 3156 quid
361 3086 492 3157 stupest
516 3095 631 3157 pompa
650 3088 708 3142 est
732 3081 937 3144 ostenduntur
959 3081 1039 3141 istac
1062 3090 1126 3150 res,

106 3174 206 3230 tenen
222 3165 423 3242 possidentur
434 3172 474 3238 et
489 3164 563 3226 duur
576 3166 708 3241 piarent,
721 3173 895 3228 tmnseuntae
909 3164 952 3225 ad
962 3179 1057 3225 veras
1069 3176 1126 3238 po

144 3247 205 3310 tius
227 3256 257 3311 te
277 3256 424 3311 conteris
443 3249 576 3311 diuitias.
601 3248 690 3312 disce
711 3265 808 3326 parto
828 3264 902 3311 esse
919 3256 1083 3310 conmotus
1097 3251 1128 3306 et

144 3333 226 3393 iiiem
246 3348 357 3395 rocam
377 3348 508 3409 magnus
521 3340 615 3408 atqua
628 3334 789 3396 animosus
802 3335 957 3395 exeamas
975 3332 1128 3393 babemus

145 3416 429 3491 computabamus
441 3417 612 3493 potentum
623 3413 1128 3494 lonipuconeovesiamdeteb

182 3504 237 3560 ute
249 3500 409 3561 tumemus
439 3501 602 3576 beamus,
615 3517 674 3565 oro
688 3510 736 3578 te,
755 3497 1127 3564 eumiiaadetuiut
