2468 3930
143 220 206 290 144
428 225 461 285 n.
483 224 630 286 Annum
652 209 827 287 sennenn

143 386 173 440 et
191 378 303 439 iu'stum
322 385 353 438 et
371 375 535 452 legitimum
555 388 617 437 non
638 377 776 438 eiusdem
791 390 863 438 esse
883 378 1001 439 icrmce
1015 385 1116 454 putes,

144 463 234 523 cer‘tis
248 459 384 530 teriiilnis
399 459 626 537 conprensumt
658 461 800 521 creseere
816 474 912 536 posse
930 460 1118 537 inperfectae

102 545 187 606 10rei
205 546 326 619 signum
351 546 406 604 est.
450 544 568 605 Bonum
593 548 683 605 ornile·
707 543 738 604 in
763 542 889 615 easdem
912 543 993 605 cedit
1013 546 1116 620 ieg'es

143 631 245 690 iuncte
256 636 304 689 est
314 626 431 703 pr'iictc
443 633 472 687 et
483 626 605 703 publicu
616 618 738 701 unicam·
749 634 810 689 tem
820 627 1014 689 mehercules
1026 643 1116 703 quam

144 711 349 787 inseparabile
362 719 411 771 est
399 710 609 772 tler'r'dcndum
631 710 867 786 petendumque.
899 710 974 787 e‘r'g'c
989 710 1117 773 iirtutes

101 796 223 882 inter
242 808 278 855 se
298 793 392 869 pcr'es
414 787 534 856 suntet
554 795 650 870 etrele
664 794 786 855 virtutis
798 800 829 854 et
845 793 954 856 umnec·
967 792 1116 870 licinium,

104 896 136 948 11
145 877 256 955 quib'lis
267 879 336 938 illae
350 877 514 953 centig'e'r'e.
553 876 606 938 set
607 877 695 938 elium
710 880 787 940 iere
806 875 1085 954 eiiimaliumqlie
1055 881 1116 938 vrci-

144 966 226 1025 tutes'
249 978 318 1023 cum
344 960 489 1022 mentales
514 960 588 1035 sint,
617 961 740 1036 fragiles
770 968 897 1036 quoquc¹
919 958 1118 1050 Geducceque

144 1053 216 1109 sunt
229 1052 260 1108 et
273 1046 416 1128 incertae.
433 1045 576 1108 exsiliunt
588 1044 788 1119 residuntque
803 1048 834 1105 et
846 1044 947 1106 idec'·
931 1052 993 1106 no'n
1008 1044 1117 1105 ecdem

143 1129 242 1207 pietic
258 1130 469 1190 aestimantium
491 1134 553 1190 unu
566 1124 721 1201 inducitur
737 1128 877 1188 humeliis
895 1127 1055 1189 iirtutibuls
1069 1140 1117 1187 rc·

144 1207 224 1290 gutu.
255 1215 317 1273 rina
331 1213 410 1272 enim'
433 1218 480 1272 est
499 1213 576 1273 rctio
594 1212 679 1273 reete
693 1211 896 1286 simplex-que.
922 1210 996 1271 'nihil
1008 1217 1058 1272 est
1072 1211 1116 1271 ul·

104 1313 138 1365 12
146 1298 216 1361 vino
238 1294 385 1369 divinius,
410 1294 536 1357 coelesti
557 1295 735 1356 coelestius:
775 1292 919 1356 Mortalia·
933 1293 1117 1369 minuuntur,

146 1382 272 1454 cedunt,
300 1380 491 1451 deteruntur,
521 1380 676 1452 crescunt,
698 1377 931 1454 exhauriuntur,
953 1377 1115 1453 inplentur.

117 1462 249 1539 ··'ttaque
268 1460 328 1523 iliis
352 1463 384 1521 in
403 1470 464 1522 tum
487 1462 603 1523 incerta
623 1466 706 1522 sorte
726 1460 929 1537 inaequalitas
952 1464 1020 1522 ests·
1039 1459 1117 1522 cici-

146 1548 253 1608 ncrum
268 1548 330 1607 unu
346 1539 459 1607 neturc'
472 1543 527 1605 est
562 1547 638 1607 ratio
654 1545 755 1606 antem·
769 1544 844 1605 nihil
862 1544 946 1606 eliciti
962 1550 1014 1605 ese
1009 1543 1116 1620 qitnm

145 1633 176 1690 in
191 1642 305 1705 corpus
319 1628 484 1690 humunm'n
498 1645 571 1705 pars
585 1629 677 1690 divini
699 1629 787 1705 spirit
788 1640 825 1690 us
775 1629 953 1690 tillense.
994 1627 1027 1689 Si
1040 1628 1116 1688 retic

146 1713 248 1774 divina
262 1718 322 1787 est,
338 1713 452 1772 nullum
470 1721 570 1773 autem
583 1701 698 1775 bonum
715 1712 782 1773 sine
798 1713 990 1775 retienee'st
980 1710 1115 1772 borlrlm

145 1802 234 1857 omne
252 1797 386 1858 divinum
402 1803 458 1856 est.
490 1796 605 1858 nulium
625 1810 719 1873 porro
740 1797 818 1857 inter
831 1796 936 1856 divitie
951 1794 1115 1856 discrimen

144 1884 206 1942 est=
232 1894 378 1956 ergeuen
398 1879 475 1939 inter
495 1880 585 1940 bona.
621 1879 707 1957 paria
723 1881 827 1958 itaque
841 1881 911 1941 sunt
928 1888 958 1942 et
971 1876 1116 1955 gaudium

141 1972 174 2025 et
198 1963 296 2038 [iuriis
323 1969 426 2039 atque]
455 1964 607 2025 obstinata
632 1966 853 2026 tormentoruni
876 1961 1049 2040 perpessio.
1084 1963 1117 2022 in

143 2054 274 2124 utroque
291 2047 370 2109 enim
391 2047 498 2108 ecdem
521 2055 568 2110 est
583 2049 675 2109 animi
695 2048 887 2123 magnitude,
909 2048 943 2107 in
958 2047 1053 2108 aiteio
1067 2060 1117 2105 rc-

104 2143 137 2197 13
144 2132 240 2194 misse
253 2140 284 2193 et
297 2132 390 2205 iaetu,
413 2132 442 2191 in
458 2136 552 2194 altero
566 2133 690 2209 pugnax
707 2138 737 2192 et
749 2134 871 2192 intentu.
899 2130 1001 2206 Ouidi
1010 2137 1045 2192 tu·
1054 2140 1117 2190 non

145 2223 235 2292 putes
251 2222 354 2291 parem
369 2231 442 2276 esse
455 2217 594 2277 virtutem
607 2215 683 2291 eius,
699 2215 751 2292 qui
763 2215 879 2277 sortiter
888 2213 1022 2278 hostium
1033 2226 1116 2275 mne·

144 2301 195 2360 nia
209 2301 377 2377 expugnat,
398 2301 523 2375 eteius,
540 2301 591 2375 qui
607 2300 798 2361 obsidionem
812 2297 1034 2374 patientissime
1048 2308 1117 2358 suc·

143 2385 238 2446 tinett
258 2390 310 2459 [et]
325 2398 454 2459 mugnus
467 2384 586 2460 Scipio,
608 2385 661 2461 qui
674 2382 864 2444 Numantiam
879 2383 973 2445 cludit
992 2388 1024 2443 et-
1042 2396 1115 2442 con·

144 2468 245 2544 primit
264 2467 408 2543 cogitque
432 2467 561 2528 invictas
582 2480 690 2528 manus
716 2466 746 2527 in
770 2467 896 2528 exitium·
912 2467 1000 2542 ipsus
1025 2480 1115 2526 snum

144 2553 235 2613 verti:
266 2558 317 2625 [et]
334 2562 462 2626 magnus
478 2552 528 2611 ilie
543 2551 743 2613 obsessorum
758 2551 893 2625 unimus·
915 2552 967 2626 qui
981 2549 1040 2612 scit
1053 2564 1115 2610 ncn

144 2650 216 2695 esse
231 2635 364 2706 clusum,
389 2634 438 2694 cui
452 2636 535 2695 mcrs
553 2638 659 2709 apertu
680 2641 743 2710 est,·
763 2631 794 2695 et
807 2635 837 2694 in
853 2633 1009 2710 conplexu
1024 2630 1115 2692 libcr-

143 2717 212 2777 tatis
228 2718 374 2792 exspirat.
396 2716 506 2792 Aeque
519 2719 637 2794 relique
652 2732 776 2794 quoque
793 2718 871 2778 inter
884 2730 921 2779 se
935 2717 1022 2793 peric
1034 2721 1114 2797 sunt,

143 2799 359 2875 tranquillitas,
380 2800 571 2875 simplicitas,
590 2802 769 2875 liberalitas,
789 2800 976 2876 constuitite,-
1000 2808 1114 2875 ceque-

144 2884 273 2957 nimitn's,
288 2884 456 2945 tolerantia.
480 2885 620 2946 omnibus
636 2885 715 2946 enim
729 2886 796 2946 istis
810 2902 872 2946 unu
886 2886 987 2946 iirtus
998 2882 1114 2953 subest

104 2979 223 3044 itquae
239 2965 370 3028 animum
391 2975 506 3029 rectum
524 2976 554 3029 et
573 2970 814 3030 indeclinabilem
835 2968 979 3045 praestat.
1015 2965 1116 3041 „Quid

144 3056 241 3128 ergo?
264 3051 339 3113 nihil
359 3052 484 3114 interest
503 3053 582 3114 inter
601 3053 745 3128 gaudium
765 3061 795 3114 et
810 3053 949 3115 dolorum
962 3049 1114 3112 infiexibi'

142 3135 233 3196 bilem
250 3135 464 3211 patientiamt“
484 3137 565 3210 nihil,
584 3144 728 3212 quantum
739 3135 779 3197 ad
790 3137 875 3211 ipses
887 3136 1031 3196 virtutes:
1047 3133 1114 3208 plu·

142 3218 250 3280 nimum
267 3220 310 3279 int
298 3227 344 3279 ter
358 3220 423 3295 ilia,
447 3221 476 3279 in
493 3220 604 3296 quibus
620 3221 716 3282 virtus
731 3226 860 3319 utraque
876 3217 1056 3281 ostenditur
1084 3215 1116 3275 in

143 3304 236 3365 altero
252 3304 331 3363 enim
346 3304 491 3366 naturalis
506 3312 554 3365 est
568 3304 660 3366 enimi
673 3305 814 3366 remissio
829 3320 866 3365 ac
881 3303 955 3365 laxit
943 3311 1007 3378 tes,
1029 3302 1061 3362 in
1071 3300 1113 3358 ui-

141 3392 206 3448 tero
222 3394 394 3449 contrat
342 3405 381 3449 na
382 3396 480 3450 turum
495 3388 591 3450 dolor.
620 3390 722 3465 itaque
736 3388 836 3449 mellic
851 3388 923 3450 scint
936 3387 1014 3447 haee
1015 3392 1114 3463 ‚quee

144 3469 302 3532 niurimum
317 3463 465 3533 intervalli
485 3473 651 3548 recipiunt.
671 3472 792 3534 virtus
784 3490 815 3532 m
835 3478 967 3548 utroque
986 3480 1043 3547 per
1057 3471 1113 3528 est
1142 3516 1144 3520 .
