2468 3930
287 227 457 290 nrrsrun.
472 228 566 290 uon.
588 230 660 290 ms.
676 230 712 289 11.
734 231 830 293 nra
852 238 924 307 (is.)
1039 231 1081 296 cs

100 385 208 459 Neque
229 397 288 456 ego
309 387 339 441 le
362 380 452 442 iubeo
468 397 591 457 semper
606 382 752 443 inminere
767 383 844 444 libro
860 390 912 444 aut
926 383 1110 460 pugillari-6

100 469 175 529 bus:
198 467 335 526 dandum
349 472 380 526 et
394 464 520 540 aliquod
536 465 725 527 intervallum
740 467 855 541 animo,
877 467 918 528 ita
934 476 1033 528 tamen
1048 476 1082 529 ut

100 568 160 612 non
182 549 370 622 resolvatur,
394 549 451 610 sed
470 551 645 611 remittatur.
682 550 817 611 Gestatio
832 559 862 610 et
878 567 993 628 corpus
1009 568 1080 612 con-

101 636 189 709 cutit,
212 641 243 695 et
257 633 358 694 studio
371 649 432 694 non
445 633 564 695 oblicit=
587 632 694 709 possis
706 635 823 709 legere,
841 634 944 709 possis
957 636 1080 710 dictare,

101 719 207 795 possis
227 717 326 791 loqui,
350 716 455 792 possis
475 717 596 790 audire,
620 733 749 792 quorum
770 717 843 777 nihil
860 735 900 780 ne
916 721 1081 781 ambulatio

101 802 226 879 quidem
242 807 323 862 vetut
339 797 416 860 lieri.
451 801 514 860 Nec
527 808 560 861 tu
574 801 769 863 intentionem
784 803 872 862 vocis
887 811 1108 880 contempse7

100 888 160 960 ris,
183 900 277 959 quam
296 889 368 945 veto
387 889 418 943 te
439 899 494 959 per
507 884 621 958 gradus
638 891 668 945 et
682 893 784 946 certos
799 886 909 946 modos
924 889 1082 962 extollere,

100 969 213 1030 deinde
234 967 417 1042 deprimere.
432 971 480 1044 ††
508 967 583 1042 quid
600 975 696 1043 ergo?
717 972 884 1030 aclamore
899 971 1037 1044 protinus
1053 977 1083 1031 el

101 1071 119 1114 a
136 1068 256 1113 summa
271 1051 466 1112 contentione
480 1067 542 1111 vox
553 1058 606 1111 tua
616 1050 762 1127 incipiam
783 1068 884 1128 usque
896 1070 933 1113 eo
946 1054 1082 1114 naturale

101 1144 148 1197 est
168 1135 313 1211 paulatim
334 1134 463 1207 incitari,
484 1141 519 1194 ut
538 1136 690 1210 litigantes
706 1151 831 1210 quoque
847 1154 864 1195 a
879 1152 1022 1197 sermone
1038 1137 1082 1195 in·

101 1219 229 1295 cipiunt,
254 1219 293 1277 ad
308 1216 557 1278 vociferationem
573 1224 742 1278 transeant:
766 1235 855 1278 nemo
871 1220 970 1279 statim
987 1218 1081 1293 Quiri·

100 1305 175 1364 tium
194 1301 289 1361 fidem
308 1302 449 1376 inploret.
489 1300 571 1377 Ergo
593 1308 759 1377 utcumque
779 1302 902 1378 inpetus
922 1302 975 1363 tibi
992 1302 1111 1372 animis

102 1386 250 1460 suaserit,
272 1385 365 1446 modo
378 1384 589 1446 vehementius
605 1386 655 1445 iac
666 1384 774 1447 vicinis
787 1385 974 1460 convicium,
989 1386 1083 1447 modo

101 1470 230 1543 lentius,
256 1475 349 1544 prout
374 1485 440 1529 vox
460 1485 583 1544 quoque
607 1476 637 1530 te
658 1469 828 1531 hortabitur
847 1479 878 1530 et
897 1472 987 1531 latus.
1019 1487 1082 1531 mo·

102 1555 207 1626 desta,
231 1567 300 1613 cum
315 1550 448 1627 recipies
463 1553 544 1612 illam
558 1554 790 1628 revocarisque,
815 1555 998 1629 descendat,
1020 1570 1082 1614 non

103 1637 236 1699 decidat
264 1634 467 1696 moderatoris
489 1635 538 1695 sui
552 1642 824 1712 temperamentum
838 1637 949 1698 habeat
965 1638 1022 1698 nec
1037 1638 1082 1698 in·

103 1722 195 1782 docto
211 1728 243 1780 et
255 1719 371 1781 rustico
385 1735 471 1780 more
488 1719 655 1781 desaeviat.
676 1737 737 1782 non
753 1722 832 1781 enim
847 1721 879 1781 id
894 1721 1027 1796 agimus,
1050 1729 1084 1781 ut

103 1811 286 1864 exerceatur
305 1820 382 1878 vox,
403 1804 460 1864 sed
479 1810 514 1863 ut
527 1812 679 1866 exerceat.
714 1805 821 1880 †Quid
839 1803 957 1866 sinclis
973 1805 1112 1866 deludes

106 1888 363 1964 quemadmodum
389 1887 528 1947 ambules
553 1888 701 1948 disceret
731 1889 854 1948 admitte
879 1889 972 1962 istos,
1003 1904 1083 1964 quos

104 1971 338 2032 nova-artificia
362 1971 465 2032 docuit
487 1971 601 2031 fames:
629 1972 686 2032 erit
703 1973 756 2047 qui
778 1973 892 2047 gradus
916 1979 987 2033 tuos
1008 1980 1082 2033 tem-

105 2063 193 2131 peret
216 2063 248 2115 et
270 2055 384 2115 buccas
403 2055 522 2115 edentis
539 2055 683 2116 observet
701 2064 731 2117 et
747 2058 907 2117 intantum
926 2056 1083 2131 procedat,

105 2141 134 2199 in
159 2146 305 2214 quantum
327 2138 485 2199 audaciam
507 2137 574 2199 eius
597 2138 739 2214 patientia
760 2147 790 2200 et
810 2139 987 2201 crediditate
1012 2156 1084 2215 pro·

105 2222 275 2297 duxeris.†

168 2304 295 2366 Detraxi
314 2305 368 2366 tibi
389 2321 450 2366 non
467 2306 609 2380 pusillum
625 2303 754 2380 negotii:
781 2321 844 2365 una
864 2306 1040 2366 mercedula
1057 2313 1127 2368 etto

106 2406 219 2450 munus
240 2405 384 2463 graecum
405 2389 443 2448 ad
459 2389 537 2449 haec
551 2389 701 2449 beneficia
715 2388 849 2447 accedet.
877 2403 951 2448 ecce
965 2388 1085 2462 insigne

109 2478 322 2549 praeceptum:
345 2471 491 2546 „Stulta
513 2474 591 2532 vita
614 2473 768 2548 ingrata
790 2478 849 2531 est
867 2479 904 2532 et
920 2471 1084 2545 trepida.

105 2564 190 2619 tota
225 2555 262 2614 in
294 2558 463 2616 futurum
493 2556 625 2616 lectur.
668 2555 787 2631 ‚„Quis‚
816 2553 933 2629 inquis,
963 2553 1085 2615 diuitum

107 2641 189 2702 idem
206 2639 258 2714 qui
273 2655 377 2715 supra.
413 2639 509 2712 Quam
523 2647 557 2701 tu
571 2657 653 2700 nunc
666 2642 757 2700 vitam
769 2639 828 2699 dici
840 2640 998 2700 existimas
1012 2642 1085 2700 stul-

107 2730 190 2784 tam?
221 2721 325 2784 Babae
341 2729 371 2783 et
384 2721 518 2783 lsionist
538 2741 599 2784 non
611 2725 651 2785 ita
663 2732 724 2786 est:
744 2732 849 2784 nostra
861 2724 983 2797 dicitur,
1007 2740 1086 2800 quos

109 2823 204 2867 caeca
224 2805 376 2880 cupiditas
396 2805 426 2865 in
457 2807 612 2878 nocitura,
645 2815 727 2868 certe
750 2824 917 2883 numquam
942 2809 1086 2870 satiatura

108 2890 305 2967 praecipitat,
324 2889 436 2964 quibus
451 2891 478 2950 si
494 2891 565 2966 quid
582 2891 657 2952 satis
672 2907 744 2952 esse
758 2900 881 2966 posset,
898 2892 1015 2966 luisset,
1034 2893 1085 2968 qui

108 2990 170 3035 non
186 2973 372 3050 cogitamus,
395 2990 485 3049 quam
506 2975 669 3035 iucundum
685 2973 725 3034 sit
738 2975 812 3034 nihil
826 2991 971 3050 poscere,
995 2992 1086 3050 quam

110 3057 304 3131 magnificum
331 3055 371 3117 sit
401 3059 525 3133 plenum
548 3075 620 3120 esse
645 3074 702 3118 nec
728 3074 768 3118 ex
793 3059 915 3119 fortuna
940 3060 1085 3134 pendere.

109 3140 250 3203 Subinde
269 3141 388 3216 itaque,
409 3141 520 3215 Lucili,
543 3159 635 3217 quam
655 3143 748 3203 multa
769 3143 812 3201 sis
835 3149 1020 3202 consecutus
1040 3149 1128 3200 reti

109 3226 249 3286 cordare.
281 3241 351 3284 cum
377 3225 575 3301 adspexeris,
603 3233 678 3301 quot
701 3233 731 3286 te
755 3225 950 3297 antecedant,
979 3225 1087 3298 cogita,

110 3315 186 3383 quot
206 3314 384 3383 sequantur.
412 3309 440 3369 si
460 3308 507 3370 vis
527 3318 631 3385 gratus
646 3325 718 3370 esse
732 3308 884 3367 adversus
900 3308 976 3367 deos
992 3315 1022 3367 et
1035 3308 1085 3368 ad-

110 3407 222 3453 versus
247 3393 341 3452 vitam
361 3400 459 3466 tuam,
486 3395 600 3470 cogita,
629 3409 719 3468 quam
740 3391 851 3451 multos
875 3392 1089 3452 antecessoris.

114 3475 189 3550 quid
206 3475 260 3536 tibi
281 3492 350 3537 cum
370 3477 502 3537 ceteris?
528 3486 558 3538 te
577 3477 646 3553 ipse
662 3473 865 3536 antecessisti.
897 3475 1003 3535 Finem
1017 3484 1132 3537 con-la

155 3577 257 3618 sumen
270 3579 341 3618 run.
357 3564 402 3619 ΙΙΙ.
910 3567 930 3623 b
