2468 3930
190 245 254 309 246
482 247 517 308 L.
539 244 686 304 ANNAEI
708 242 884 305 SENECAE

487 418 706 508 ariardus
725 451 771 506 ui.
799 455 813 522 (
851 451 872 518 .)

440 549 551 602 Sanaos.
569 548 682 598 Lucum
702 558 754 597 suo
773 558 911 598 sunnam.

158 674 173 725 1
247 654 299 715 De
325 652 559 715 liberalibus
585 649 731 710 studiis
754 650 845 725 quid
866 650 1043 725 sentiam,
1067 652 1173 712 scire

186 740 414 800 desideras.
436 738 552 797 nullum
574 734 729 810 suspicio,
751 735 867 795 nullum
883 734 913 794 in
929 735 1020 797 bonis
1034 753 1171 812 numero,

186 824 270 900 quod
287 824 326 883 ad
340 839 394 884 aes
410 822 480 883 exii.
513 816 667 880 meritoria
678 818 806 878 artificia
820 825 900 894 sunt,
915 820 1062 881 hactenus
1078 820 1172 895 utilia,

186 910 213 969 si
228 913 414 983 praeparant
427 905 591 980 ingenium,
613 919 674 963 non
692 902 835 963 detinent.
873 903 987 965 tamdm
1008 904 1088 964 enim
1102 905 1172 966 istis

185 992 398 1053 inmorandum
417 998 479 1061 est,
502 987 648 1064 quamdiu
661 985 735 1046 nihil
749 985 870 1049 animus
885 1004 976 1063 agere
989 989 1087 1048 maius
1103 996 1171 1065 pot·

156 1082 249 1137 tastz
271 1075 443 1136 rudimenta
463 1079 533 1134 sunt
547 1079 668 1145 nostra,
683 1087 744 1131 non
765 1087 870 1147 opera.
910 1074 1009 1147 Quare
1026 1073 1170 1134 libera—

186 1161 237 1219 lia
257 1158 390 1221 studia
413 1158 586 1230 dictasint,
610 1154 712 1216 vides=
740 1153 813 1231 quia
832 1156 955 1218 homine
969 1156 1064 1218 libero
1080 1157 1174 1234 digna

187 1251 265 1305 suni.
298 1251 430 1304 ceterum
446 1258 539 1301 unum
560 1240 694 1301 studium
714 1255 788 1300 vera
808 1239 934 1302 liberale
955 1247 1017 1317 est,
1039 1243 1123 1318 quod
1138 1241 1172 1303 li-

185 1330 292 1389 berum
307 1327 393 1399 lacit,
410 1325 469 1385 hoc
486 1332 534 1385 cst
544 1322 730 1400 sapientiae,
746 1323 890 1399 sublime,
906 1326 999 1398 lorte,
1016 1327 1172 1402 magnani-

185 1429 277 1472 mum.
314 1419 415 1470 cetera
435 1410 547 1484 pusilla
560 1418 591 1470 ct
606 1408 732 1483 puerilia
752 1414 837 1468 sunt:
857 1426 896 1468 an
912 1417 945 1469 tu
960 1411 1125 1486 quicquam
1142 1412 1171 1470 in

185 1497 251 1556 istis
275 1495 376 1555 credis
399 1509 471 1553 esse
495 1492 584 1566 boni,
612 1507 742 1567 quorum
762 1493 959 1567 professores
974 1496 1171 1570 turpissimos

185 1579 318 1638 omnium
334 1594 371 1637 ac
393 1576 651 1652 flagitiosissimos
667 1575 791 1637 cernis?
829 1579 910 1638 Non
931 1579 1087 1641 discere
1107 1580 1171 1639 dc-

184 1663 422 1736 bemusista,
446 1662 514 1722 sed
536 1660 738 1722 didicisse.
777 1661 905 1736 Quidam
919 1661 994 1724 illud
1009 1664 1048 1723 de
1063 1662 1171 1723 libera·

184 1745 265 1806 libus
280 1746 389 1806 studiis
410 1746 620 1821 quaerendum
641 1743 866 1822 iudicaverunt,
887 1763 926 1807 an
941 1747 1041 1807 virum
1057 1748 1171 1808 bonum

186 1831 334 1890 lacerent:
364 1846 403 1890 ne
424 1828 602 1906 promittunt
622 1829 746 1905 quidem
768 1846 825 1890 nec
847 1831 938 1893 huius
952 1830 997 1891 rai
1013 1830 1171 1892 scientiam

156 1914 347 1975 aadteotant.
385 1914 662 1975 Grammaticus
679 1913 760 1974 circa
774 1930 879 1975 curam
894 1915 1043 1976 sermonis
1064 1930 1171 1974 versa-

182 2006 231 2059 tur
248 2007 292 2073 et,
314 1997 341 2059 si
355 2000 445 2059 latius
461 1996 585 2074 evagari
599 1998 679 2071 vult,
699 1998 782 2058 circa
801 1999 960 2073 historias,
982 1999 1042 2059 iam
1056 2005 1090 2059 ut
1102 1999 1170 2058 lon-

183 2083 309 2156 gissime
329 2083 407 2143 fines
427 2099 503 2144 suos
525 2083 675 2158 proterat,
696 2081 778 2141 circa
797 2085 939 2145 carmina.
972 2083 1048 2159 quid
1060 2083 1169 2143 horum

184 2166 223 2226 ad
238 2168 379 2228 virtutem
397 2166 477 2227 viam
492 2165 621 2228 sternitt
648 2166 837 2245 syllabarum
851 2170 1001 2230 enarratio
1017 2175 1047 2229 et
1062 2167 1170 2228 verbo-

183 2266 249 2309 rum
265 2250 419 2328 diligentia
433 2259 463 2312 ct
479 2251 649 2312 fabularum
671 2252 818 2312 memoria
838 2260 868 2313 et
890 2269 1035 2314 versuum
1061 2254 1113 2312 lex
1134 2268 1171 2312 ac

184 2335 391 2397 modificatio?
430 2336 504 2411 quid
525 2353 564 2396 ex
578 2336 626 2396 his
642 2341 754 2396 metum
770 2335 877 2409 demit,
894 2335 1091 2414 cupiditatem
1106 2337 1170 2396 exi-

154 2418 245 2492 4mit,
261 2420 414 2481 libidinem
430 2421 549 2480 lrenatt
589 2421 653 2495 (Ad
667 2421 864 2495 geometriam
879 2428 1071 2483 transeamus
1086 2429 1117 2482 et
1131 2420 1168 2481 ad

184 2505 336 2563 musicem
352 2503 426 2563 nihil
447 2504 531 2579 apud
545 2504 613 2565 illas
627 2505 776 2578 invenies,
792 2505 877 2579 quod
891 2512 974 2566 vetet
986 2506 1102 2579 timere,
1118 2520 1167 2564 ve·

183 2593 225 2646 tet
240 2592 377 2662 cupere.)
416 2588 558 2664 quisquis
572 2588 650 2649 haec
663 2588 799 2664 ignorat,
825 2590 885 2649 alia
899 2588 1013 2650 frustra
1026 2589 1100 2650 scia
1125 2589 1166 2647 vi·

184 2670 332 2744 dandum,
354 2677 456 2731 utrum
470 2673 602 2733 doceant
618 2671 668 2733 isti
683 2673 822 2735 virtutem
838 2688 878 2733 an
893 2688 971 2733 non:
993 2674 1098 2735 sinon
1114 2673 1168 2732 do-

183 2760 260 2826 cent,
274 2769 312 2812 ne
327 2755 449 2815 tradunt
464 2756 598 2830 quidem.
634 2757 661 2816 si
676 2757 796 2833 docent,
812 2757 989 2832 philosophi
1005 2767 1084 2819 sunt.
1121 2757 1168 2816 vis

182 2836 271 2910 scire,
288 2854 379 2912 quam
394 2855 457 2898 non
476 2840 516 2900 ad
531 2839 701 2901 docendam
715 2842 858 2903 virtutem
872 2843 1090 2903 consederint?
1115 2841 1167 2900 ad·

181 2920 282 2995 spice,
300 2938 391 2997 quam
408 2922 568 2988 dissimilia
584 2925 661 2985 inter
675 2940 710 2986 se
724 2927 858 2988 omnium
877 2927 978 2988 studia
992 2927 1066 2987 sint:
1085 2924 1168 2999 atqui

152 3003 346 3067 tsimilitudo
362 3013 446 3069 esset
458 3009 539 3069 idem
553 3009 737 3071 docentium.
771 3011 831 3072 nisi
845 3012 923 3072 torte
936 3011 990 3071 tibi
1003 3009 1168 3071 Homerum

181 3089 400 3166 philosophum
418 3091 516 3154 luisse
531 3094 778 3170 persuade[a]nt,
800 3110 869 3157 oum
882 3096 932 3158 his
947 3093 1039 3172 ipsis,
1055 3093 1166 3169 quibus

182 3175 336 3250 colligunt,
352 3183 477 3252 negent:
493 3194 563 3238 nam
577 3179 670 3239 modo
685 3176 822 3240 Stoicum
835 3181 919 3241 illum
935 3179 1057 3254 iaciunt,
1072 3177 1167 3239 virtu-

181 3267 242 3319 tem
256 3262 355 3320 solam
370 3263 549 3337 probantem
564 3269 594 3322 et
606 3264 779 3339 voluptates
794 3265 994 3340 refugientem
1013 3270 1044 3324 et
1057 3263 1095 3324 ab
1114 3263 1168 3322 ho-

182 3352 270 3404 nesto
293 3361 332 3404 ue
352 3345 575 3409 inmortalitatis
591 3347 715 3422 quidem
729 3349 827 3424 pretio
842 3349 1053 3424 recedentem,
1075 3347 1167 3410 modo

180 3426 378 3504 Epicureum,
403 3431 577 3492 laudantem
602 3439 713 3494 statum
739 3433 860 3508 quietae
886 3432 1017 3494 civitatis
1041 3440 1071 3493 et
1090 3431 1169 3492 inter

209 3512 323 3574 nvivia
338 3521 507 3591 cantusque
521 3515 614 3576 vitam
630 3515 796 3592 exigentis,
816 3517 909 3579 modo
924 3515 1168 3591 Peripateticum,
