2468 3930
266 247 435 311 EPISTUL.
450 249 544 312 Mota.
565 250 638 311 LlB.
650 252 715 311 XV.
737 251 794 312 ΕΡ.
806 260 832 314 3.
854 259 926 328 (95.)
1021 256 1085 319 309

101 403 175 464 nihil
190 404 286 462 deest.
308 417 370 462 non
387 401 466 460 enim
481 401 629 464 adtotam
647 401 798 478 pertinent
816 405 921 464 vitam:
944 407 1038 467 virtus
1054 415 1086 468 et

101 487 231 549 aliorum
247 485 374 547 seientia
389 492 436 545 est
450 492 481 544 et
495 486 551 546 sui.
575 487 755 547 discendum
768 489 807 547 de
819 489 889 564 ipsa
901 497 956 562 est,
972 499 1004 551 ut
1016 490 1086 567 ipsa

101 571 248 633 discatur.
291 571 379 630 Actio
395 575 480 629 recta
493 585 554 630 non
570 571 635 644 erit,
650 571 710 630 nisi
725 577 809 631 recta
825 572 916 633 luerit
930 577 1082 638 voluntas.
1092 585 1126 641 57

101 657 140 716 ab
155 655 213 715 hae
228 655 307 714 enim
323 661 371 714 est
386 654 480 713 actio=
500 670 609 714 mrsus
622 656 763 716 voluntas
775 672 835 716 non
849 658 906 718 erit
917 666 1009 732 reeta,
1025 661 1084 720 nisi

100 739 223 800 habitus
244 738 336 798 animi
357 744 459 798 rectus
481 738 579 798 luerit.
611 738 730 798 abhoc
752 739 832 799 enim
853 750 901 801 est
925 744 1083 804 voluntas:

100 824 223 884 habitus
244 837 338 899 porro
361 820 452 882 animi
473 839 534 883 non
550 821 606 882 erit
619 823 649 881 in
665 823 796 899 optimo,
816 823 877 884 nisi
899 827 990 887 totius
1004 829 1085 888 vitae

101 911 187 983 leges
204 905 376 984 perceperit
390 913 420 966 et
435 905 509 981 quid
524 907 563 966 de
580 922 706 982 quoque
720 907 916 968 iudicandum
938 911 992 984 sit,
1013 928 1084 971 exe-

101 993 194 1067 gerit,
218 992 277 1052 nisi
297 1007 348 1052 res
367 990 408 1050 ad
428 1006 535 1050 verum
556 990 718 1065 redegerit.
762 991 828 1050 Non
845 993 991 1067 contingit
1004 1002 1084 1054 tran-

102 1075 236 1152 quillitas
253 1075 312 1135 nisi
328 1075 504 1135 inmutabile
519 1081 696 1149 certumque
710 1073 855 1134 iudicium
872 1076 1008 1152 adeptis=
1035 1093 1084 1137 ce-

100 1160 160 1221 teri
179 1160 324 1220 decidunt
344 1159 476 1218 subinde
500 1163 530 1216 et
555 1167 744 1233 reponuntur
765 1167 794 1218 et
814 1159 891 1218 inter
912 1160 1085 1221 intermissa

101 1244 298 1319 adpetitaque
313 1243 436 1303 alternis
452 1240 645 1302 fluctuantur.
691 1242 791 1302 Causa
805 1242 896 1303 huius
911 1244 1127 1305 iactationisttt

101 1335 164 1400 est,
194 1328 277 1402 quod
304 1326 377 1386 nihil
401 1325 498 1402 liquet
519 1326 721 1387 incertissimo
747 1327 895 1402 regimine
919 1328 1083 1403 utentibus,

101 1412 192 1471 lama.
220 1409 248 1470 si
264 1411 310 1470 vis
325 1411 433 1470 eadem
448 1425 570 1484 semper
585 1411 678 1484 velle,
701 1426 773 1469 vera
794 1419 915 1486 oportet
930 1412 1020 1472 velis:
1044 1413 1085 1473 ad

101 1511 208 1556 verum
234 1494 301 1554 sine
329 1495 459 1554 decretis
492 1511 554 1554 non
582 1495 767 1568 pervenitur.
801 1494 956 1556 continent
982 1497 1083 1556 vitam.

101 1580 185 1640 bona
199 1586 229 1639 et
242 1580 335 1652 mala,
361 1578 491 1639 honesta
505 1586 535 1639 et
549 1578 664 1653 turpia,
694 1579 774 1639 iusta
788 1586 819 1639 et
832 1579 961 1653 iniusta,
987 1580 1037 1654 pia
1055 1589 1085 1640 et

100 1665 199 1740 inpia,
226 1663 353 1723 virtutes
379 1678 518 1736 ususque
544 1661 702 1735 virtutum,
729 1679 828 1723 rerum
856 1666 1084 1724 commodarum

102 1748 273 1824 possessio,
290 1745 472 1806 existimatio
487 1763 523 1806 ae
540 1746 688 1821 dignitaS,
710 1746 855 1823 valitudo,
871 1748 961 1822 vires,
978 1750 1083 1823 forma,

101 1832 255 1908 sagacitas
272 1847 434 1891 sensuum:
457 1830 533 1890 haec
549 1831 651 1890 omnia
662 1832 887 1891 aestimatorem
898 1832 1083 1892 desiderant.

102 1915 183 1977 seire
203 1917 306 1987 liceat,
334 1914 439 1990 quanti
460 1915 596 1990 quidque
616 1915 646 1974 in
669 1931 796 1976 censum
817 1916 1016 1976 deserendum
1036 1917 1084 1976 sit.

102 1999 215 2060 falleris
230 1999 311 2058 enim
328 2005 358 2059 et
371 1999 465 2074 pluris
478 2000 628 2073 quaedam
643 2014 733 2075 quam
746 2007 818 2059 sunt
830 2006 929 2075 putas,
945 2002 1127 2074 adaequem

102 2083 233 2156 falleris,
260 2090 308 2155 ut,
336 2098 416 2158 quae
436 2083 568 2141 maxima
588 2080 667 2142 inter
683 2100 740 2143 nos
756 2083 923 2156 habentur,
950 2083 1083 2152 divitiae,

95 2167 214 2242 gratia,
234 2167 385 2243 potentia,
408 2166 548 2226 sestertio
572 2182 695 2226 nummo
717 2166 908 2226 aestimanda
927 2167 997 2226 sint.
1026 2167 1085 2228 hoe

102 2252 234 2324 nescies,
251 2251 310 2311 nisi
323 2251 568 2312 constitutionem
582 2249 692 2324 ipsam,
709 2266 770 2325 qua
784 2250 843 2310 ista
860 2250 938 2309 inter
948 2265 983 2311 se
995 2251 1083 2310 aesti-

101 2342 236 2408 mantur,
259 2334 442 2410 inspexeris.
488 2334 750 2407 Quemadmodum
774 2333 847 2393 lolia
868 2334 965 2393 virere
981 2349 1086 2409 perse

101 2434 165 2478 non
184 2426 331 2493 possunt,
350 2434 467 2479 ramum
484 2417 674 2489 desiderant,
697 2419 744 2478 cui
760 2417 950 2489 inhaereant,
968 2433 1007 2477 ex
1023 2433 1085 2491 quo

101 2499 223 2563 trahant
239 2518 380 2563 succum=
404 2500 449 2562 sie
471 2501 551 2561 ista
571 2509 798 2576 praecepta,
821 2501 852 2560 si
874 2501 960 2560 sola
981 2507 1085 2573 sunt,

102 2594 291 2648 marcent=
313 2585 426 2662 infigi
446 2587 583 2646 volunt
603 2593 747 2646 sectae.
790 2584 951 2644 Praeterea
966 2600 1027 2647 non
1041 2583 1130 2644 in-60
1184 2657 1191 2669 ·

102 2672 250 2746 tellegunt
270 2670 316 2743 hi,
338 2671 390 2745 qui
412 2670 536 2730 decreta
558 2672 679 2744 tollunt,
700 2686 738 2730 eo
752 2671 820 2745 ipso
837 2669 1011 2731 confirmari
1027 2670 1086 2742 illa,

103 2771 164 2833 quo
186 2753 445 2829 tolluntur..quid
462 2754 541 2813 enim
557 2755 681 2815 dicunti
703 2753 876 2830 praeceptis
897 2753 989 2815 vitam
1011 2752 1087 2815 satis

102 2839 267 2914 explicari,
292 2854 488 2914 supervacua
501 2854 573 2898 esse
588 2839 711 2898 decreta
726 2839 905 2915 sapientiae,
921 2838 952 2898 id
968 2844 1015 2898 est
1033 2838 1086 2897 do-

101 2930 219 2998 gmata=
239 2923 325 2998 atqui
339 2922 399 2983 hoc
412 2920 530 2998 ipsum,
553 2924 637 2997 quod
652 2922 771 2995 dieunt,
794 2924 950 2984 decretum
965 2930 1013 2982 est
1027 2928 1088 2981 mm

101 3005 294 3068 mehercules
321 3023 412 3082 quam
440 3006 467 3066 si
498 3022 580 3067 nune
598 3023 656 3081 ego
684 3007 815 3066 dicerem
840 3006 1046 3067 recedendum
1069 3020 1088 3063 a

101 3090 279 3167 praeceptis
296 3092 379 3150 velut
395 3091 612 3166 supervacuis,
636 3092 782 3151 utendum
798 3107 870 3150 esse
887 3087 1034 3161 decretis,
1056 3087 1086 3145 in

100 3174 180 3234 haee
197 3176 265 3236 sela
279 3175 413 3236 studium
429 3175 659 3236 conserendum.
688 3175 748 3235 hoc
762 3174 847 3248 ipso,
867 3189 928 3248 quo
943 3185 1087 3244 negarem

102 3258 242 3320 curanda
255 3274 328 3320 esse
344 3266 524 3335 praecepta,
549 3259 768 3333 praeciperem.
813 3256 967 3329 Quaedam
983 3254 1126 3316 admo-61

102 3342 248 3405 altionem
263 3343 294 3403 in
307 3341 697 3419 philosophiadesiderant,
715 3340 865 3415 quaedam
875 3338 1088 3414 probationem

101 3435 133 3489 et
149 3427 274 3502 quidem
290 3430 399 3501 multa,
423 3428 495 3504 quia
515 3428 652 3487 involuta
672 3433 742 3486 sunt
760 3424 872 3499 vixque
887 3438 1005 3483 summa
1021 3420 1086 3480 dili-

102 3511 207 3586 gentia
228 3528 265 3572 ae
290 3527 409 3573 summa
431 3511 594 3573 subtilitate
620 3508 805 3586 aperiuntur.
837 3508 862 3568 si
890 3507 1088 3583 probationes
