2468 3930
187 238 230 302 98
462 236 496 295 L.
514 236 661 296 ANNAEl
683 235 858 296 SENECAE
960 272 964 279 ·

185 389 356 464 pertinens,
371 401 471 446 meum
483 392 539 445 est.
563 385 748 446 consortium
759 400 861 444 rerum
869 383 1001 444 omniurn
1013 384 1091 444 lnter
1100 400 1161 447 aas

187 473 258 531 lacit
271 469 411 529 amicitia.
437 485 495 528 nec
509 469 637 528 secundi
653 469 816 543 quicquam
830 469 958 542 singulis
972 475 1091 529 estnec
1104 467 1161 528 ad·

186 555 283 613 versi:
312 554 341 611 in
363 567 522 612 commune
543 553 662 611 vivitur.
691 567 748 610 nec
768 557 871 626 potest
893 550 1055 626 quisquam
1070 552 1162 612 beate

186 638 313 712 degere,
342 637 448 709 quise
470 641 583 694 tantuna
608 636 747 708 intuetur,
776 636 827 710 qui
849 633 1002 695 omuiaad
1016 633 1161 696 utilitates

186 737 260 780 suas
287 719 451 778 convertit:
478 718 563 778 alteri
586 718 671 777 vivas
698 723 833 792 oportet,
861 719 889 777 si
905 719 954 777 vis
971 717 1025 778 tibi
1044 717 1160 779 vivere.

157 805 269 863 ollaec
285 803 416 863 societas
432 801 590 876 diligenter
601 809 631 861 et
641 808 747 860 sancte
759 801 929 874 observate,
946 802 1161 876 quoenosto

184 890 281 947 mines
296 885 469 946 hominibus
482 886 591 944 miscet
604 891 634 944 et
648 883 760 944 iudicat
774 883 900 958 aliquod
915 900 986 944 esse
1000 899 1161 945 commune

184 972 233 1030 ius
254 970 375 1044 generis
396 967 533 1041 humani,
555 966 715 1043 plurimum
733 969 772 1026 ad
786 967 867 1027 illam
882 982 1021 1042 quoque,
1043 968 1084 1027 de
1098 982 1163 1042 qua

184 1054 342 1128 loquebar,
364 1052 537 1112 interiorem
558 1053 733 1111 societatem
751 1049 900 1110 amicitiae
915 1051 1075 1110 colendam
1088 1067 1161 1126 pro·

185 1136 256 1196 ficit.
278 1136 378 1196 omnia
390 1136 469 1194 enirn
482 1135 652 1195 communia
665 1149 733 1192 cum
744 1135 842 1193 arnico
854 1133 991 1204 habebit,
1005 1134 1057 1208 qui
1067 1135 1161 1194 multa

155 1229 253 1283 lcum
268 1220 399 1280 bomine.
435 1218 517 1291 Hoc,
538 1217 634 1277 Lucili
651 1217 784 1276 virorum
799 1218 927 1291 optime,
949 1215 1021 1276 mihi
1036 1216 1076 1277 ab
1092 1215 1161 1277 istis

185 1303 347 1364 subtilibus
370 1301 504 1377 praecipi
526 1302 620 1374 malo,
643 1300 717 1375 quid
737 1301 833 1359 arnico
851 1307 1007 1375 praestare
1021 1300 1161 1371 debeam,

186 1387 259 1460 quid
273 1385 401 1455 homini,
425 1399 517 1457 quarn
532 1391 605 1456 quot
620 1383 718 1442 rnodis
738 1383 882 1445 amicus
900 1383 1024 1458 dicatur,
1045 1391 1077 1443 et
1092 1382 1160 1444 ho·

184 1486 240 1529 me
265 1484 356 1542 quarn
371 1467 464 1525 multa
477 1466 637 1539 significet.
663 1467 696 1524 ln
711 1465 866 1527 diversum
881 1482 954 1527 ecee
969 1465 1119 1541 sapientia
1131 1473 1163 1526 et

185 1552 309 1612 stultitia
329 1550 505 1609 discedunt:
529 1550 578 1609 cui
601 1549 737 1609 accedo?
767 1550 796 1608 in
812 1559 909 1611 utrarn
923 1551 967 1609 ire
984 1558 1102 1624 partera
1116 1550 1162 1611 iu-

184 1636 263 1694 bes?
294 1635 336 1692 illi
357 1634 448 1692 bomo
469 1648 524 1706 pro
547 1632 644 1692 antico
666 1640 727 1704 est,
749 1631 820 1694 huic
835 1634 952 1695 amicus
965 1649 1026 1693 uon
1042 1641 1090 1695 est
1103 1647 1163 1708 pra

184 1717 317 1778 bomine.
349 1718 399 1775 ille
421 1716 550 1774 amicum
571 1716 629 1775 sibi
649 1724 750 1789 parat,
776 1716 824 1776 hic
844 1734 879 1777 se
899 1718 1014 1778 amicos
1041 1723 1075 1778 lu
1088 1716 1161 1777 milri

157 1801 280 1870 5verba
295 1801 471 1872 distorques
484 1805 516 1857 et
526 1799 663 1876 syllabas
674 1799 797 1872 digeris.
835 1799 999 1861 Scilicet
1012 1798 1090 1860 nisi
1104 1801 1161 1860 iu·

186 1882 480 1956 terrogationes
501 1882 730 1942 vaferrimas
751 1890 935 1945 struxero
951 1884 1161 1945 etcouclu·

188 1969 298 2028 sione
330 1967 431 2026 lalsa
464 1981 483 2023 a
512 1981 602 2025 vero
634 1981 802 2026 nascens
830 1966 1067 2029 mendacium
1093 1967 1162 2026 ad·

187 2052 399 2120 strinxero‚
434 2064 506 2108 non
542 2057 677 2124 potero
711 2065 730 2108 e
761 2050 960 2124 fugiendis
995 2050 1164 2125 peteuda

187 2148 404 2194 secernere.
446 2130 565 2193 Pudet
590 2149 660 2192 nne:
691 2131 728 2190 in
755 2149 795 2192 ne
822 2139 895 2194 tarn
919 2132 1025 2194 soria
1044 2148 1162 2194 senes

187 2218 365 2277 ludimus.
403 2215 512 2288 [Vale]

459 2348 689 2426 [EPISTULA
710 2353 782 2409 Vlll.
810 2353 881 2425 (48.)

432 2444 542 2496 Saurea
559 2447 669 2497 Lucmo
689 2458 741 2496 suo
761 2444 914 2513 susurru]

157 2566 174 2618 6
248 2551 337 2623 „Mus
358 2551 478 2628 syllaba
497 2557 554 2609 est.
583 2567 652 2609 mus
672 2558 771 2610 auteur
789 2567 913 2610 caseum
926 2551 1020 2611 roditz
1042 2548 1163 2628 syllaba

187 2649 260 2706 ergo
283 2649 406 2691 caseum
427 2632 538 2691 rodil.“
573 2633 648 2692 Puto
663 2649 744 2692 nune
758 2650 806 2693 me
822 2634 899 2694 istuc
913 2651 973 2694 nen
989 2649 1086 2709 posse
1100 2634 1162 2694 sol-

186 2730 270 2774 vere.
302 2716 383 2787 quod
411 2714 482 2773 mibi
508 2730 546 2773 ex
572 2716 630 2775 iste
654 2717 802 2775 sententia
826 2717 992 2791 periculum
1017 2717 1164 2778 inminet?

188 2796 272 2872 qued
284 2797 529 2858 incommodant
551 2798 618 2856 sine
631 2799 723 2859 dubio
735 2800 900 2859 verendum
912 2808 972 2867 estc
986 2816 1025 2862 ne
1037 2792 1163 2876 quando

186 2882 217 2940 in
238 2881 410 2954 muscipula
430 2880 566 2958 syllabas
587 2881 705 2957 capiant
726 2890 779 2942 aut
797 2899 837 2943 ne
853 2885 991 2957 quando,
1013 2883 1039 2943 si
1058 2883 1163 2957 negle-

187 2964 306 3040 gentior
327 2965 427 3036 luero,
451 2980 575 3023 caseum
589 2965 665 3025 liber
680 2967 829 3026 comedat.
857 2967 917 3028 nisi
932 2969 1011 3027 lorte
1023 2967 1076 3026 illa
1089 2980 1163 3027 aeu-

187 3049 246 3108 tior
266 3054 314 3106 est
334 3048 488 3108 collectio:
512 3065 598 3120 „mus
620 3050 739 3124 syllaba
760 3057 815 3110 est.
849 3051 969 3128 syllaba
989 3056 1090 3110 aulem
1111 3063 1163 3110 aa·

159 3143 273 3200 tseum
296 3149 356 3193 non
378 3132 473 3192 radia
496 3149 563 3192 mus
583 3147 656 3206 ergo
677 3149 802 3193 caseum
823 3149 884 3194 non
901 3135 1012 3194 rodil.“
1048 3131 1163 3208 Opue·

187 3217 259 3276 riles
277 3216 421 3291 ineptias!
443 3216 472 3275 in
486 3216 546 3276 hoc
561 3218 723 3291 supercilia
738 3217 960 3278 subduximus?
981 3217 1011 3277 in
1022 3217 1083 3277 boc
1095 3216 1164 3277 bar·

187 3299 258 3359 born
274 3300 472 3361 demisimus?
490 3299 549 3361 boc
564 3307 611 3359 est
625 3303 709 3375 quod
723 3300 826 3362 tristes
838 3301 984 3362 docemus
996 3307 1027 3362 et
1038 3297 1165 3375 palliata

188 3383 245 3442 Vis
265 3385 360 3458 seire,
389 3384 462 3458 quid
487 3384 682 3459 philosophia
707 3386 859 3460 promittat
881 3385 987 3461 generi
1010 3383 1165 3446 humano?

190 3466 365 3526 consilium:
387 3469 476 3529 atium
487 3475 681 3529 rnorsvocat.
704 3468 794 3529 alium
806 3477 971 3545 paupertas
983 3467 1050 3530 urit.
1072 3466 1164 3528 alium
