2460 3916
199 254 241 321 ed
261 256 294 315 L.
306 254 452 315 ANNAEI
465 254 639 316 SENECAE
652 254 709 315 ΕΡ.
718 255 943 317 ΜΟΒ.[ΙΒ.Ι1Ῑ.
954 256 1055 321 EPdi.
1067 262 1140 330 (41.)

197 418 273 484 tem,
297 408 443 485 quiequid
463 409 601 468 timemus
622 415 825 485 optamusque
841 409 1004 483 ridentem,
1026 410 1172 473 eoelestis

199 494 333 571 potentia
345 492 447 568 agitat.
483 507 544 551 nou
559 496 660 566 potest
671 506 723 552 res
738 498 820 552 tauta
835 491 902 553 siue
918 492 1101 555 adminiculo
1116 510 1172 556 uu-

197 577 286 638 minis
308 583 403 637 staret
432 576 535 651 itaque
554 575 670 652 maiore
690 575 739 636 sui
753 582 840 651 parte
854 575 914 636 illie
928 582 991 650 est,
1018 577 1099 637 uude
1117 578 1172 639 de·

198 660 326 722 seeudit.
362 658 622 734 Quemadmodum
646 657 723 718 radii
748 659 823 719 solis
849 660 1025 735 contingunt
1047 661 1172 736 quidem

197 751 322 816 terram,
339 743 395 803 sed
409 740 450 803 ibi
464 749 548 815 suut,
564 740 646 802 uude
660 740 829 803 mittuntur:
852 742 898 803 sie
912 743 1030 804 unimus
1041 760 1172 820 maguus

198 842 234 888 ae
255 842 344 887 sacer
364 833 394 886 et
412 827 443 885 iu
462 825 522 886 hoe
542 823 711 900 demissus,
733 834 767 886 ut
786 826 914 901 propius
930 826 1053 903 quidem
1068 828 1173 890 diviua

198 925 376 983 nossemus,
405 917 605 970 conversatur
631 908 754 985 quidem
775 908 953 984 nobiseum,
986 911 1042 970 sed
1066 910 1172 976 haeret

197 992 307 1070 origini
319 1009 410 1054 suae:
429 992 512 1054 illiue
528 993 654 1068 pendet,
671 993 874 1069 illua-spectat
885 1008 921 1053 ae
933 992 1042 1068 nititur,
1057 995 1171 1057 uostris

169 1085 350 1154 otamquam
365 1076 472 1138 metior
486 1077 618 1138 interest.
651 1075 728 1150 Quis
744 1084 791 1137 est
805 1091 878 1153 ergo
890 1077 942 1138 hie
956 1077 1097 1139 animust
1117 1081 1171 1156 qui

197 1162 280 1223 nulio
295 1162 377 1222 boue
390 1161 452 1223 uisi
463 1176 524 1222 suo
538 1161 623 1221 nitet.
655 1160 731 1235 quid
743 1161 822 1220 enim
837 1166 885 1222 est
897 1159 1019 1223 stultius
1034 1164 1128 1238 quam·
1139 1162 1171 1223 iu

196 1246 320 1306 homine
334 1245 433 1305 alienu
447 1245 593 1306 laudaret
614 1244 687 1319 quid
702 1259 739 1304 eo
756 1244 940 1320 dementius,
963 1244 1016 1320 qui
1030 1261 1067 1305 ea
1082 1244 1171 1306 mira-

195 1336 253 1404 tur,
275 1345 355 1405 quae
375 1328 415 1388 ad
428 1329 520 1389 alium
536 1329 692 1388 transferri
705 1328 845 1403 protinus
861 1335 1013 1404 possuntt
1043 1330 1111 1390 Nou
1125 1331 1172 1390 fa-

197 1415 280 1474 11111
300 1411 456 1473 meliorem
476 1426 589 1486 equum
604 1411 688 1472 atuei
702 1411 790 1471 freni.
818 1410 904 1472 aliter
916 1413 965 1473 leo
980 1423 1085 1474 aurata
1097 1412 1171 1474 iuba

196 1496 328 1569 mittitur,
348 1495 418 1555 duur
436 1502 640 1557 oonuaeutur
652 1501 684 1555 et
697 1495 738 1555 ad
752 1494 926 1571 patientiam
940 1495 1107 1572 reeipiendi
1122 1513 1170 1558 or-

196 1577 328 1639 namenti
342 1579 460 1653 cogitur
474 1577 630 1654 fatigatus,
646 1577 735 1639 aliter
745 1579 891 1655 incultus,
906 1581 1017 1656 integri
1028 1581 1169 1656 spiritus:

195 1660 246 1723 hio
267 1660 383 1723 seilicet
401 1663 507 1738 inpetu
525 1676 605 1737 arar,
630 1664 749 1739 qualem
764 1663 847 1724 iilum
860 1673 969 1727 natura
981 1679 1053 1724 esse
1067 1665 1170 1739 votuit,

197 1744 360 1822 speciosus
381 1761 422 1806 ex
441 1745 581 1820 horrido,
604 1747 699 1807 euius
711 1745 762 1807 hio
780 1747 877 1808 deror
893 1755 954 1821 est,
974 1746 1038 1808 hon
1053 1748 1121 1808 siue
1135 1749 1169 1809 ti·

196 1845 281 1891 more
295 1828 428 1904 adspioi,
447 1831 617 1905 praefertur
631 1829 673 1891 iffi
686 1831 831 1906 languido
844 1831 1048 1892 etbraeteato.
1074 1831 1169 1891 Nemo

167 1912 318 1989 ugloriari
338 1911 396 1973 uisi
418 1928 475 1974 suo
497 1913 597 1975 debet.
629 1914 730 1974 Vitem
750 1915 926 1986 laudamus,
947 1913 977 1974 si
991 1914 1091 1974 fructu
1104 1916 1170 1991 pat·

196 1997 282 2057 mites
302 2003 424 2071 onerat,
446 1997 473 2058 si
493 1997 563 2074 ipsa
582 1999 719 2074 pondere
738 1997 926 2071 [adferrem]
947 2011 1067 2070 eorum,
1089 2015 1170 2072 quae

195 2081 275 2154 tulit,
297 2079 481 2142 adminicrda
496 2082 632 2143 deduuit=
655 2097 727 2142 uum
742 2081 810 2158 quis
824 2079 896 2141 huin
908 2079 990 2141 fliam
1001 2081 1171 2156 praeferret

195 2165 300 2238 vitem,
323 2164 372 2225 eui
392 2180 503 2226 aureae
517 2181 612 2240 uvae,
634 2182 726 2228 aurea
738 2165 812 2226 folia
826 2164 1019 2241 dependenti
1042 2163 1167 2241 1111111

194 2248 290 2309 virtus
310 2255 358 2309 est
378 2248 409 2308 iu
423 2249 485 2310 vito
499 2249 652 2312 fertilitas:
673 2250 705 2310 in
718 2247 842 2311 homine
857 2264 982 2326 quoque
997 2246 1027 2308 id
1042 2249 1167 2310 laudan-

193 2332 266 2393 dum
287 2340 349 2406 est,
371 2334 454 2408 quod
475 2335 573 2410 ipsius
594 2343 649 2397 est.
682 2333 836 2395 Familiam
851 2335 1017 2395 formosam
1034 2333 1125 2393 habet
1139 2339 1169 2393 et

195 2417 318 2478 domum
341 2418 512 2495 pulchrum,
535 2420 661 2481 multum
680 2417 768 2489 serit,
793 2420 921 2479 multum
940 2418 1070 2478 fenerat:
1088 2414 1167 2476 *nihii

165 2499 303 2563 ethorum
317 2501 347 2561 iu
361 2499 431 2576 ipso
441 2510 504 2577 est,
523 2504 582 2563 sed
594 2503 675 2563 eirea
684 2500 795 2576 ipsum.
830 2501 935 2562 Lauda
947 2501 977 2560 in
990 2501 1068 2576 ipso,
1084 2499 1168 2575 quod

195 2600 252 2644 nea
273 2583 349 2658 eripi
370 2592 472 2659 potest
493 2602 550 2646 noe
571 2585 651 2659 duri,
675 2585 760 2660 quod
779 2583 939 2660 proprium
957 2582 1166 2668 homiuisest:

196 2668 318 2742 quaeris
340 2668 414 2740 quid
431 2669 490 2728 sitt
516 2668 634 2729 annuus
649 2673 679 2727 et
692 2667 769 2729 ratio
784 2668 815 2727 iu
830 2666 929 2728 animo
945 2668 1089 2742 perfecta.
1118 2683 1166 2726 11-

193 2748 305 2809 tiouale
327 2748 406 2809 euim
426 2751 536 2810 animal
553 2757 600 2811 est
613 2751 716 2812 homo.
739 2759 966 2813 consummatur
982 2752 1086 2826 itaque
1100 2749 1167 2810 eius

165 2830 321 2906 thorum,
338 2832 365 2891 si
379 2832 411 2892 id
424 2834 559 2910 inplevit,
575 2835 625 2895 eui
635 2832 778 2895 nascitur.
808 2833 887 2908 Quid
899 2841 947 2895 est
957 2842 1066 2907 autem,
1082 2833 1166 2908 quod

194 2915 232 2974 ab
246 2915 297 2977 ifto
312 2917 389 2977 ratio
404 2915 481 2978 haee
495 2919 618 2994 exigatr
638 2932 703 2977 rem
716 2918 903 2993 facillimam,
923 2917 1094 2980 seeundum
1112 2932 1164 2977 11-

192 3004 290 3059 turam
311 3014 398 3060 suam
419 3000 530 3063 vivere.
558 3002 616 3063 sed
634 3001 713 3062 hano
733 3002 887 3064 difficilem
907 3001 979 3062 facit
997 3001 1165 3062 eommunis

194 3081 325 3144 insania:
347 3083 378 3143 iu
395 3083 465 3146 vitia
479 3086 554 3147 after
567 3087 693 3148 alterum
706 3087 866 3148 tradimus.
894 3084 1050 3163 quomodo
1065 3092 1166 3155 autem

192 3167 330 3229 revocari
346 3168 527 3232 adsalutem
542 3176 687 3247 possunt,
705 3187 782 3247 quos
794 3187 882 3233 nemu
895 3169 1016 3242 retinet,
1033 3171 1166 3246 popurus

193 3248 330 3327 inpedita
364 3253 450 3314 Vale.
