2468 3930
221 234 391 297 EPISTUL.
405 236 498 298 Mola.
520 238 593 298 LlB.
605 237 654 298 111.
674 238 732 299 ΕΡ.
744 249 769 302 1.
780 249 807 302 2.
828 249 953 317 (2223.)
1035 244 1076 310 51

100 392 177 454 haee
200 398 264 452 esta
294 392 377 466 quod
395 391 502 451 inanes
525 391 656 451 omnium
675 390 827 454 bonorum
847 411 970 470 sumus,
995 397 1077 458 vitas

99 476 287 536 laboramus.
316 490 377 535 non
399 475 479 534 enim
498 475 581 550 apud
598 491 656 535 nos
671 491 744 551 pars
759 476 825 538 eius
841 480 903 539 ulla
922 479 1076 542 subsedita

99 558 283 620 transmissa
303 564 352 618 est
365 565 395 617 et
408 556 536 618 effluxit.
571 557 666 619 Nemo
689 576 779 635 quarn
800 562 879 621 bene
899 563 996 638 vivat,
1019 562 1080 624 sed·

101 659 192 719 quam
207 642 263 703 diu
277 648 377 713 curat,
394 656 464 701 cum
479 640 620 702 omnibus
635 643 736 718 possit
747 645 938 721 contingere,
954 655 987 706 ut
997 645 1077 708 bene

100 727 220 799 vivant,
241 731 275 786 ut
289 724 355 800 diu,
376 725 460 785 nulli.
494 724 581 784 Vale.

400 850 617 919 EPISTULA
643 863 676 918 lI.
705 868 718 936 (
755 865 777 932 .)

352 952 463 1007 Sennea
482 955 593 1006 Lucieno
614 967 666 1007 suo
686 969 823 1009 saturnu.

157 1057 255 1119 Putas
277 1072 326 1117 me
347 1057 401 1117 tibi
423 1057 621 1134 scripturum,
650 1077 739 1135 quam
761 1061 893 1120 humane
916 1063 1104 1124 nobiscuml

99 1143 196 1204 hiems
220 1141 330 1216 egerit,
355 1157 433 1216 quae
453 1148 484 1201 et
501 1144 632 1203 remissa
654 1142 708 1204 luit
722 1151 752 1203 et
765 1144 883 1218 brevis,
907 1161 998 1218 quarn
1012 1162 1074 1206 ma·

98 1227 213 1302 lignum
234 1224 363 1300 versit,
386 1242 478 1300 quam
496 1233 729 1301 praeposterum
747 1227 857 1301 frigus,
879 1235 909 1287 et
923 1228 998 1287 alias
1012 1229 1074 1288 ine-

98 1310 178 1386 ptias
193 1309 290 1369 verba
305 1309 536 1384 quaerentium?
556 1325 614 1385 ego
629 1325 705 1371 vero
720 1310 850 1386 aliquid,
866 1312 949 1387 quod
960 1319 990 1371 et
1003 1308 1076 1371 mihi

100 1401 127 1454 et
141 1393 197 1454 tibi
214 1393 368 1466 prodesse
380 1391 494 1467 possit,
512 1394 653 1454 scribam.
687 1394 765 1468 Quid
776 1401 876 1455 autem
887 1392 918 1454 id
929 1395 1000 1467 erit,
1016 1393 1076 1456 nisi

99 1484 131 1538 ut
144 1485 174 1538 te
196 1475 382 1537 exhorter
401 1476 447 1535 ad
468 1476 604 1538 bonam
624 1485 809 1539 mentem?
841 1479 963 1539 Huius
989 1479 1075 1540 iun·

100 1562 316 1623 dementum
339 1560 441 1635 quod
464 1560 516 1621 sit
538 1562 719 1636 quaerisr
749 1578 795 1621 ne
815 1563 987 1636 gaudeas
1010 1578 1074 1622 va-

99 1644 170 1705 nis.
193 1643 434 1703 Fundamentum
445 1642 506 1704 hoc
517 1660 588 1705 esse
600 1644 679 1704 dixi:
697 1647 815 1705 culmen
828 1652 884 1707 est.
906 1646 945 1706 ad
958 1648 1104 1706 summan

99 1725 253 1805 pervenit,
276 1727 329 1802 qui
348 1725 420 1799 scit,
444 1743 505 1803 quo
519 1729 664 1803 gaudeat,
688 1729 739 1804 qui
754 1729 926 1790 felicitatem
941 1745 1029 1789 suam
1044 1730 1075 1789 in

100 1813 199 1872 aliena
215 1817 366 1886 potestate
381 1827 443 1872 non
458 1809 576 1887 posuit:
600 1811 748 1873 sollicitus
763 1820 811 1873 est
824 1819 854 1872 et
867 1814 1001 1875 incertus
1017 1812 1074 1885 sui,

100 1911 193 1972 quem
208 1910 282 1971 spes
297 1895 399 1970 aliqua
414 1897 556 1971 proritat,
577 1894 649 1956 licet
663 1895 702 1955 ad
717 1912 839 1956 manum
854 1897 908 1968 sit,
931 1896 1002 1957 licet
1013 1912 1076 1956 non

100 1995 139 2039 ex
153 1978 270 2040 difficili
285 1986 419 2055 petatur,
443 1980 513 2040 licet
528 1996 693 2056 numquam
708 1979 791 2040 illum
806 1985 930 2054 sperata
945 1981 1074 2055 decepe-

99 2062 169 2124 rint
208 2063 276 2123 Hoc
300 2070 371 2123 ante
396 2063 498 2123 omnia
522 2065 585 2138 lac,
613 2062 654 2123 mi
678 2063 788 2123 Lucili:
822 2063 907 2123 disce
931 2063 1104 2139 gauderes

98 2145 264 2207 Existimas
283 2163 366 2208 nunc
380 2163 430 2208 me
443 2147 603 2207 detrahere
619 2146 670 2208 tibi
684 2148 793 2208 multas
810 2149 998 2222 voluptates,
1023 2145 1076 2222 qui

99 2230 224 2291 fortuita
244 2231 430 2306 submoveo,
461 2230 514 2306 qui
533 2247 622 2306 spes,
653 2230 831 2291 dulcissima
855 2232 1077 2292 oblectamenta

100 2312 266 2374 devitanda
285 2315 449 2376 existimat
475 2313 567 2376 immo
583 2320 690 2375 contra
705 2315 776 2374 nolo
792 2314 846 2375 tibi
862 2332 1008 2390 umquam
1023 2316 1076 2374 de-

100 2413 172 2457 esse
192 2397 345 2458 laetitiam.
372 2399 443 2459 volo
465 2397 547 2457 illam
568 2398 623 2458 tibi
643 2397 725 2457 domi
747 2395 848 2457 nasci:
877 2398 1021 2471 nascitur,
1049 2394 1077 2457 si

100 2482 212 2542 domus
225 2482 303 2541 intra
317 2489 348 2543 te
364 2482 465 2557 ipsum
480 2482 529 2542 sit
563 2481 688 2542 ceterae
703 2480 869 2541 hilaritates
884 2496 945 2541 non
961 2480 1078 2556 inplent

100 2571 220 2641 pectus.
255 2566 384 2626 irontem
402 2565 570 2639 remittunt,
592 2567 678 2626 leves
698 2573 784 2638 sunt,
806 2562 865 2624 nisi
887 2566 965 2624 forte
984 2570 1017 2625 tu
1030 2562 1076 2624 iu·

101 2648 187 2709 dicam
208 2664 278 2708 eum
292 2650 442 2725 gaudere,
463 2651 515 2725 qui
530 2649 625 2709 ridete
648 2648 767 2711 animus
783 2664 854 2709 esse
870 2649 962 2709 debet
976 2649 1077 2708 alacer

101 2739 131 2792 et
149 2731 251 2793 fidens
272 2740 303 2793 et
323 2749 418 2809 super
438 2734 540 2794 omnia
561 2739 692 2794 erectus.
739 2734 812 2793 Mihi
837 2733 944 2808 crede,
970 2740 1107 2794 verum4

101 2813 246 2891 gaudium
265 2831 315 2876 res
336 2833 445 2877 severa
466 2823 527 2877 est:
552 2834 591 2877 an
607 2824 639 2878 tu
654 2816 810 2877 existimas
827 2833 1010 2892 quemquam
1026 2832 1077 2877 so·

101 2901 163 2960 luto
178 2901 264 2961 voltu
279 2907 323 2972 et,
345 2907 378 2961 ut
391 2900 441 2962 isti
456 2899 577 2962 delicati
588 2902 762 2976 loquuntur,
779 2900 939 2961 hilariculo
950 2906 1078 2959 mortem

101 2989 318 3044 contemneret
351 2985 518 3059 paupertati
538 2985 660 3045 domum
675 2985 814 3058 aperiret
847 2985 1019 3058 voluptates
1034 2989 1077 3042 te-

101 3083 174 3128 nere
193 3067 252 3128 sub
268 3067 378 3129 lrenot
402 3068 540 3128 meditari
556 3067 695 3127 dolorum
710 3067 906 3143 patientiam?
933 3067 1010 3126 haec
1026 3063 1078 3138 qui

100 3152 184 3227 apud
199 3167 235 3212 se
250 3157 368 3223 versat,
391 3151 422 3209 in
438 3166 546 3225 magno
562 3151 751 3225 gaudinam,
768 3150 825 3211 sed
837 3166 944 3227 parum
954 3147 1077 3208 blando.

101 3233 131 3295 in
150 3233 243 3297 huius
262 3232 368 3309 gaudii
386 3234 589 3309 possessione
604 3249 676 3294 esse
691 3240 721 3295 te
734 3235 822 3294 volo:
845 3247 1010 3306 numquam
1025 3230 1077 3289 de-

101 3317 197 3394 liciet,
217 3333 287 3381 cunr
302 3319 399 3377 semel
411 3317 493 3378 unde
508 3323 626 3392 petatur
640 3317 803 3377 inveneris.
837 3316 964 3375 Levium
975 3313 1108 3373 metato

102 3401 199 3465 lorum
213 3403 333 3464 fructus
345 3401 375 3461 in
387 3417 505 3462 summo
518 3409 579 3462 est:
602 3402 653 3461 illa
665 3399 897 3476 opulentissima
907 3403 986 3471 sunt,
1002 3412 1078 3471 quo·

101 3501 166 3549 rum
180 3487 212 3547 in
227 3486 289 3548 alto
300 3485 375 3547 latet
384 3500 463 3545 vena
472 3484 601 3546 adsidue
613 3484 732 3560 plenius
743 3497 932 3604 responsura
942 3479 1078 3541 fodienti.
