2468 3930
198 230 261 297 174
485 234 519 294 L.
541 235 690 295 ΑΝΝΑΕΙ
709 229 886 297 SENECAE

198 390 245 452 nis
261 388 384 449 iudicet.
423 387 481 448 soli
501 389 656 463 lunaeque
676 386 840 464 plurimum
855 389 969 464 debeo,
991 397 1022 452 et
1044 408 1108 454 non
1122 392 1178 456 uni

197 473 270 534 mihi
286 473 433 535 oriuntur.
469 487 550 532 anno
571 473 814 548 temperantique
828 489 942 535 annum
956 475 1017 536 deo
1031 476 1178 552 privatim

198 559 351 632 obligatus
365 571 443 628 sum,
461 557 600 631 quamvis
614 556 687 617 nihil
699 557 729 616 in
743 573 846 618 meum
854 557 1005 621 honorem
1019 560 1180 638 descripta

169 642 267 708 tsint.
289 641 341 720 [et]
360 639 450 701 stulta
462 640 589 700 avaritia
603 641 775 702 mortalium
787 644 1021 716 possessionem
1036 647 1179 721 proprie·

196 733 352 800 tatemque
364 725 511 785 discernit
526 739 583 783 nec
599 725 762 800 quicquam
774 741 864 786 suum
880 727 977 788 credit
990 743 1075 805 esse,
1091 730 1179 805 quod

198 810 353 886 publicum
375 816 436 869 est:
465 807 564 868 atille
585 808 711 884 sapiens
740 808 814 869 nihil
833 810 948 871 iudicat
968 828 1060 873 suum
1078 815 1179 890 magis

199 911 290 970 quam
308 892 396 953 cuius
411 892 454 952 illi
473 908 541 954 cum
555 891 690 953 hnmano
704 907 819 967 genera
832 896 1020 957 consortium
1034 905 1093 958 est.
1118 913 1177 959 nec

198 979 279 1040 enirn
299 983 403 1038 essent
423 976 464 1036 ita
485 976 672 1052 communia,
696 976 756 1038 nisi
776 994 850 1053 pars
870 979 990 1040 illorum
1011 982 1179 1055 pertineret

198 1065 238 1124 ad
253 1062 406 1137 singulos=
427 1061 547 1122 socium
568 1061 662 1121 elficit
682 1061 774 1121 etiam
793 1063 877 1136 quod
899 1078 939 1123 ex
957 1061 1084 1125 minima
1103 1082 1176 1142 por·
1198 1110 1202 1117 .

168 1149 281 1209 titione
302 1161 464 1207 commune
485 1153 542 1206 est.
573 1144 788 1218 adicerem,
813 1147 897 1222 quod
918 1163 1031 1222 magna
1051 1156 1083 1211 et
1101 1164 1178 1211 vera

199 1234 281 1294 bona
295 1247 356 1291 non
377 1229 423 1290 sic
438 1229 629 1302 dividuntur,
650 1235 685 1289 ut
703 1229 848 1304 exiguum
869 1231 900 1290 in
914 1231 1056 1306 singtdos
1070 1235 1176 1295 cadula

199 1318 240 1376 ad
256 1328 506 1389 unumquemque
523 1320 586 1374 tota
602 1312 792 1388 perveniunt.
824 1314 873 1375 Ex
891 1314 1049 1390 congiario
1060 1323 1179 1378 tantum

200 1398 457 1468 lerumhomtnes,
473 1395 659 1472 quantumin
674 1398 775 1473 capita
781 1399 970 1475 promissum
979 1406 1037 1461 est
1050 1403 1176 1476 epulum

199 1492 229 1545 et
243 1481 407 1544 visceratio
422 1487 453 1541 et
467 1482 613 1556 quicquid
627 1481 710 1541 aliud
732 1498 824 1543 manu
844 1485 979 1559 capitur,
998 1483 1131 1545 discedit
1143 1483 1176 1545 in

198 1575 318 1643 partes:
345 1571 378 1626 at
409 1563 486 1625 haec
511 1565 670 1625 individua
689 1566 787 1640 bona,
811 1584 875 1642 pax
900 1575 931 1628 et
949 1567 1088 1642 libertos,
1112 1576 1177 1629 tam

170 1650 331 1714 domnium
343 1656 406 1710 tota
427 1664 517 1724 quam
536 1650 723 1725 singulorum
739 1658 819 1713 sunt.
856 1651 974 1727 cogitat
994 1649 1177 1731 itaquelsa·

198 1736 316 1811 piens]‚
341 1748 397 1808 per
411 1748 503 1807 quern
524 1733 582 1793 sibi
597 1734 706 1793 horum
721 1751 799 1795 usus
814 1735 995 1813 fructusque
1010 1736 1177 1812 contingat,

199 1833 362 1894 perquem
379 1833 439 1877 non
455 1817 496 1876 ad
516 1833 600 1877 arma
620 1817 704 1878 illum
723 1834 781 1879 nec
801 1819 841 1879 ad
862 1820 1033 1880 servandas
1056 1819 1177 1896 vigilias

199 1918 257 1962 nec
273 1903 312 1962 ad
327 1901 441 1962 tuenda
454 1899 577 1961 moenia
588 1909 618 1961 et
631 1901 791 1978 multiplex
806 1902 878 1965 belli
892 1904 1037 1965 tributum
1054 1905 1177 1980 publica

200 1987 369 2047 necessitas
393 1992 498 2059 vocet,
518 1983 642 2060 agitque
659 1987 855 2061 gubernatori
876 2003 933 2049 suo
955 1988 1079 2063 gratias.
1107 1989 1175 2049 Hoc

200 2072 292 2132 docet
301 2068 500 2145 philosophia
513 2070 689 2145 praecipue,
702 2070 783 2132 bene
794 2071 908 2133 debere
919 2071 1081 2147 beneficia,
1095 2073 1175 2133 benc

158 2157 336 2216 losolvere=
351 2155 501 2216 interdum
512 2161 613 2215 autem
626 2156 737 2215 solutio
750 2162 798 2216 est
808 2157 878 2231 ipsa
889 2156 1056 2218 confessio.
1078 2156 1176 2218 con·

199 2239 379 2301 litebitur
399 2254 490 2313 ergo
512 2239 669 2300 multum
688 2255 730 2300 se
745 2240 951 2315 debereei,
972 2241 1087 2302 cuius
1111 2239 1176 2302 ad-

198 2324 488 2386 ministratione
521 2339 564 2383 ac
602 2323 855 2398 providentia
885 2325 1082 2400 contingit
1114 2322 1175 2387 illi

199 2409 342 2486 pingue
363 2408 479 2470 otium
500 2416 538 2468 et
557 2406 758 2467 arbitrium
780 2409 839 2470 sui
860 2409 1048 2485 temporis
1070 2409 1176 2470 etin·

200 2494 429 2570 perturbata
443 2490 1103 2569 publicisoccupationibusquies.

286 2577 309 2638 0
322 2577 477 2648 Meliboee,
495 2577 567 2635 deus
581 2576 662 2637 noma
677 2576 753 2637 laec
768 2580 829 2637 otia
839 2576 931 2650 serit:

283 2676 410 2734 namque
423 2662 482 2720 erit
493 2661 543 2720 ille
556 2660 631 2720 milti
643 2676 759 2735 semper
774 2662 857 2721 deas.

158 2745 191 2797 11
201 2742 234 2803 Si
253 2742 304 2801 illa
325 2757 450 2816 quoque
471 2741 532 2802 otia
551 2743 677 2803 multum
692 2745 809 2806 auctori
824 2758 881 2805 sno
897 2743 1024 2818 debent,
1046 2759 1176 2822 quorum

200 2842 310 2887 munus
326 2826 386 2886 hoc
401 2824 564 2885 maximum
580 2833 642 2886 est:

283 2912 334 2971 itte
344 2927 426 2971 meas
440 2912 660 2986 marciones,
675 2920 708 2974 at
721 2915 834 2986 cernis,
852 2920 882 2974 et
893 2916 991 2990 ipsum

283 2996 403 3067 ludere,
417 3011 494 3070 qaae
508 2998 625 3068 vellera,
641 3001 759 3059 calanco
769 3000 905 3073 permisit
916 2999 1044 3072 carecti.-

201 3079 1178 3158 quantiaestimarnushocotium,quodinterdeos

157 3165 342 3239 magitur,
364 3165 468 3240 quod
484 3164 579 3224 deos
596 3164 713 3225 taciti
747 3168 788 3226 lta
803 3165 889 3237 dico,
913 3163 1026 3239 Lucili,
1048 3171 1079 3226 et
1098 3171 1128 3227 te
1146 3166 1180 3225 in

201 3249 321 3310 coelum
333 3247 552 3326 conpendiaria
566 3264 655 3310 voco.
676 3248 803 3310 Solebat
813 3248 937 3311 Sextius
949 3248 1061 3323 dicere,
1072 3248 1181 3309 lovem

200 3335 270 3407 plus
286 3350 349 3394 non
366 3350 461 3410 posse
477 3351 568 3409 quam
584 3335 697 3394 bonum
711 3334 823 3394 virum:
845 3334 933 3408 plura
943 3332 1060 3408 Iupiter
1075 3331 1179 3407 habet,

202 3434 280 3490 quae
296 3427 430 3494 praestet
449 3418 638 3492 hominibus,
659 3419 716 3478 sed
736 3417 813 3477 inter
834 3418 913 3479 duos
934 3418 1035 3478 bonos
1052 3422 1181 3479 nonest

201 3502 322 3578 melior,
338 3503 390 3577 qui
404 3504 600 3580 locupletior,
615 3518 677 3562 non
688 3501 785 3578 magis
801 3518 892 3578 quarn
906 3502 983 3562 inter
997 3500 1095 3577 duos,
1111 3500 1179 3576 qui·
