2468 3930
172 210 342 272 arlsrot.
355 209 450 272 uos.
471 210 604 271 maru.
625 209 785 273 aaron.
805 216 926 286 (asso.)
994 211 1038 276 se

59 373 141 428 tetur
161 371 191 423 et
212 366 366 438 properat.
388 360 491 434 itaque
506 360 602 420 oratio
617 360 671 419 ille
684 360 766 435 apud
780 361 944 421 Homerum
964 378 1037 424 con·

60 449 153 511 citata
173 454 205 508 et
223 447 291 506 sine
307 443 529 504 intermissione
545 444 576 503 in
590 459 704 504 morem
720 444 798 504 nivis
814 446 1035 520 superueniens

61 531 175 595 oratori
191 529 263 591 data
276 535 338 590 est:
359 528 437 588 lenis
453 534 483 589 et
496 528 585 588 melle
600 526 718 589 dulcior
732 527 801 588 seni
818 527 950 603 profluit.
985 528 1064 598 Sica

59 619 165 691 itaque
184 613 277 688 habe,
300 614 388 673 istam
406 612 467 672 vim
482 611 603 672 dicendi
618 611 757 687 rapidam
772 618 864 688 atque
879 613 1035 674 abundare

60 708 122 761 tem
137 698 286 774 aptiorem
300 712 371 757 csse
386 696 541 760 circulanti
554 711 646 771 quam
659 695 762 770 agenti
772 696 805 756 iu
817 712 883 757 rem
896 713 1036 773 magnam

61 801 99 848 ac
113 783 226 844 seriam
236 781 432 855 docentique.
451 796 550 856 aeque
561 778 675 840 stillare
686 780 768 840 illum
779 781 851 841 nolo
865 798 957 856 quam
969 798 1036 843 cur-

61 883 146 929 reret
172 881 231 927 uec
252 864 398 925 extendat
415 880 507 925 aures·
524 879 581 923 nec
603 863 720 924 obruat
752 880 822 925 uam
841 865 895 926 illa
912 881 1036 942 quoque

61 949 168 1027 inopia
181 956 211 1010 et
231 949 350 1009 exilitas
369 948 472 1008 minus
483 949 630 1008 intentum
645 947 814 1007 auditorem
828 947 920 1010 habet
933 951 1034 1010 taedio

61 1037 247 1109 interruptae
271 1032 440 1093 tarditatis:
471 1033 590 1092 facilius
610 1037 711 1090 tamen
736 1031 854 1106 insidit,
878 1033 961 1105 quod
983 1049 1034 1092 ex-

63 1124 235 1196 spectatur,
257 1133 350 1192 quam
368 1116 453 1192 quod
472 1115 686 1190 praetervolat.
720 1114 859 1190 Denique
878 1117 1036 1176 tradere

62 1202 202 1265 hominos
213 1200 373 1276 discipulis
386 1206 551 1275 praecepta
563 1199 721 1258 dicuuturz
740 1214 801 1258 non
813 1199 940 1259 haditur
952 1200 1036 1274 quod

63 1288 148 1364 sugit.
194 1285 292 1346 Adice
311 1298 407 1358 nunc,
431 1283 514 1359 quod
535 1298 615 1359 quae
630 1281 747 1344 veritati
764 1298 888 1358 operam
902 1283 957 1343 dat
969 1298 1035 1343 ora-
1046 1292 1066 1347 4·

62 1373 119 1444 tio,
143 1367 340 1443 inconposita
357 1368 448 1428 debet
467 1383 539 1428 ease
560 1374 590 1428 et
609 1365 754 1441 simplex:
781 1366 859 1426 haec
877 1365 1035 1442 popularis

63 1455 139 1515 nihil
151 1453 243 1514 llahet
256 1452 329 1512 veri.
351 1467 476 1512 movero
488 1451 553 1512 vult
565 1451 683 1511 turbam
697 1458 728 1511 et
741 1451 929 1512 inconsultas
945 1466 1035 1512 aures

63 1540 172 1615 inpetu
180 1535 504 1612 raperc,tractaudam
514 1551 550 1595 se
561 1551 624 1596 non
637 1534 776 1609 praebet,
793 1536 941 1596 aufertars
960 1553 1036 1612 quo-

64 1622 158 1684 modo
175 1629 279 1683 autem
288 1634 400 1695 regere
412 1626 527 1695 potest,
549 1634 628 1694 quae
642 1619 709 1694 regi
722 1634 785 1679 non
801 1625 922 1695 potest?
948 1619 1036 1694 Quid,

66 1706 151 1781 quod
165 1705 241 1765 haec
253 1704 359 1777 oratio,
383 1719 464 1779 quae
473 1702 619 1765 sanandis
631 1702 782 1764 mentibus
794 1703 968 1779 adhibetur,
983 1703 1038 1763 de-

66 1789 215 1850 scendere
227 1789 258 1848 in
273 1803 335 1847 nos
346 1788 458 1848 debete
474 1786 611 1848 remedia
624 1802 690 1848 non.
700 1795 844 1862 prosunt,
866 1788 927 1848 nisi
939 1787 1036 1848 intuo*

64 1880 178 1935 rantur.
211 1872 339 1932 Multum
360 1878 520 1947 praeterea
539 1869 634 1931 habet
648 1871 800 1932 inanitatis
815 1879 846 1933 et
858 1871 944 1946 rani,
966 1873 1064 1948 pluas

65 1964 156 2020 sonat
170 1973 260 2032 quam
273 1956 364 2016 ualet.
381 1955 524 2016 lenienda
534 1961 619 2028 sunt,
636 1971 717 2030 quae
727 1971 776 2017 me
787 1963 949 2030 exterrent,
964 1971 1034 2016 con-

66 2042 241 2119 pescenda,
261 2055 344 2116 quae
360 2040 500 2116 inritant,
517 2039 723 2113 discutiendo,
748 2056 828 2114 quae
848 2040 969 2115 tollunt,
992 2040 1036 2100 iu-

63 2126 198 2186 hibenda
208 2123 338 2198 luxurio,
352 2123 548 2200 corripienda
559 2123 699 2184 avaritia:
722 2124 796 2198 quid
807 2123 915 2185 horum
926 2121 1036 2198 raptim

64 2216 169 2286 potest
181 2208 268 2268 fierit
289 2208 361 2284 quis
369 2207 506 2268 medicus
518 2207 687 2267 intransitu
700 2214 786 2267 curat
797 2215 931 2283 aegrest
950 2207 1039 2280 Quid,

66 2293 151 2369 quod
172 2309 211 2352 ne
230 2291 418 2366 voluptatem
438 2292 560 2367 quidem
579 2291 670 2350 ullam
687 2289 778 2350 habet
792 2291 859 2350 tella
874 2291 1038 2350 verborum

66 2378 133 2437 sine
155 2376 275 2437 delemu
294 2375 446 2437 ruentium
464 2372 631 2449 strepitust
650 2372 714 2433 Sed
729 2379 761 2432 ut
775 2374 941 2449 pleraque,
959 2380 1066 2448 quaet

64 2460 134 2521 lieri
152 2475 247 2536 posse
267 2475 330 2519 non
345 2460 503 2534 crederes,
526 2457 710 2531 cognovisse
724 2458 800 2517 satis
814 2463 876 2516 est:
897 2458 938 2516 ila
951 2456 1038 2530 istos,

66 2544 119 2620 qui
135 2543 228 2604 verba
249 2550 465 2615 exercuerunt,
488 2541 611 2603 abunde
624 2547 672 2603 est
686 2543 782 2602 semel
796 2540 931 2601 audisse.
964 2539 1039 2614 quid

66 2628 148 2688 enim
174 2627 247 2703 quis
270 2625 405 2701 discere,
433 2627 509 2702 quid
528 2624 636 2685 imitari
660 2626 755 2686 velitt
788 2625 864 2700 auid
879 2623 917 2683 de
932 2639 1038 2685 eorum

66 2711 172 2773 animo
190 2710 317 2784 iudicet,
341 2727 470 2786 quorum
492 2710 589 2771 oratio
609 2710 785 2784 perturbata
800 2715 829 2768 et
850 2708 978 2770 inmissa
992 2714 1040 2768 est

66 2809 127 2855 nec
140 2801 241 2870 potest
253 2793 399 2869 reprimit
423 2793 686 2869 Quemadmodum
699 2810 755 2869 per
768 2793 906 2868 proclive
918 2800 1066 2854 curren-t

65 2879 141 2939 tium
153 2893 213 2938 non
229 2879 279 2938 ubi
295 2879 392 2939 visum
407 2884 471 2951 est,
488 2877 602 2952 gradus
617 2877 742 2951 sistitur,
767 2877 822 2938 sed
836 2875 957 2937 inci-tato
973 2892 1041 2936 cor-

65 2962 157 3038 poris
176 2962 313 3037 pondere
336 2978 371 3023 se
390 2960 470 3036 rapit
490 2977 526 3020 ec
547 2961 667 3036 landas
683 2977 774 3035 quam
790 2960 887 3021 uoluit
900 2959 1039 3020 effertur:

67 3047 113 3106 sio
127 3046 187 3106 ista
201 3045 322 3105 dicendi
338 3045 477 3105 celeritas
491 3059 552 3104 nec·
563 3044 595 3102 in
607 3061 666 3104 saa
676 3051 827 3120 potestate
839 3050 886 3104 est
896 3059 952 3102 nec
964 3043 1039 3102 satis

67 3130 181 3190 decora
194 3128 423 3206 philosophiae,
439 3143 518 3204 quae
529 3143 646 3203 ponere
657 3129 749 3189 debet
758 3128 872 3202 verba,
885 3143 946 3187 non
959 3125 1039 3200 proi-

67 3229 153 3289 cere,
180 3220 211 3274 et
230 3213 415 3288 pedetentim
441 3212 621 3287 procedere.
656 3211 754 3286 „Quid
774 3216 871 3285 ergot
899 3225 961 3269 non
986 3209 1069 3270 ali-8

68 3296 192 3373 quando
203 3302 234 3356 et
244 3295 424 3371 insurgeret
443 3294 573 3370 Quidni?
593 3295 748 3359 sedsalva
759 3294 905 3368 dignitate
913 3308 1039 3368 monam,

69 3397 158 3454 quam
179 3380 314 3441 violenta
333 3378 392 3440 ista
412 3386 442 3440 et
457 3377 549 3440 nimia
565 3378 610 3439 vis
625 3379 717 3439 cauit.
753 3377 865 3438 habeat
879 3376 960 3436 uires
977 3393 1040 3437 ma-

68 3480 160 3540 guae,
181 3464 486 3526 moderatastamea=
509 3462 651 3539 perennis
666 3461 815 3534 silenda,
835 3476 898 3522 nou
911 3466 1040 3523 torrens.

847 3545 887 3605 6*
