2468 3930
232 226 294 290 228
528 225 562 285 L.
584 225 731 287 ANNAEI
754 225 930 288 SENECAE

231 379 283 440 ille
299 392 390 454 quam
403 373 531 436 rexeris.
558 376 711 452 Numquid
729 376 855 437 dubium
869 384 931 452 est,
953 377 1025 453 quin
1040 378 1114 441 vitia
1128 396 1212 441 men-

231 463 270 523 tis
290 462 442 522 humanae
462 461 631 539 inveterato
652 468 684 521 et
698 460 791 533 dura,
815 476 894 534 quae
908 461 1035 523 morbos
1054 479 1213 540 vocamus,

231 545 422 606 inmoderata
437 544 512 618 sint,
532 543 721 619 ntavaritia,
743 550 777 604 nt
794 543 972 618 crudelitas,
988 554 1023 607 nt
1036 547 1215 624 inpotentia,

231 629 383 705 inpietasr
417 643 491 702 ergo
506 627 688 688 inmoderati
704 633 820 688 suntet
835 629 984 690 adiectus.
1014 630 1053 690 ab
1070 630 1119 692 his
1135 633 1215 694 enim

191 728 204 782 1
209 713 271 781 rad
287 713 339 774 illa
351 713 504 774 transitur.
533 711 651 773 Deinde
666 711 693 771 si
707 712 765 772 das
780 710 897 787 aliquid
911 713 986 774 iuris
1003 713 1158 790 tristitiae,
1180 717 1215 776 ti-

232 797 323 871 mori,
345 796 503 871 cupiditati
524 795 698 870 ceterisque
718 796 851 857 motibus
866 796 985 872 pravis,
1006 813 1067 859 non
1083 806 1172 859 erunt
1184 799 1215 860 in

231 889 337 942 nostra
363 886 524 956 potestate.
554 885 671 954 quareo
704 878 775 954 quio
796 887 884 941 extra
905 890 1070 960 nos-sunt,
1103 884 1214 957 quibus

231 965 398 1026 innitantur.
427 964 531 1039 itaque
552 970 705 1035 crescent,
726 970 819 1038 prout
837 979 966 1039 magnas
986 964 1148 1026 habuerint
1161 967 1215 1026 mi·

231 1063 366 1109 noresve
384 1063 511 1120 causas,
539 1046 651 1122 quibus
667 1047 875 1109 concitentur.
915 1046 1015 1111 Maior
1039 1049 1096 1109 erit
1110 1051 1212 1121 timor,

232 1132 260 1192 si
274 1134 359 1207 plus,
385 1147 446 1208 quo
461 1138 664 1204 exterreatur,
684 1137 738 1191 ant
753 1131 883 1206 propius
897 1132 1090 1206 adspexerit,
1115 1134 1215 1194 acrior

189 1229 224 1287 ια
233 1214 402 1292 cupiditas,
424 1232 485 1292 quo
499 1212 581 1275 illam
595 1211 752 1288 amplioris
766 1214 812 1275 rei
827 1226 901 1290 spes
914 1217 1099 1277 evocaverit.
1129 1215 1163 1277 Si
1184 1219 1214 1277 in

231 1306 339 1362 nostra
358 1305 510 1375 potestate
532 1305 672 1372 nonest,
697 1314 736 1358 an
752 1297 982 1372 sint-adtectus,
1003 1314 1043 1359 no
1056 1300 1132 1359 iilud
1148 1302 1213 1375 qui·

231 1384 300 1443 dem
312 1390 381 1462 est,
410 1382 514 1458 quanti
527 1382 601 1441 sint:
635 1381 662 1441 si
683 1381 761 1457 ipsis
780 1381 947 1458 permisisti
966 1382 1127 1457 incipere,
1143 1397 1213 1442 cum

231 1467 334 1527 causis
356 1466 421 1526 suis
443 1472 582 1526 crescent
596 1466 848 1539 tantiqueerunt,
871 1471 984 1540 quanto
998 1465 1081 1526 fient.
1112 1466 1213 1527 Adice

230 1565 326 1624 nnnc,
354 1549 439 1623 quod
458 1549 532 1621 ista,
560 1547 702 1625 quamvis
726 1549 838 1624 exigna
857 1548 934 1623 sint,
960 1549 991 1609 in
1008 1549 1106 1610 maius
1121 1564 1212 1610 exce-

231 1633 316 1693 dunt.
350 1649 516 1708 numquam
542 1632 720 1708 perniciosa
747 1639 872 1694 servant
895 1632 1039 1696 modum..
1071 1634 1213 1708 quamvis

230 1716 312 1777 lenia
330 1714 414 1777 initia
436 1716 612 1777 morborum
632 1724 761 1793 serpunt
783 1725 814 1779 et
833 1731 925 1791 aegra
944 1731 1077 1791 corpora
1090 1717 1215 1777 minime

190 1801 381 1865 ldinterdum
396 1800 505 1875 mergit
518 1802 669 1861 accessio.
696 1800 775 1862 Illud
789 1815 862 1860 vero
876 1801 963 1861 euius
976 1801 1145 1861 dementiae
1158 1808 1214 1875 est,

231 1884 373 1958 credere,
398 1900 526 1960 quarum
547 1900 648 1945 rarum
670 1891 755 1946 extra
776 1891 915 1945 nostrum
936 1884 1091 1950 arbitrium
1113 1886 1214 1961 posita

231 1967 382 2044 principia
398 1975 485 2043 sunt,
500 1984 605 2029 earum
620 1967 717 2029 nostri
732 1983 804 2029 esse
821 1967 936 2028 arbitrii
950 1967 1118 2030 terminos?
1139 1986 1213 2044 quo-

230 2053 323 2114 modo
341 2053 380 2112 ad
393 2051 426 2112 id
439 2051 606 2113 finiendum
623 2053 698 2113 satis
713 2053 818 2125 valeo,
834 2051 875 2111 ad
890 2052 974 2126 qnod
989 2051 1213 2128 prohibendum

231 2152 339 2210 parum
359 2137 456 2210 valui,
483 2152 552 2197 enm
578 2134 699 2197 facilius
720 2136 760 2196 sit
779 2135 944 2197 excludere
966 2152 1057 2211 quam
1077 2135 1213 2197 admissa

190 2221 442 2296 ltconprimeret
470 2219 597 2295 Quidam
612 2220 654 2279 ita
669 2219 887 2294 distinxerunt,
902 2226 936 2281 nt
950 2221 1102 2280 dicerent:
1120 2228 1213 2296 „tem-

208 2320 344 2379 perans
369 2320 406 2364 ac
432 2304 568 2380 prudens
592 2304 747 2379 positione
771 2303 895 2378 quidem
919 2305 1029 2364 mentis
1054 2304 1085 2364 et
1108 2303 1214 2365 habitu

229 2388 412 2464 tranquillus
428 2396 490 2465 est,
515 2396 627 2449 eventu
641 2403 703 2448 uon
719 2394 775 2448 est.
804 2402 889 2462 nam,
913 2393 1059 2462 quantum
1073 2387 1114 2447 ad
1128 2386 1213 2447 habi-

229 2481 293 2533 tum
315 2472 424 2533 mentis
446 2487 537 2545 suae,
563 2488 625 2533 nou
641 2472 850 2546 perturbatur,
871 2485 929 2531 nee
945 2469 1141 2533 contristatur
1156 2487 1214 2531 nec

232 2557 328 2630 timet,
354 2556 410 2616 sed
431 2558 543 2617 multae
558 2556 750 2617 extrinsecus
766 2570 880 2616 causae
899 2553 1050 2628 incidunt,
1078 2571 1160 2629 quae
1173 2553 1215 2615 ilii

188 2645 222 2698 15
230 2639 491 2716 perturbationem
508 2638 677 2699 adferant.“
707 2639 779 2699 Tale
793 2643 858 2713 est,
874 2636 960 2712 quod
973 2638 1081 2700 volunt
1096 2639 1212 2699 dicere¹

230 2723 410 2782 iracundum
423 2723 546 2798 quidem
556 2723 640 2783 iilum
651 2739 713 2784 non
725 2736 805 2796 esse,
820 2721 913 2782 irasci
924 2728 1024 2781 tamen
1036 2722 1212 2798 aliquando.

230 2812 260 2865 et
272 2804 408 2867 timidum
425 2806 547 2882 quidem
562 2823 624 2867 non
639 2820 725 2880 esse,
746 2806 851 2868 timere
865 2812 966 2867 tamen
979 2806 1162 2882 aliquando,
1182 2805 1213 2866 id

231 2896 294 2962 est,
320 2888 394 2950 vitio
416 2889 534 2950 timoris
554 2904 675 2965 carere,
702 2889 826 2953 adiectu
845 2906 908 2951 non
929 2905 1045 2951 carere.
1077 2889 1166 2964 Quod
1186 2889 1213 2947 si

230 2972 353 3049 recipit,
375 2988 435 3035 usu
455 2975 607 3049 frequenti
628 2974 718 3035 timor
738 2973 877 3034 transibit
896 2974 927 3034 in
947 2974 1051 3035 vitium
1071 2981 1102 3035 et
1121 2973 1210 3033 irato

230 3058 363 3118 animum
378 3058 515 3119 admisse
527 3058 664 3119 hobitum
678 3059 761 3119 illum
776 3058 822 3118 ira
835 3058 968 3120 carentis
982 3055 1074 3118 animi
1085 3062 1211 3117 retexet.

189 3141 391 3204 16Praeterea
411 3143 438 3204 si
457 3159 519 3203 non
536 3143 700 3203 contemnit
719 3142 877 3204 venientes
893 3143 1083 3204 extrinsecus
1098 3156 1211 3201 causas

231 3235 262 3286 et
275 3225 392 3301 aliquid
407 3227 503 3301 timet,
528 3241 597 3286 cnm
617 3227 734 3288 fortiter
754 3228 887 3288 eundum
905 3227 961 3288 erit
974 3225 1126 3287 adversus
1142 3226 1211 3300 teia,

231 3309 334 3386 ignes,
349 3327 405 3386 pro
422 3310 534 3386 patria,
555 3310 690 3386 legibus,
710 3310 864 3385 libertate,
886 3316 1062 3372 cunctanter
1076 3309 1170 3370 exibit
1184 3315 1214 3368 et

232 3393 333 3454 animo
348 3395 522 3456 recedente.
552 3410 614 3455 non
630 3394 712 3455 cadit
726 3404 826 3457 autem
847 3396 878 3455 in
893 3394 1063 3470 sapientem
1077 3394 1154 3455 haec
1168 3393 1212 3452 di·

189 3475 360 3537 'iversitas
375 3480 494 3542 mentis.
522 3477 601 3539 Illud
615 3487 776 3554 praeterea
795 3479 898 3539 iudico
914 3478 1156 3551 observandum,
1173 3493 1212 3537 ne
