2460 3916
194 209 365 270 EPISTUL.
381 206 474 269 MOR.
497 209 569 268 LlB.
583 208 691 270 XVIll.
712 210 769 270 ΕΡ.
781 220 807 272 5.
830 215 916 286 (108.)
985 210 1047 276 355

60 365 177 445 possit.
222 363 308 422 Haec
322 362 410 422 retuli
424 370 456 422 ut
472 363 634 437 probarem
655 361 723 437 tibi,
747 381 837 440 qnam
852 366 1048 430 vehementes

59 450 216 512 haberent
230 445 373 505 tirunculi
387 443 507 520 inpetus
529 446 643 521 primos
660 448 699 507 ad
716 449 829 523 optima
843 467 1000 526 quaeque,
1021 453 1049 513 si

62 534 136 611 quis
157 531 374 591 exhortaretur
397 530 482 602 illos,
509 528 537 589 si
562 530 631 606 quis
655 530 822 606 inpelleret.
855 535 911 594 scd
932 536 1047 610 aliquid

60 614 320 695 praecipientium
334 611 406 673 vitio
423 620 581 688 peccatur,
604 614 655 688 qui
675 632 733 676 nos
755 616 866 676 docent
881 618 1046 693 disputare,

61 718 127 763 non
146 698 264 772 vivere,
283 695 398 772 aliquid
415 697 611 770 discentium,
635 699 685 773 qui
700 701 890 774 proposibrm
905 704 1049 764 adierunt

61 786 104 846 ad
118 789 343 860 praeceptores
363 797 438 841 suos
455 797 518 841 non
533 782 664 842 animum
687 783 862 857 excolendi,
884 786 941 846 sed
964 787 1048 861 inge·

61 871 159 932 nium.
189 865 295 941 itaque
316 881 396 939 quac
411 865 608 940 philosophia
622 867 691 940 luit,
714 868 794 926 lacta
807 867 975 944 philologia
989 876 1047 930 est.

61 954 226 1015 Multum
248 955 350 1009 autem
371 949 416 1008 ad
434 965 512 1009 rem
533 949 719 1025 pertinet,
743 966 815 1024 quo
838 954 1090 1028 propositum

63 1037 112 1100 ad
127 1047 322 1113 quamque
335 1049 411 1092 rem
427 1033 605 1093 accedas.
632 1033 688 1107 Qui
700 1036 915 1108 grammaticus
928 1038 1047 1097 lulurus

61 1119 235 1196 Vergilium
250 1123 415 1189 scrutatur,
438 1133 500 1177 non
521 1117 580 1177 hoc
601 1120 701 1178 animo
716 1117 789 1193 legit
803 1117 874 1178 illud
891 1120 1047 1196 egregium

312 1201 396 1276 sapit
408 1202 611 1277 inreparabile
627 1211 756 1279 tempas:

62 1287 255 1365 vigilandum
270 1292 332 1346 est:
355 1283 414 1344 nisi
429 1300 647 1360 properamus,
667 1286 884 1361 relinquemur.
909 1289 972 1363 agit
989 1305 1047 1348 nos

62 1373 229 1450 agiturque
250 1371 343 1430 velox
363 1368 439 1429 dies.
469 1367 558 1428 inscii
577 1370 723 1445 rapimur.
753 1371 854 1430 omnia
868 1371 897 1431 in
914 1372 1046 1432 futurum

63 1456 261 1532 disponimus
283 1462 313 1515 et
333 1454 411 1513 inter
430 1453 608 1529 praecipitia
628 1453 700 1514 lenti
720 1471 842 1516 sumus:
869 1455 926 1515 sed
946 1464 979 1517 nt
993 1457 1047 1517 ob-

63 1546 184 1613 servet,
207 1535 349 1613 quotiens
363 1537 516 1612 Vergilius
541 1538 580 1596 de
601 1538 753 1598 celeritate
772 1546 943 1614 temporum
965 1539 1046 1614 dicit,

62 1626 125 1686 hoc
140 1624 184 1684 uti
198 1620 292 1682 verbo
308 1621 391 1680 illum
410 1621 517 1696 fugit.

152 1706 269 1784 Optima
282 1721 417 1781 quaeqae
431 1706 494 1766 dics
506 1708 621 1766 misera
633 1708 805 1768 mortalibus
817 1710 885 1768 acal

146 1793 249 1869 prima
259 1790 381 1864 sapit:
400 1790 526 1851 subeant
537 1791 632 1851 morbi
644 1793 792 1867 matham
804 1797 937 1853 amacius

149 1885 179 1936 ct
193 1875 279 1936 labor
291 1879 321 1935 ct
333 1874 430 1935 darae
443 1877 526 1949 rapa
538 1877 725 1935 inclementia
739 1877 849 1936 moras.

62 1962 129 2034 Ille,
145 1956 199 2034 qui
213 1959 252 2018 ad
268 1957 494 2033 philosophiam
510 1964 636 2033 spectat,
651 1957 728 2018 haec
741 1960 858 2032 eadem,
873 1977 934 2033 quo
946 1960 1087 2034 debet,25

63 2043 206 2105 adducit:
223 2041 413 2117 „numquam
424 2041 587 2116 Vergilius,
601 2042 708 2116 inquit,
724 2041 807 2102 dies
822 2043 895 2103 dicit
909 2042 974 2119 ire,
989 2045 1045 2104 sed

64 2129 218 2202 lugere,
242 2125 326 2202 quod
352 2126 492 2186 currendi
513 2141 611 2200 genus
633 2126 904 2186 concitatissimum
925 2135 984 2201 est,
1011 2137 1046 2190 et

65 2210 236 2287 optimos
259 2225 438 2285 quosque
461 2208 724 2284 primosrapi=
751 2209 825 2283 qnid
846 2225 919 2284 ergo
942 2227 1044 2271 cessa—

64 2311 135 2356 mus
155 2310 213 2355 nos
233 2293 294 2369 ipsi
315 2293 481 2364 concitare,
508 2301 541 2353 nt
560 2292 751 2354 velocitatem
772 2292 986 2367 rapidissimae
1000 2293 1046 2354 rei

64 2378 225 2456 possimus
239 2383 395 2453 aequarat
416 2377 541 2437 meliora
555 2377 789 2453 praetervolant
809 2376 961 2437 deteriora
976 2393 1044 2438 suc-

66 2464 190 2525 cedunt
213 2461 495 2536 -Quemadmodum
515 2475 554 2520 ex
575 2460 723 2536 amphora
744 2460 873 2535 primum
889 2461 974 2535 quod
989 2467 1088 2535 estat

65 2547 306 2609 sincerissimum
321 2544 426 2619 eiliuit,
443 2546 657 2620 gravissimum
673 2546 819 2621 quodque
830 2545 1045 2620 turbidumque

65 2630 208 2705 subsidit,
222 2630 268 2690 sic
283 2628 314 2690 in
329 2636 429 2689 aetate
444 2636 549 2689 nostra
566 2630 650 2705 quod
665 2638 713 2690 est
728 2630 883 2704 optimum,
901 2629 930 2688 in
947 2628 1044 2705 primo

65 2721 124 2775 est
144 2713 175 2772 id
190 2713 345 2774 exhauriri
360 2714 414 2787 [in]
430 2712 497 2773 aliis
513 2713 615 2789 potins
631 2715 769 2789 patimur,
784 2720 817 2774 ul
827 2713 916 2774 nobis
929 2716 1045 2775 laecem

63 2804 282 2859 reservamus?
317 2797 475 2858 inhaereat
490 2797 573 2858 istud
587 2798 686 2858 animo
704 2805 735 2858 el
747 2806 901 2873 tamquam
916 2797 1045 2860 missurn

64 2881 192 2946 oraculo
208 2882 340 2957 placeat:

170 2969 455 3043 optimorumque
470 2965 533 3026 aas
546 2968 662 3028 miseris
675 2967 846 3028 mortalias
859 2970 926 3027 acui

166 3053 293 3126 prima
303 3049 393 3124 sapit.

66 3148 165 3210 quare
185 3131 349 3209 optimas
379 3133 453 3208 quia
474 3133 559 3207 quod
581 3139 676 3193 restat
697 3133 845 3193 incertum
863 3140 920 3193 est.
950 3145 1085 3207 quarent

65 3216 233 3294 optima?
255 3217 326 3292 qula
340 3216 468 3277 iuvenes
480 3232 647 3292 possumus
663 3217 796 3289 discere,
814 3231 981 3290 possumus
1001 3216 1043 3275 ia-

64 3303 155 3364 cilam
167 3300 300 3362 animum
310 3308 341 3361 el
355 3300 453 3362 adhuc
467 3301 655 3361 tractabilem
667 3300 706 3359 ad
718 3299 844 3358 meliora
856 3305 1043 3360 convertere.

65 3385 214 3464 quiahoc
227 3391 349 3460 tompus
367 3384 510 3444 idoneum
525 3390 574 3445 est
589 3383 753 3456 laboribus,
769 3382 911 3443 idoneum
929 3380 1043 3458 agitan-

65 3471 188 3546 disper
208 3469 310 3531 studia
329 3468 459 3544 ingeniis
481 3475 512 3528 et
528 3468 710 3530 exercendis
726 3483 782 3542 per
797 3482 892 3541 opera
907 3467 1029 3542 corpori

826 3549 883 3612 23*
