2468 3930
212 231 383 294 EPISTUL.
398 231 492 294 MOR.
520 232 592 293 LIB.
607 232 658 292 111.
679 231 737 292 ΕΡ.
758 241 786 295 5.
800 241 827 297 6.
848 239 906 310 (26.
921 233 980 312 27.)
1043 235 1083 299 61

106 388 182 447 lanu
206 385 264 445 sed
285 380 478 446 conficienda
496 392 568 445 sunt
589 388 678 445 sacra
698 393 728 446 et
745 385 818 447 huic
832 386 983 462 epistulae
997 387 1084 450 viati-

106 486 176 532 cum
191 468 327 530 dandum
342 476 399 529 est.
421 476 495 544 puta
509 484 635 530 menon
651 469 769 530 dicerer
790 470 893 544 „unde
908 479 1084 547 sumpturus

104 571 173 615 surn
189 557 370 613 mutnnmt“
400 553 462 613 scis
485 554 572 614 cuius
594 569 665 613 arca
687 561 764 614 uter.
795 560 944 629 exspecta
963 570 1012 615 me
1029 572 1083 630 pu·

107 637 224 712 sitium,
251 637 340 697 etde
360 636 452 697 domo
468 637 721 698 denumeratio:
746 636 864 699 interim
879 639 1085 701 commodabit

104 721 266 796 Epicurus
291 720 414 796 qnioit=
436 720 826 796 ‚,Meditaremortem,
848 723 919 797 vel,
942 721 1081 783 sicom-

105 805 259 866 modius
278 804 344 877 sit,
366 805 538 864 transire
557 804 604 864 ad
618 805 749 866 dincs.“
785 806 841 865 Hic
857 813 940 881 patet
954 811 1111 868 sensus=9

106 890 231 965 egregia
253 903 304 948 res
326 896 374 948 est
394 895 522 949 moriem
542 887 733 949 condiscere.
774 887 1007 964 Supervacuum
1022 893 1083 952 ior-

106 973 186 1033 sitan
207 979 298 1048 putas
320 972 351 1032 id
366 971 503 1047 discere,
526 989 588 1047 quo
605 975 701 1032 semel
714 972 862 1033 utendum
877 981 937 1035 este
959 976 1019 1035 hoc
1035 984 1083 1037 est

106 1057 217 1133 ipsum,
236 1071 331 1132 qnare
346 1056 483 1117 meditari
500 1057 682 1117 debeamus:
698 1071 821 1131 semper
834 1056 1014 1118 discendum
1025 1065 1081 1134 est,

106 1141 192 1216 quod
220 1157 259 1200 an
281 1140 431 1215 sciamus,
460 1141 593 1215 experiri
615 1156 677 1200 non
701 1155 879 1215 possumus.
915 1140 1083 1214 „Meditare
1092 1147 1125 1199 10

105 1229 266 1285 mortem.“
288 1224 340 1300 qui
360 1224 420 1286 hcc
443 1223 530 1296 dicit,
553 1222 692 1284 meditari
710 1223 885 1283 ¹libertatem
905 1224 997 1286 iubet.
1031 1226 1084 1298 qui

104 1305 184 1369 mori
206 1308 335 1381 didicit,.
352 1309 469 1369 servire
490 1307 644 1368 dedidicit.
673 1322 768 1381 snpra
783 1312 903 1368 omnem
918 1308 1084 1382 potentiam

106 1399 163 1471 est,
186 1398 268 1452 certe
283 1399 370 1452 extra
385 1409 515 1453 ornnem.
538 1391 612 1467 quid
627 1391 668 1451 ad
682 1392 765 1451 illum
780 1406 885 1451 carcer
899 1400 929 1452 et
944 1392 1084 1454 custodia

106 1481 137 1535 ct
150 1477 305 1536 claustra?
325 1476 453 1537 liberum
469 1476 580 1536 ostium
594 1475 694 1535 habet.
717 1476 786 1537 Una
799 1483 847 1537 est
861 1483 983 1550 catena,
1003 1492 1083 1553 quae

106 1574 165 1619 nos
187 1558 338 1634 adligatos
359 1567 455 1626 tenet.
476 1575 562 1620 arnor
580 1559 676 1635 vitae,
699 1559 751 1636 qui
766 1566 874 1621 utnon
889 1560 1082 1622 estabicien·

106 1642 176 1715 dus,
192 1643 234 1704 itc
243 1642 426 1705 minuendus
439 1649 494 1718 est,
506 1649 547 1716 ut,
564 1642 591 1703 si
606 1643 731 1718 quando
743 1660 793 1703 res
808 1643 918 1720 exiget,
936 1646 1009 1706 nihii
1024 1661 1082 1706 nos

106 1725 240 1788 detineat
266 1742 324 1788 nec
348 1727 497 1804 inpediat,
528 1744 589 1802 quc
611 1727 711 1789 minus
738 1727 835 1803 parati
855 1728 967 1805 simus,
999 1729 1082 1806 quod

107 1810 294 1886 quandoque
308 1812 481 1873 iaciendum
496 1818 558 1887 est,
581 1812 681 1873 statim
696 1814 807 1872 iacere.
841 1814 929 1874 Vale.

406 1948 623 2007 EPISTULA
642 1950 690 2007 VI.
713 1951 784 2022 (27.)

363 2043 474 2095 Seneca
489 2046 600 2097 anuro
618 2057 670 2097 sno
690 2058 830 2101 senonen.
906 2107 913 2122 ο

170 2140 234 2214 ,,Τιι
247 2156 311 2214 me,
337 2139 456 2217 inquis,
477 2155 607 2207 monost
634 2148 694 2208 iam
708 2149 788 2208 enim
802 2156 833 2209 te
846 2150 916 2223 ipse
930 2146 1082 2223 monuisti,
1095 2163 1106 2216 1

105 2223 167 2285 iam
182 2225 364 2285 correxisti?
385 2226 456 2288 ideo
477 2229 604 2291 aliorum
619 2230 824 2293 emendationi
843 2236 986 2293 vacast“
1015 2232 1083 2292 Non

105 2324 176 2368 surn
187 2315 248 2376 tam
262 2308 426 2385 inprobus,
454 2320 486 2373 ut
500 2316 675 2377 curationes
686 2330 783 2390 aeger
797 2315 921 2387 obeam,
941 2317 997 2377 sed
1008 2323 1083 2375 tam-

106 2408 199 2468 quam
214 2394 244 2452 in
259 2394 368 2454 eodem
381 2395 593 2460 valitudinario
609 2399 740 2473 iaceam,
761 2398 801 2458 de
817 2399 969 2459 communi
982 2407 1083 2459 tecum

105 2477 185 2537 rnolc
202 2478 386 2554 conloquor,
415 2480 466 2557 [et]
481 2484 616 2543 remedia
631 2482 833 2544 communico.
857 2483 903 2542 sie
917 2481 1020 2557 itaque
1035 2497 1084 2542 rne

104 2560 186 2632 audi,
209 2567 365 2637 tamquam
378 2578 496 2626 mecum
513 2567 631 2643 loquar.
654 2568 686 2627 in
700 2573 851 2627 secretum
868 2573 898 2627 te
912 2581 1013 2626 meum
1029 2566 1083 2626 ad·
1184 2608 1187 2612 ‚

104 2644 189 2704 mitto
217 2652 248 2705 et
273 2652 304 2706 te
331 2645 466 2708 adhibito
495 2666 613 2712 mecum
638 2652 738 2726 exigo.
774 2652 876 2714 Clamo
901 2650 973 2710 mihi
1000 2652 1111 2726 ip8822

105 2727 550 2807 ‚,Nu1neraannostuos,
577 2744 612 2797 et
635 2733 797 2812 pudebit
817 2737 951 2798 eadem
971 2737 1081 2810 velle,

106 2814 531 2891 quaevclueraspuer,
555 2820 847 2896 eademparare.
874 2821 1083 2896 hccdeniqne

104 2893 159 2954 tibi
173 2893 255 2957 circa
274 2899 380 2960 mortis
402 2898 483 2960 diem
503 2912 640 2977 praesta:
671 2905 837 2964 moriantur
858 2911 928 2966 ante
949 2911 979 2964 te
999 2904 1082 2966 vitia.

105 2978 222 3040 dimitte
242 2981 318 3042 istas
340 2983 513 3058 voluptates
534 2988 687 3061 turbidas,
714 3004 825 3064 magno
846 2989 991 3049 luendas:
1022 3006 1082 3050 non

104 3070 251 3126 venturae
266 3073 391 3141 tantum,
410 3069 466 3128 scd
480 3073 662 3146 praeteritae
675 3080 796 3133 nocent.
826 3072 1083 3148 quemadmodum

97 3147 224 3208 ‘scelera
241 3150 361 3211 etiamsi
381 3167 442 3212 non
457 3152 517 3214 sint
531 3155 727 3231 deprehensa
742 3172 812 3216 curn
827 3156 950 3227 flerent,
970 3154 1083 3215 soltici-

99 3231 179 3292 tudo
201 3249 263 3294 non
287 3251 357 3294 cum
383 3235 459 3311 ipsis
485 3238 573 3300 abtin
605 3239 646 3300 ita
669 3240 867 3314 inprobarum
892 3239 1083 3314 voluptatum
1172 3234 1175 3240 ’

100 3315 196 3376 εῑιειιι
210 3325 283 3392 post
303 3317 390 3394 ipsas
412 3322 597 3395 poenitentia
618 3330 674 3383 est.
698 3339 760 3384 non
776 3330 848 3382 sunt
862 3321 996 3395 solidae,
1021 3336 1083 3382 non

105 3407 178 3460 sunt
192 3399 317 3463 fidelesz
349 3403 542 3467 etiamsinon
562 3404 837 3480 nocentfingiunt.
874 3402 1011 3481 Aliquod
1027 3413 1110 3482 [ιο-3

105 3482 166 3546 tius
186 3485 304 3546 bonum
323 3502 500 3550 mansurum
521 3489 730 3567 circumspice.
763 3488 879 3550 nullum
903 3497 1002 3551 autem
1026 3497 1083 3566 est,
