2468 3930
184 231 463 295 consummor.
485 235 973 314 orn.xx.ur.s.r.<m.1aa.)
1016 235 1080 304 toa
1181 302 1186 311 ,

102 386 159 445 sed
183 383 345 445 notabilem
367 385 481 444 lacerer
509 385 539 444 in
562 394 622 446 tam
648 389 806 462 occupata
819 387 939 447 civitate
960 389 1079 450 fabulas

101 469 235 543 volgaris
260 468 395 542 nequitia
420 485 482 528 non
508 468 631 528 invenit.
674 468 828 530 Pedonem
853 470 1120 538 Albinovanumltt

101 558 272 612 narrantem
293 552 501 626 audieramuS,
525 559 589 613 erat
609 561 708 613 autem
723 554 874 615 fabulator
889 556 1078 630 elegantissi-

100 652 185 708 mus,
206 635 363 696 habitasse
385 651 419 696 se
441 653 536 711 supra
556 637 680 698 domum
695 636 748 711 Sp.
763 638 891 713 Papinii.
918 639 945 698 is
961 646 1026 701 erat
1041 656 1081 700 ex

100 721 158 780 hac
185 719 272 780 turba
297 720 507 794 lucilugarum.
555 720 692 794 „Audio,
718 720 831 796 inquit,
857 721 1080 802 [circuchirca

102 804 208 864 horam
228 804 345 864 tertiam
362 803 462 863 noctis
483 803 674 879 flagellorum
695 819 815 864 sonum.
848 822 979 881 quaero,
1006 806 1078 882 quid

101 888 205 948 iaciat:
218 886 328 947 dicitur
337 888 471 947 rationes
482 889 632 962 accipere.
647 886 739 948 audio
752 888 833 947 circa
843 888 950 952 horam
962 898 1081 951 sextam

101 971 199 1032 noctis
221 973 384 1030 clamorem
405 972 602 1032 concitatum=
633 987 764 1046 quaero,
790 971 865 1045 quid
885 973 938 1032 sit:
972 973 1073 1034 dicitur

101 1071 209 1115 vocem
222 1069 376 1114 exercere.
393 1070 508 1129 quaero
522 1055 603 1115 circa
614 1054 720 1115 horam
732 1063 872 1117 octavam
884 1055 993 1129 noctis,
1006 1055 1081 1131 quid

102 1141 160 1199 sibi
178 1139 231 1199 ille
248 1151 345 1198 sonus
365 1145 499 1199 rotarum
515 1139 618 1197 vellet:
639 1139 752 1212 gestari
770 1138 888 1199 dicitur.
934 1140 1020 1200 Circa
1036 1137 1123 1199 iti-16

102 1239 168 1283 cenr
183 1222 369 1294 discurritur,
387 1223 472 1297 pueri
487 1229 643 1295 vocantur,
660 1222 781 1296 cellarii,
795 1223 886 1298 coqui
898 1224 1080 1284 tumultuan-

101 1314 159 1367 tur.
176 1322 300 1381 quaero,
311 1306 384 1380 quid
397 1307 454 1367 sita.
462 1306 570 1366 dicitur
582 1308 712 1365 mulsum
723 1314 754 1367 et
765 1305 872 1366 alicam
886 1308 1080 1382 poposcisse,

101 1392 249 1451 abalneo
269 1388 382 1450 exisse.
425 1390 629 1463 Extendebat,
654 1389 768 1466 inquit,
795 1406 892 1451 coena
915 1391 980 1451 eius
1002 1392 1082 1451 diem

101 1475 231 1534 minime.
262 1474 351 1534 valde
367 1473 447 1533 enim
461 1474 617 1548 frugaliter
630 1474 765 1534 vivebat:
788 1474 861 1534 nihil
883 1475 1083 1536 consumebat

102 1559 160 1618 nisi
184 1566 314 1619 noctem.
346 1559 449 1633 itaque
476 1557 570 1618 credo
597 1558 768 1619 dicentibus
792 1559 876 1618 illum
898 1557 1083 1634 quibusdam

102 1659 227 1703 avarum
241 1650 272 1702 et
285 1643 460 1702 sordidum:
483 1658 550 1714 vos,
563 1641 671 1717 inquit,
685 1643 768 1702 illum
784 1651 814 1703 et
827 1641 1082 1720 lychnobium

102 1726 219 1786 dicetis.
261 1726 329 1787 Non
351 1726 447 1786 debes
470 1724 628 1801 admirari,
651 1728 676 1786 si
692 1734 790 1787 tantas
806 1727 925 1786 invenis
940 1727 1083 1789 vitiorum
1092 1728 1123 1783 17

101 1809 321 1886 proprietates:
351 1810 435 1870 varia
460 1817 545 1884 sunt,
576 1808 812 1872 innumerabiles
840 1811 953 1872 habent
977 1812 1081 1882 iacies,

102 1895 272 1969 conprendi
287 1910 393 1955 corum
409 1911 522 1970 genera
535 1911 596 1954 non
609 1903 755 1970 possunt:
774 1896 905 1971 simplex
919 1895 994 1955 recti
1010 1910 1084 1954 cura

102 1986 161 2052 est,
187 1978 344 2053 multiplex
366 1979 453 2054 pravi
474 1986 503 2038 et
525 1979 719 2054 quantumvis
740 1995 838 2039 novas
861 1977 1082 2039 declinationes

103 2063 192 2136 capit.
226 2063 310 2122 Idem
326 2063 462 2124 moribus
478 2062 592 2123 evenit=
615 2071 751 2123 naturam
767 2062 960 2138 sequentium
977 2063 1082 2122 faciles

103 2153 181 2221 sunt,
197 2146 288 2206 soluti
303 2153 381 2220 sunt,
395 2146 522 2219 exiguas
535 2145 723 2205 differentias
735 2146 862 2206 habent:
879 2145 950 2218 [his]
964 2145 1083 2206 distorti

102 2230 263 2305 plurimum
278 2237 308 2289 et
323 2230 463 2289 omnibus
476 2236 505 2289 et
519 2230 596 2288 inter
607 2244 642 2289 se
654 2229 813 2288 dissident.
844 2228 968 2294 causa
981 2235 1081 2289 tamen
1091 2234 1124 2288 18

103 2311 1082 2389 praeeipuamihivideturhu'iusmorbivitaecom-

103 2399 227 2458 niunis
249 2397 460 2458 fastidium.
475 2396 646 2471 'quomodo
668 2398 748 2456 cultu
770 2411 803 2456 se
819 2411 838 2455 a
852 2395 961 2456 ceteris
977 2395 1082 2455 distin-

102 2490 211 2556 guunt,
229 2482 384 2558 quomodo
399 2480 550 2555 elegantia
565 2495 744 2551 coenarum,
760 2477 913 2539 munditiis
927 2476 1082 2539 vehiculo-

101 2582 183 2639 rum,
206 2567 252 2625 sic
273 2569 378 2649 vobrnt
398 2581 544 2640 separare
560 2564 649 2624 etiarn
665 2566 834 2639 temporam
851 2561 1082 2637 dispositiones.

101 2650 209 2709 nolunt
225 2651 313 2710 solita
329 2665 468 2725 peccare,
485 2649 596 2725 quibus
613 2649 762 2724 peccandi
778 2646 944 2724 praemium
960 2644 1083 2706 infamia

102 2739 159 2791 est.
181 2732 260 2790 hanc
276 2741 380 2806 petunt
392 2749 499 2795 omnes
509 2732 569 2808 isti,
581 2731 642 2809 qui,
656 2739 688 2793 ut
698 2732 739 2792 ita
751 2733 859 2805 dicam,
871 2738 953 2792 retro
965 2729 1082 2790 vivunt.

102 2815 192 2885 Ideo,
213 2814 324 2889 Lucili,
345 2818 476 2878 tenenda
495 2816 585 2878 nobis
606 2818 656 2877 via
677 2825 737 2892 est,
759 2833 849 2892 quam
866 2823 974 2876 natura
993 2815 1124 2890 prae-19

103 2896 229 2970 scripsit
241 2913 299 2956 nec
313 2900 351 2959 ab
363 2900 414 2958 illa
425 2900 653 2961 declinandum:
673 2901 754 2962 illam
766 2901 967 2974 sequentibus
982 2899 1083 2959 omnia

102 2981 213 3054 facilia,
230 2982 374 3057 expedita
387 2988 467 3042 sunl.
491 2990 596 3043 eontra
607 2984 688 3043 illam
699 2984 863 3044 nitentibus
874 2999 935 3043 non
949 2983 1009 3041 alia
1022 2981 1082 3040 vita

103 3074 150 3126 est
166 3081 258 3140 quam
276 3073 381 3125 contra
397 3081 509 3138 aquam
522 3066 750 3142 remigantibus.
787 3068 874 3127 Vale.

393 3200 616 3283 EPISTULA!
629 3203 678 3258 Vl.
700 3201 788 3272 (123.)
892 3282 897 3291 Δ

357 3295 467 3348 Seneca
482 3297 596 3346 Lucrmo
613 3307 665 3347 suo
682 3306 822 3346 saturum.

165 3401 276 3460 Itinere
299 3401 458 3460 conlectus
485 3399 679 3459 incommodo
705 3397 802 3472 magis
827 3413 918 3472 quarn
938 3397 1030 3470 longo
1051 3395 1082 3454 in
1107 3403 1123 3456 1

102 3483 255 3546 Albanum
271 3500 371 3545 meum
390 3483 482 3544 multa
503 3489 592 3544 nocte
612 3481 752 3559 pervenir
775 3479 849 3542 nihil
869 3479 968 3542 babeo
984 3480 1082 3557 parati
