2468 3930
188 244 252 309 448
501 246 679 305 nnnnnnl
693 243 857 304 SENECAE

160 412 179 466 3
295 400 478 473 „Morieris,“
499 400 585 456 Immo
595 399 687 456 carnis
698 398 830 456 tributum
840 402 956 455 naturae
968 397 1092 455 debitum
1102 416 1168 472 per-

232 488 340 556 solves,
353 501 419 540 mox
429 487 536 539 futurus
548 484 633 539 liber:
656 485 699 539 lac
713 483 819 553 libens,
834 481 910 552 quod
921 482 969 538 vel
980 484 1080 539 nolens
1092 485 1168 539 lace-

232 586 288 628 res.
305 569 418 641 cupias,
431 568 618 640 quodcunque
628 583 747 623 necesse
759 572 810 622 est.
832 582 889 623 non
901 570 944 621 est
955 566 1065 637 utilius,
1082 568 1167 623 immo

232 652 345 724 quidem
360 669 418 708 non
437 657 480 707 est
491 650 567 708 alind
579 652 607 706 in
621 650 789 707 necessitate
800 649 955 705 consilium.
979 648 1121 723 Quidquid
1136 651 1168 705 fit

231 737 390 807 avolente,
407 736 438 792 fit
454 736 559 804 levius,
578 740 605 790 et
616 734 719 790 desinit
731 750 795 789 esse
807 733 977 803 necessitas,
999 734 1024 788 si
1037 736 1166 792 voluntas

231 820 393 876 accesserit.
678 819 680 822 ’

291 904 345 975 „In
355 905 425 959 lueto
441 903 596 958 morieris.“
621 901 684 956 Non
697 901 758 970 ubi,
776 900 828 956 sed
839 901 957 971 qualiter
968 901 1113 970 moriaris,
1128 901 1166 958 od

231 1002 291 1042 rem
301 987 431 1059 pertinet.
637 990 638 994 ’

293 1069 379 1141 „Quo
400 1071 551 1128 devenient
563 1069 681 1140 opest“
702 1067 784 1124 Unde
805 1072 961 1137 venerunt,
977 1073 1164 1139 revertentur,

202 1193 203 1197 ,
230 1152 285 1210 hoc
303 1154 398 1210 ested
415 1156 542 1210 fortunae
564 1168 678 1223 manus,
699 1151 766 1207 inde
787 1167 885 1207 rursus
894 1150 1015 1214 adalios
1030 1153 1163 1221 abiturae,

231 1237 307 1310 apud
317 1238 458 1295 neminem
468 1238 517 1294 diu
528 1252 692 1292 mansurae:
712 1251 805 1306 vagae
823 1240 889 1293 sunt
902 1235 1015 1306 [enim],
1026 1241 1102 1293 stare
1114 1253 1163 1293 ne·

230 1327 344 1392 queunt.

162 1414 176 1467 1
271 1406 315 1459 111.
338 1403 420 1476 „Sed
439 1403 716 1460 decollaberis.“
745 1401 819 1469 erid
835 1403 967 1473 interest,
986 1402 1092 1458 enesim
1102 1420 1163 1459 mo·

187 1488 244 1544 riar
254 1504 291 1544 an
303 1488 451 1560 punctim?

249 1569 328 1640 „Sed
338 1588 424 1643 saepe
436 1571 544 1627 lenieris
561 1569 674 1626 etmulti
685 1569 714 1624 in
725 1574 752 1624 te
765 1568 851 1641 gladii
868 1569 1027 1627 convenien
1040 1571 1068 1624 .“
1091 1569 1163 1638 Quid

187 1656 286 1724 relert,
308 1669 392 1726 quam
408 1657 494 1710 multa
511 1655 567 1710 sint
585 1656 726 1712 vulnerat
746 1668 802 1708 non
824 1657 917 1725 potest
940 1654 1059 1725 amplius
1081 1670 1163 1726 quarn

187 1753 274 1792 unum
286 1753 349 1793 esse
361 1739 540 1794 mortiterum,

158 1833 175 1886 p
249 1821 430 1893 „Peregre
449 1821 645 1876 morieris.“
667 1821 726 1876 Hoc
744 1826 787 1876 est
806 1821 834 1876 in
851 1819 970 1892 patriam
984 1821 1048 1880 ,sine
1059 1822 1162 1879 viatico

184 1904 343 1977 pervenire.

249 1987 396 2060 „Peregre
418 1988 580 2044 morieris.“
620 1987 814 2058 Undecunque
843 1987 880 2044 ad
910 1988 1014 2045 interos
1036 2000 1094 2042 una
1113 1987 1163 2044 via

186 2076 237 2132 est.

248 2155 395 2228 „Peregre
412 2157 574 2213 morieris.“
605 2155 667 2227 Ego
687 2153 763 2226 quod
781 2154 888 2224 debeo,
911 2155 1024 2212 solvere
1045 2160 1161 2227 paratus

185 2255 261 2295 sum:
273 2240 369 2298 vident
379 2242 535 2312 fenerator,
554 2239 601 2296 ubi
612 2255 657 2295 me
669 2239 800 2311 appellet.

248 2325 395 2397 „Peregre
406 2320 566 2387 morieris.“
594 2322 676 2379 Nulla
690 2330 767 2379 terra
778 2323 869 2378 aliena
885 2327 1004 2383 mortuo.

247 2409 398 2480 „Peregre
414 2408 571 2465 morieris.“
601 2406 664 2463 Non
685 2412 728 2463 est
750 2406 865 2479 gravior
886 2406 954 2462 toris
978 2419 1063 2478 quam
1086 2404 1161 2460 domi

185 2507 310 2550 somnus.

155 2589 171 2643 1
268 2575 315 2630 Ν.
337 2573 422 2644 „Sed
442 2576 589 2632 iuvenis
609 2574 808 2630 morieris.“
844 2572 985 2646 Optimum
1013 2579 1072 2644 est,
1096 2566 1160 2630 ante

183 2671 267 2727 quam
277 2664 373 2729 optes,
384 2658 464 2713 mori.

243 2740 379 2809 „Iuvenis
396 2742 552 2802 morieris.“
574 2742 633 2799 Hoc
654 2757 742 2797 unum
762 2747 819 2810 est,
837 2741 913 2813 quod
929 2756 1020 2813 aeque
1031 2738 1068 2795 ad
1080 2739 1158 2796 iuve·
1217 2770 1226 2793 .

182 2838 246 2877 nem
258 2838 341 2893 quam
355 2824 392 2879 ad
402 2841 500 2880 senem
510 2826 639 2899 pertinet.
662 2842 719 2882 non
731 2825 846 2882 citamur
859 2841 995 2882 escensu
1005 2840 1060 2881 nec
1071 2823 1158 2896 exigi-

180 2911 225 2961 tur
242 2923 375 2963 nnmerus
391 2925 541 2966 annorum=
565 2906 614 2985 [et]
631 2910 827 2966 adolescentes
839 2915 867 2965 et
881 2909 1041 2982 impuberes
1059 2907 1159 2964 eadem

180 2990 228 3047 lati
245 2993 400 3049 necessitas
419 2994 504 3050 ducit.
533 2993 671 3067 Optimum
694 2999 735 3048 est
758 2995 844 3065 mori,
865 3010 930 3050 cunr
949 2994 1027 3051 iuvat
1044 2991 1156 3050 ‚vivere

158 3130 161 3135 .
181 3076 266 3147 [quae
279 3077 353 3132 enim
363 3078 452 3135 virtus
468 3084 520 3150 est,
535 3095 598 3134 cum
611 3077 736 3148 eiciaris,
749 3079 826 3135 exire
832 3074 859 3152 i]

152 3175 169 3230 2
241 3160 381 3230 „iuvenis
397 3162 554 3218 morierie“
583 3161 747 3233 Quicunque
765 3162 802 3221 ad
819 3167 974 3219 extremum
989 3161 1038 3218 lati
1051 3159 1155 3216 suive·

179 3243 234 3312 nit,
257 3261 345 3301 senex
363 3247 487 3303 moritur.
509 3246 652 3302 nonenim
670 3249 769 3318 relert,
791 3262 864 3318 quae
884 3246 919 3302 sit
933 3245 1056 3302 hominis
1068 3251 1155 3312 aetas,

178 3327 232 3383 sed
243 3343 315 3400 quae
327 3330 362 3384 sit
372 3335 456 3386 meta.

239 3413 376 3482 „iuvenis
390 3414 548 3470 morieris.“
568 3414 700 3471 Fortasse
712 3415 793 3473 alicui
805 3415 878 3472 malo
890 3412 1023 3470 subducit
1037 3427 1083 3469 me
1098 3412 1152 3467 lor-

174 3498 256 3570 tune,
270 3502 299 3554 ut
311 3497 379 3554 nulli
390 3498 451 3570 elii,
463 3504 539 3556 certe
551 3499 697 3556 senectuti.
