2468 3930
370 285 389 288 ,.
413 239 458 294 DE
475 239 633 299 MORIBUS
650 241 765 323 ΙΛΙΒΕΡμ1
1016 241 1081 307 495

162 389 256 458 Qualis
272 390 331 462 vir,
352 392 414 447 talis
429 392 527 448 oratio.
1091 402 1127 460 73

162 474 266 547 Magna
280 491 327 530 res
344 480 386 530 est
402 475 480 532 vocis
495 482 522 531 et
535 476 636 532 silentii
649 482 777 551 tempora
791 491 883 535 nosse.
1092 487 1128 542 74

162 557 215 626 Qui
230 574 321 629 aequo
337 559 430 615 animo
445 560 525 616 malis
541 560 727 631 immiscetur,
746 563 835 618 malus
851 568 902 619 est
1092 570 1126 625 75

161 642 307 697 Neminem
337 645 391 700 cito
414 643 591 714 laudaveris,
639 645 779 701 neminem
805 647 858 702 cito
884 646 1126 710 accusaveris=76

99 741 212 798 semper
226 732 293 798 puta
307 731 335 782 te
351 743 447 783 coram
464 726 518 783 diis
533 728 721 783 testimonium
736 728 840 786 dicere.
1107 746 1109 750 ·

161 810 263 865 Vitium
279 816 320 865 est
335 810 429 866 omnia
444 811 576 882 credere,
595 811 693 868 vitium
707 811 776 867 nibil
792 814 918 870 credere.
1091 820 1126 876 77

161 893 300 951 Utendum
315 900 357 949 est
370 894 489 960 divitiis,
510 909 567 949 non
581 894 762 950 abutendum.
1092 903 1127 958 78

159 977 271 1033 Nullum
285 978 429 1048 putaveris
443 979 535 1033 locum
549 979 611 1034 sine
624 983 704 1035 teste.
1091 985 1127 1043 79

160 1062 377 1118 Excusationem
398 1077 535 1133 quaerere
554 1063 661 1120 vitium.
684 1059 775 1136 [*sed
790 1062 884 1118 omnia
898 1063 1028 1134 delinque
1044 1062 1081 1119 ad
1092 1070 1128 1125 80

100 1142 292 1220 dominum.*]

160 1230 269 1285 Fortior
284 1235 327 1285 est
342 1230 388 1300 qui
403 1229 583 1301 cupiditatem
597 1230 682 1287 vincit
697 1244 779 1301 quarn
795 1231 842 1302 qui
852 1230 963 1286 hostem
974 1230 1079 1285 subicit.
1091 1237 1125 1292 81

160 1314 211 1369 Est
225 1312 416 1369 difficillimum
432 1331 463 1368 se
478 1314 570 1386 ipsum
584 1314 707 1370 vincere.
1090 1319 1126 1374 89

161 1397 258 1468 Inique
274 1397 416 1468 irascitur,
440 1398 487 1468 qui
504 1398 562 1452 suis
576 1397 713 1453 irascitur.
1091 1403 1126 1458 88

160 1482 265 1536 Amare
281 1482 321 1537 sic
335 1482 427 1553 incipe
441 1487 582 1552 tamquam
597 1497 653 1536 non
668 1481 751 1538 liceat
766 1481 907 1538 desinere.
1090 1486 1127 1540 84

161 1565 328 1637 Magnarum
349 1581 443 1620 rerum
465 1564 573 1621 etiamsi
593 1581 743 1621 successus
759 1581 816 1621 non
830 1565 926 1637 luerit,
944 1565 1080 1622 honestus
1090 1569 1125 1625 85

99 1654 142 1704 est
156 1649 217 1721 ipse
232 1655 357 1705 conatus.

160 1733 294 1789 Nobilitas
309 1733 393 1789 animi
408 1738 451 1788 est
467 1732 643 1804 generositas
659 1748 769 1788 sensus.
1090 1738 1125 1793 86

161 1817 294 1874 Nobilitas
310 1817 436 1889 corporis
451 1833 607 1888 generosus
622 1817 741 1872 anirnus.
1091 1820 1126 1876 87

162 1901 310 1957 Honestior
332 1907 374 1957 est
395 1918 478 1972 quem
494 1907 625 1956 senectus
641 1900 678 1957 ad
694 1902 779 1957 otium
794 1901 886 1957 retulit
899 1916 983 1973 quam
997 1915 1080 1973 quem
1091 1903 1127 1959 88

100 1985 127 2039 in
142 1985 197 2040 otio
212 1986 326 2042 invenit
349 1983 399 2041 *et
412 1992 476 2040 tunc
490 1985 604 2057 incipiat
617 1985 757 2042 laborare.

161 2069 254 2141 Turpe
269 2070 459 2141 spectaculum
472 2070 591 2138 praebet
604 2069 712 2125 animus
729 2086 825 2141 aeger.
1090 2071 1126 2127 89

162 2152 320 2223 Numquam
334 2152 369 2207 sit
382 2152 466 2207 tristis
482 2151 569 2207 iacies
582 2152 631 2207 tibi
645 2151 674 2206 in
689 2152 838 2208 commodo
853 2151 976 2208 alterius.
1090 2155 1127 2210 90

161 2235 251 2291 Homo
272 2251 349 2290 sume
380 2233 522 2306 quomodo
547 2234 679 2292 devitabo
705 2235 893 2291 secundarum
918 2249 1012 2289 rerum
1039 2233 1080 2288 in·
1091 2237 1125 2291 91

100 2319 227 2376 vidiam‘t

163 2402 193 2461 Si
209 2403 367 2461 felicitatem
382 2401 545 2472 lactaveris,
570 2418 633 2457 cum
647 2402 738 2458 multis
753 2401 834 2459 dives
850 2401 915 2457 eris.
1090 2401 1125 2456 92

164 2487 312 2556 Quomodo
322 2486 425 2559 optime
436 2486 591 2558 potentiam
601 2487 722 2542 tuebor?
740 2485 903 2557 impotentia
914 2481 1080 2540 occasionis.
1091 2487 1126 2543 93

162 2574 267 2629 locum
286 2577 363 2628 tenet
384 2570 559 2628 innocentiae
579 2570 737 2644 proximum
758 2568 914 2626 confessioz
946 2567 993 2624 ubi
1014 2571 1128 2627 con-94

100 2658 200 2723 sessio,
222 2658 259 2713 ibi
276 2656 406 2713 remissio
421 2656 490 2711 irae.

164 2739 307 2797 Severitas
322 2741 351 2796 in
365 2740 433 2797 vitio
446 2745 498 2796 est.
654 2793 656 2796 ,
1003 2741 1006 2746 ’
1089 2739 1124 2796 95

162 2823 233 2878 Boni
251 2825 349 2880 iudicis
370 2830 412 2880 est
431 2825 597 2897 dispensare
619 2840 676 2880 non
689 2828 796 2879 tantum
811 2822 878 2894 quid
892 2819 1127 2880 damnandumtto

100 2907 150 2975 sit,
170 2907 223 2963 sed
238 2914 384 2978 quatenus.

162 2992 309 3046 Proximus
323 2991 442 3047 iustitiae
457 2991 557 3047 modus
572 2991 719 3049 severitas.
1091 2989 1126 3046 97

165 3075 370 3143 Quietissimam
389 3075 475 3131 vitam
495 3079 613 3147 agerent
631 3074 760 3130 homines
786 3074 815 3128 in
840 3073 937 3144 terris,
965 3072 989 3127 si
1009 3069 1128 3128 haeo98

101 3161 158 3217 duo
183 3163 273 3217 verba
297 3175 313 3215 e
339 3163 439 3216 natura
462 3154 610 3234 [omnium]
634 3174 728 3214 rerum
753 3157 895 3213 toNerent=
923 3169 1034 3212 meum
1058 3160 1085 3209 et

101 3252 204 3304 tuum.

164 3328 217 3398 Qui
230 3333 424 3402 paupertatem
437 3327 526 3393 timet,
551 3325 691 3381 timendus
706 3330 758 3381 est
1091 3324 1127 3381 99

165 3413 248 3469 Vires
263 3419 326 3470 tuas
341 3412 423 3468 amici
437 3411 528 3484 magis
546 3410 667 3466 sentiant
679 3407 824 3466 beneficiis
840 3423 923 3480 quam
937 3405 1054 3462 iniuriis.
1098 3409 1152 3476 100

165 3498 288 3554 Pecunia
308 3515 365 3554 non
386 3496 467 3554 satiat
488 3495 633 3554 avaritiam
648 3494 701 3552 sed
718 3493 813 3550 irritat.
835 3492 900 3554 ideo
915 3489 1148 3565 sempecta-101

145 3583 386 3643 saracenamlll.
786 3596 803 3644 ἢ
884 3579 925 3631 “l
