2468 3930
229 222 505 299 eristunnlca.
526 238 598 298 Llss.
613 240 649 298 v.
671 239 728 298 ΕΡ.
741 247 767 301 o.
780 247 807 303 ι.
828 243 954 314 (cnm)
1039 238 1080 303 97

99 389 211 451 timori.
239 388 320 449 dabo
342 390 533 449 consularem
554 388 692 450 aniculae
710 391 908 463 servientem,
931 390 1011 451 dabo
1028 406 1080 450 an-

100 474 222 534 cillulae
236 471 374 546 divitem,
390 474 548 534 ostendam
563 474 770 534 nobilissimos
786 475 913 535 iuvenes
929 475 1082 549 mancipia

99 555 373 634 pantomimorum
400 557 483 617 nulla
505 560 637 617 servitus
658 558 775 632 turpior
796 565 843 617 est
865 574 957 632 quam
973 559 1080 619 volun·

99 639 186 702 laria.
223 638 322 713 Quare
342 654 404 698 non
426 648 486 713 est,
511 641 594 716 quod
616 641 767 702 fastidiosi
789 641 880 702 istite
898 642 1079 714 deterreant,

101 739 164 799 quo
179 723 280 783 minus
296 721 394 782 servis
409 722 470 784 tuis
485 724 611 785 hilarem
625 731 655 785 te
669 732 810 800 praestes
825 731 928 785 elnon
946 726 1080 800 superbe

99 805 308 883 superioremz
331 806 433 866 colant
444 808 547 882 potius
561 817 591 868 te
604 824 694 884 quam
707 810 839 870 timeant.
871 809 957 869 Dicet
969 809 1080 883 aliquis
1089 811 1121 870 18

100 905 179 952 nunc
201 904 250 950 me
267 904 380 949 vocare
395 890 434 949 ad
451 891 563 965 pileum
578 907 688 952 servos
702 899 733 952 et
747 893 888 953 dominos
904 892 943 952 de
958 893 1079 968 lastigie

99 990 157 1035 suo
181 973 318 1057 deicere,
348 973 433 1047 quod
453 975 533 1033 dixi:
561 975 664 1036 colant
688 977 789 1050 potius
812 974 967 1036 dominum
989 992 1080 1050 quam

99 1056 236 1122 timeam
257 1058 333 1131 ‚‚ita‚
357 1055 468 1131 inquit,
490 1074 634 1133 prorsus,
652 1059 753 1119 colant
774 1065 928 1133 tamquam
945 1059 1078 1131 clientes,

100 1149 255 1218 tamquam
276 1140 499 1201 salutatorest“
539 1142 606 1203 Hoc
626 1143 679 1216 qui
694 1142 817 1214 dixerit,
838 1141 1035 1202 obliviscetur
1048 1143 1081 1201 id
1176 1204 1177 1208 ,

99 1225 233 1287 dominis
255 1239 362 1299 parum
382 1241 445 1284 non
465 1240 550 1300 esse,
575 1225 658 1301 quod
680 1226 738 1285 deo
757 1230 806 1285 sal
819 1233 881 1286 est.
905 1224 958 1300 qui
973 1223 1081 1285 colitur

99 1316 130 1370 et
143 1315 277 1368 amatur:
299 1323 361 1367 non
377 1314 478 1383 potest
492 1325 578 1370 amor
591 1325 660 1369 cum
675 1308 782 1370 timore
797 1307 928 1368 misceri.
964 1308 1121 1371 Redis-19

100 1393 178 1455 sime
193 1407 267 1467 ergo
284 1392 385 1450 lacere
399 1398 429 1451 te
445 1392 564 1468 iudico,
588 1393 672 1468 quod
686 1393 784 1453 timeri
799 1409 818 1453 a
832 1393 931 1452 servis
945 1393 1006 1453 luis
1018 1408 1080 1452 non

98 1477 162 1551 vis,
185 1475 269 1551 quod
284 1476 447 1536 verborum
463 1476 661 1551 castigatione
672 1478 783 1538 uteris=
805 1476 985 1538 verberibus
997 1484 1081 1538 muta

99 1561 312 1622 admonentur.
346 1559 414 1620 Non
434 1560 579 1634 quicquid
601 1577 659 1621 nos
682 1559 823 1634 offendit,
843 1567 875 1620 et
890 1559 990 1621 laedit.
1023 1559 1081 1620 sed

99 1643 140 1704 ad
153 1643 267 1703 rabiem
282 1659 340 1703 nos
356 1649 469 1718 cogunt
485 1645 645 1718 pervenire
657 1643 798 1716 deliciae,
812 1652 848 1705 ut
859 1644 1006 1720 quicquid
1017 1659 1079 1704 non

99 1743 140 1788 ex
159 1727 314 1809 voluntate
334 1726 517 1801 respondet,
539 1728 615 1787 iram
636 1734 753 1788 evocet.
790 1729 908 1802 Regum
928 1727 1019 1788 nobis
1035 1728 1122 1792 ιιι-20

100 1810 221 1871 duimus
242 1810 371 1871 animos.
400 1826 471 1870 nam
491 1810 533 1870 illi
550 1827 674 1888 quoque
689 1809 773 1872 oblili
787 1820 817 1873 et
831 1828 955 1873 suarum
970 1811 1080 1871 virium

101 1901 133 1955 et
152 1893 355 1955 inbecillitatis
378 1895 496 1955 alienae
521 1895 566 1955 sic
590 1897 834 1968 excandescunt,
860 1894 906 1955 sic
930 1895 1079 1968 saeviunt,

101 1977 191 2053 quasi
210 1978 349 2038 iniuriam
370 1976 553 2054 acceperint.
589 1981 708 2040 aculus
723 1979 768 2038 rei
783 1979 919 2055 periculo
933 1979 1003 2039 illos
1019 1979 1080 2039 lor·

100 2068 193 2122 tunae
207 2078 283 2122 suae
298 2062 474 2136 magnitudo
489 2063 658 2124 tutissimos
674 2069 818 2138 praestat.
849 2063 912 2123 Nec
923 2063 982 2124 hoc
994 2063 1079 2137 igna-

100 2152 182 2219 rant,
205 2146 261 2206 sed
276 2146 472 2206 occasionem
486 2147 617 2207 nocendi
635 2153 773 2223 captant:
796 2147 974 2221 quaerendo
992 2159 1079 2205 acce·

101 2236 213 2305 parunt
226 2228 364 2290 inituiam
378 2235 411 2290 ul
425 2229 569 2290 lacerent.
604 2229 723 2290 Diutius
738 2237 768 2290 te
783 2233 896 2289 morari
911 2231 994 2290 nolo.
1018 2236 1118 2290 nont}

100 2319 149 2373 est
163 2313 243 2372 enirn
257 2312 311 2374 tibi
327 2313 538 2375 exhortatione
555 2329 645 2387 opus.
679 2314 747 2373 Hoc
760 2311 874 2373 babent
887 2313 964 2372 inter
979 2319 1081 2371 cetera

99 2396 174 2457 boni
196 2412 314 2469 mores,
342 2398 463 2473 placent
483 2397 556 2471 sibi,
580 2403 773 2472 permanent:
802 2395 878 2455 levis
894 2401 941 2455 est
958 2394 1080 2468 malitia,

101 2495 199 2557 saepe
213 2488 352 2554 mutatur,
374 2497 435 2542 non
452 2481 481 2539 in
497 2481 621 2555 melius,
644 2480 700 2540 sed
717 2477 748 2538 in
763 2477 854 2539 aliud.
891 2478 979 2537 Vale.

387 2616 604 2674 EPISTULA
630 2617 690 2674 VII.
720 2619 733 2688 (
769 2616 790 2684 .)

353 2711 463 2765 Sanaos
482 2713 592 2764 Lucruro
613 2724 665 2764 suo
684 2722 824 2764 saturum.

165 2813 216 2874 Ad
231 2812 406 2893 epistulam,
429 2831 520 2891 quam
534 2815 605 2875 mihi
621 2830 660 2874 ex
675 2814 781 2876 itinere
794 2812 918 2887 misisti,
939 2819 1000 2872 tam
1014 2814 1107 2877 lon-l

100 2911 173 2973 gam
194 2914 286 2974 qoam
305 2898 407 2977 ipsum
427 2900 484 2959 iter
503 2899 572 2971 luit,
595 2905 704 2974 postea
719 2898 897 2959 rescribam.
931 2897 1080 2958 seducere

101 2997 152 3042 me
171 2981 272 3043 debeo
293 2990 324 3042 et
343 2983 416 3058 quid
434 2983 580 3043 suadeam
597 2982 840 3058 circumspicere.
869 2997 940 3040 nam
954 2988 987 3041 tu
1004 2995 1080 3054 quo-

102 3080 180 3142 quo,
208 3065 260 3140 qui
274 3066 427 3140 considis,
449 3066 502 3126 diu
516 3082 554 3126 an
570 3068 764 3138 consuleres,
787 3063 943 3138 cogitasti=
966 3068 1080 3137 quanto

100 3149 200 3226 magis
219 3150 279 3209 boc
297 3147 369 3210 mihi
390 3149 562 3210 laciendum
577 3155 639 3224 est,
663 3165 731 3210 cum
746 3148 884 3223 longiore
900 3162 986 3206 mora
1001 3162 1081 3220 opus

102 3232 156 3309 sit,
184 3238 220 3293 ut
241 3234 347 3294 solvas
369 3233 578 3309 quaestionem
600 3249 691 3308 qnam
710 3240 745 3293 ut
764 3236 945 3307 proponas?
975 3228 1082 3304 utique

103 3330 172 3378 cum
194 3314 277 3378 aliud
298 3316 352 3377 tibi
373 3317 532 3393 expediat,
563 3315 645 3376 aliud
668 3316 750 3376 mihi.
795 3315 906 3373 lterum
927 3328 985 3388 ego
1009 3319 1110 3375 tam-a

104 3416 195 3475 quam
215 3399 386 3476 Epicureus
408 3401 539 3476 loquore
564 3399 637 3460 mibi
651 3416 725 3460 vero
742 3399 819 3459 idem
834 3397 973 3472 expedit,
997 3397 1082 3472 quod

103 3484 171 3545 tibia
199 3491 251 3546 aut
274 3500 337 3545 non
363 3501 431 3546 sum
453 3485 582 3560 amicuS,
609 3483 683 3559 nisi,
704 3480 851 3559 quicquid
872 3481 972 3557 agitur
993 3480 1033 3542 ad
1051 3487 1083 3544 te

145 3587 248 3629 maaca
261 3589 331 3628 run,
346 3573 390 3629 lli.
898 3573 915 3631 l
