2468 3930
144 208 206 273 108
427 211 460 270 L.
481 208 630 270 ANNAEI
649 207 826 270 SENECAE

144 364 260 424 verba
274 378 410 436 magna
426 361 629 421 celeritate
643 357 916 435 praecipitant
935 367 966 421 01
979 376 1120 427 commta-2

143 464 199 508 nes
220 447 306 507 locos
327 446 454 505 volvunt
473 452 503 505 et
523 443 554 503 in
577 445 694 519 privato
715 444 914 518 circulantur,
942 444 1014 506 sed
1038 461 1120 522 eos,

144 531 209 606 qui
230 530 365 606 vita[m]
390 528 545 599 docent,
567 528 620 602 qui
641 543 709 588 curn
731 526 888 600 dixerunt,
909 527 983 602 quid
1002 527 1119 591 facion-

144 614 216 675 dum
237 613 290 686 sit,
312 612 443 687 probent
462 610 617 683 faciendo,
640 609 694 686 qui
713 610 841 684 docent,
866 611 941 685 quid
956 610 1119 677 vitandum

144 697 198 770 sit,
220 711 278 756 nec
298 711 443 770 umquam
462 693 493 754 in
515 709 568 767 eo,
590 694 675 769 quod
694 691 871 768 fugiendum
884 694 1043 770 dixenmt,
1064 697 1119 759 de·

144 779 381 856 prehenduntur.
409 778 486 838 Eum
502 778 581 852 elige
595 774 780 849 adiutorem,
801 793 893 851 quem
907 777 1005 852 magis
1021 779 1119 841 admi-

111 879 128 934 9
144 864 235 938 reris,
258 879 326 923 cum
341 862 455 923 videris
473 877 562 937 quarn
577 875 646 921 oum
660 859 804 921 audieris.
830 860 894 921 Nec
913 861 984 921 ideo
999 868 1030 925 te
1045 878 1119 938 pro·

143 946 291 1008 hibuerim
314 946 371 1006 hos
387 961 510 1021 quoque
524 944 645 1018 audire,
668 943 779 1020 quibus
794 942 954 1004 admittere
968 946 1119 1021 populum

144 1046 182 1091 ao
202 1030 357 1091 disserere
376 1029 566 1090 consuetudo
587 1035 651 1102 est,
672 1030 699 1088 si
719 1027 812 1088 modo
829 1027 889 1088 hoc
909 1029 1071 1104 proposito
1085 1028 1119 1091 in

144 1113 263 1175 turbam
285 1115 452 1189 prodeunt,
474 1120 507 1174 ut
522 1111 665 1172 meliores
680 1111 755 1170 liant
775 1110 949 1186 faciantque
962 1111 1119 1190 meliores,

144 1198 171 1259 si
186 1214 249 1258 non
264 1198 436 1258 ambitionis
451 1196 511 1257 hoc
526 1211 620 1256 causa
634 1200 787 1255 exercent.
815 1194 909 1270 quid
922 1195 1021 1256 enim
1037 1204 1118 1259 tur·

145 1282 235 1357 pius
257 1280 506 1356 philosophia
528 1284 707 1354 captante
726 1278 938 1338 clamores?
969 1277 1120 1356 numquid

104 1370 237 1439 loaeger
251 1364 353 1423 laudat
366 1363 516 1422 medicum
531 1369 706 1422 secantem?
731 1363 856 1435 Taoete,
871 1361 971 1422 favete
986 1369 1017 1423 et
1029 1379 1119 1439 prae·

144 1450 214 1509 bete
229 1463 286 1506 vos
304 1446 460 1506 curationi.
483 1444 601 1505 etiamsi
615 1443 872 1519 exclamaveritis‚
887 1460 948 1505 non
964 1446 1052 1507 aliter
1064 1462 1118 1509 au·

145 1531 241 1601 diam,
263 1529 395 1604 quamsi
413 1528 453 1588 ad
472 1535 582 1588 tactum
599 1529 738 1590 vitiorum
753 1535 924 1590 vestrorum
937 1529 1120 1605 ingemisca-

146 1613 195 1674 tis.
224 1612 326 1673 testari
348 1611 440 1673 vultis
461 1613 626 1672 adtendere
645 1629 703 1672 vos
720 1610 899 1688 moverique
911 1613 1119 1688 magnitudine

146 1703 269 1757 rerumt
290 1711 365 1756 sane
380 1697 482 1756 liceat=
504 1703 537 1757 ut
552 1696 673 1770 quidem
688 1695 828 1756 iudicetis
840 1704 871 1757 et
884 1696 988 1758 ieratis
1003 1697 1043 1757 de
1056 1710 1118 1759 me·

147 1782 222 1841 liora
238 1779 431 1854 suffragium,
453 1778 558 1854 quidni
574 1795 635 1838 non
650 1780 842 1854 permittam?
869 1781 953 1855 apud
966 1779 1118 1858 Pythago·

145 1880 209 1924 rom
234 1863 393 1938 discipulis
415 1862 550 1939 quinque
570 1863 657 1923 annis
686 1863 846 1924 tacendum
864 1870 944 1923 erat:
970 1864 1119 1939 numquid

146 1962 219 2022 ergo
246 1947 402 2007 existimas
424 1947 523 2007 statim
542 1945 601 2006 illis
623 1953 653 2006 et
672 1948 756 2021 loqui
775 1953 806 2007 et
825 1945 951 2007 laudare
972 1946 1119 2010 licuisset

105 2030 263 2106 110uunta
284 2038 383 2090 autem
405 2030 556 2092 dementia
570 2030 635 2090 eius
650 2038 712 2104 est,
735 2046 826 2105 quem
841 2030 992 2092 clamores
1006 2031 1117 2107 inperi-

146 2123 244 2175 torum
258 2113 381 2174 hilarem
394 2130 433 2174 ex
444 2113 593 2175 auditorio
606 2113 777 2175 dimittuntt
796 2112 874 2188 Quid
886 2115 1017 2189 laetaris,
1034 2114 1117 2191 quod

146 2199 184 2258 ab
205 2196 379 2258 hominibus
396 2198 443 2258 his
462 2199 603 2259 laudatus
618 2213 669 2271 es,
692 2213 771 2272 quos
790 2214 852 2259 non
867 2204 955 2274 potes
972 2199 1042 2274 ipse
1055 2202 1117 2260 lau·

145 2282 240 2343 daret
265 2280 443 2342 Disserebat
462 2283 578 2358 populo
592 2281 760 2356 Fabianus,
780 2283 838 2342 sed
858 2280 1041 2344 audiebatur
1055 2299 1118 2344 mo·

145 2367 242 2428 deste.
270 2366 449 2441 erumpebat
467 2366 616 2426 interdum
637 2381 766 2440 magnus
788 2367 903 2426 clamor
922 2366 1118 2441 laudantium,

145 2450 201 2511 sed
222 2466 312 2524 quern
331 2465 433 2509 rerum
457 2449 631 2524 magnitudo
653 2457 851 2526 evocaverat,
870 2466 933 2510 non
955 2465 1053 2518 sonus
1073 2449 1118 2509 in·

103 2534 283 2605 nollensae
308 2549 345 2593 ac
370 2533 499 2592 molliter
524 2532 669 2593 orationis
692 2534 826 2608 elapsae.
858 2533 980 2595 Intersit
1003 2532 1119 2609 aliquid

143 2618 223 2677 inter
241 2618 405 2676 clamorem
419 2615 527 2675 theatri
542 2623 571 2675 01
585 2617 725 2677 scholae=
752 2625 800 2678 est
814 2616 916 2693 aliqua
930 2624 961 2677 et
972 2614 1119 2678 laudandi

145 2698 274 2759 licentia.
308 2697 415 2758 Omnia
434 2714 535 2759 rarum
556 2700 703 2775 omnium,
726 2701 752 2761 si
767 2701 985 2776 observentur,
1005 2699 1119 2760 indicia

145 2789 217 2842 sunt
234 2788 263 2841 01
278 2788 486 2856 argumentum
500 2798 618 2843 morum
639 2799 679 2844 ex
698 2784 830 2846 minimis
845 2799 971 2861 quoque
983 2784 1054 2845 licet
1067 2799 1118 2844 oa·

144 2880 235 2942 perer
256 2864 435 2940 inpudicum
459 2874 490 2927 et
508 2866 651 2928 incessus
673 2868 806 2929 ostendit
822 2875 853 2929 et
866 2883 976 2928 manus
989 2874 1072 2929 mota
1089 2871 1119 2926 et

145 2965 237 3011 unum
252 2949 402 3010 interdum
420 2965 605 3025 responsum
621 2958 651 3011 et
666 2952 779 3014 relatus
794 2952 834 3012 ad
849 2957 943 3028 caput
962 2949 1074 3027 digitus
1088 2954 1120 3011 et

144 3033 248 3095 flexus
263 3035 431 3095 oculorum.
459 3034 621 3110 inprobum
639 3035 737 3107 risus,
758 3035 900 3096 insanum
916 3035 1020 3096 voltus
1033 3030 1119 3094 habi·

145 3125 258 3193 tusque
279 3119 477 3179 demonstrat
504 3119 556 3178 illa
575 3117 700 3179 enimin
715 3125 855 3194 apertum
873 3134 928 3195 per
941 3125 1031 3180 notas
1046 3132 1118 3179 exe-

144 3210 213 3264 unt=
242 3201 342 3280 qualis
357 3202 488 3277 quisque
502 3202 557 3275 sit,
577 3202 674 3276 scies,
690 3201 718 3262 si
733 3202 990 3278 quemadmodum
1006 3201 1120 3276 laudet,

103 3287 400 3362 tequemadmodum
421 3285 575 3360 laudetur,
597 3286 789 3360 adspexerts.
823 3287 900 3346 Hinc
926 3292 1018 3362 atque
1037 3282 1120 3347 illiue

146 3369 333 3447 philosopho
354 3386 464 3431 manus
485 3369 606 3431 auditor
622 3369 749 3430 intentat
762 3377 793 3430 et
802 3386 898 3445 super
911 3368 1015 3446 ipsum
1028 3373 1121 3445 caput

146 3452 317 3515 mirantium
337 3455 427 3516 turba
440 3453 594 3515 consistit=
615 3469 677 3513 non
692 3454 832 3515 laudatur
845 3453 898 3514 1110
912 3468 1009 3528 nnnc,
1032 3450 1120 3515 siin·
