2468 3930
179 259 243 323 242
473 260 506 318 L.
529 259 677 319 ANNAEI
700 257 875 319 SENECAE

181 414 296 475 sedem.
337 426 398 471 non
413 410 557 483 nascitur,
579 409 632 470 ubi
647 410 732 483 ebur,
758 410 882 471 necubi
896 411 1023 470 serrum:
1041 411 1110 487 quis
1125 414 1164 475 sit

179 496 288 558 summi
303 496 375 556 boui
389 496 478 555 locus
494 495 638 569 quaerisr
669 493 798 553 animus.
839 493 903 568 hio,
926 494 984 554 nisi
1009 510 1106 568 purus
1128 513 1166 559 ao
1215 569 1219 575 .

179 588 303 641 sanctus
319 586 374 652 est,
391 579 482 638 deum
497 594 558 637 nou
575 577 666 650 capit.
1001 620 1004 626 Α

132 673 169 722 22
239 665 425 738 „Bonum
453 677 502 720 ex
529 662 640 720 malo
672 677 746 721 non
775 659 834 720 lit=
865 660 1028 722 divitiae
1055 664 1164 725 liunt.

178 748 277 810 liunt
296 753 421 807 autem
436 760 482 805 ex
497 745 680 804 avaritia:
697 744 864 805 divitiae
879 761 969 820 ergo
986 762 1058 805 uon
1075 757 1164 810 sunt

178 830 348 892 honum.“

240 915 327 987 „Non
343 920 404 985 εει,
426 912 539 987 inquit,
561 927 667 971 verum
682 911 812 983 bonum,
833 928 873 972 ex
893 913 973 973 malo
989 929 1051 974 non
1066 914 1162 976 nasci.

177 1012 217 1057 ex
233 995 394 1078 sacrilegio
412 993 536 1055 enimet
557 998 637 1055 lurlo
654 998 786 1069 pecunia
800 995 945 1056 nascitur.
982 997 1084 1073 itaque
1098 1015 1161 1058 ma·

179 1085 240 1142 lum
253 1081 376 1156 quidem
397 1087 445 1140 εει
466 1076 659 1153 sacrilegium
685 1086 715 1139 ει
739 1080 867 1154 lurtum,
895 1080 951 1140 sed
976 1079 1063 1154 ideo,
1090 1082 1160 1157 quio

178 1171 264 1240 plura
279 1164 358 1223 mala
373 1162 446 1222 lacit
460 1178 552 1237 quam
567 1161 659 1223 bonu.
692 1162 744 1221 dut
765 1162 844 1222 enim
866 1165 998 1237 lucrum,
1020 1165 1076 1226 sed
1094 1182 1161 1225 cum

134 1254 265 1322 tamem,
281 1246 494 1319 sollicitudine,
509 1245 667 1306 tormentis
683 1254 714 1305 et
728 1246 819 1305 animi
835 1255 865 1308 et
879 1248 1051 1322 corporis.“
1074 1249 1160 1323 Quis·

177 1333 245 1408 quis
260 1332 319 1392 hoc
335 1331 407 1389 dicit
424 1345 555 1389 necesse
570 1337 618 1390 est
631 1330 759 1404 recipiat
774 1330 980 1404 sacrilegium,
1003 1332 1084 1392 sicut
1098 1349 1160 1391 ma·

176 1419 236 1476 lum
253 1416 307 1485 sit,
325 1413 397 1488 quia
411 1415 504 1473 multa
521 1412 601 1472 malo
615 1414 699 1487 lacit,
721 1413 762 1472 ite
777 1410 891 1474 bonum
907 1429 1030 1488 quoque
1049 1429 1089 1472 ex
1107 1416 1158 1473 ali-

176 1515 237 1574 qua
264 1505 350 1573 parte
374 1512 459 1569 esse,
486 1497 558 1572 quie
580 1496 696 1572 aliquid
717 1494 788 1556 boni
808 1495 894 1556 facita
920 1512 980 1572 quo
1003 1495 1078 1572 quid
1093 1497 1159 1556 lieri

176 1581 383 1658 portentosius
416 1587 540 1656 potest?
588 1595 773 1656 quamquam
805 1581 1011 1656 sacrilegium,
1037 1583 1159 1654 lurtum,

176 1664 357 1727 adulterium
372 1664 450 1725 inter
463 1665 545 1725 bona
560 1662 666 1723 haberi
681 1679 811 1738 prorsus
827 1664 1047 1740 persuasimus.
1069 1681 1160 1740 quam

175 1749 260 1810 multi
274 1751 354 1810 furto
372 1766 432 1809 non
449 1749 642 1822 erubeseunt,
661 1763 750 1824 quam
765 1747 850 1807 multi
865 1746 1014 1809 adulterio
1029 1749 1159 1822 glorian-

177 1841 243 1894 tur‘l
286 1850 355 1894 nem
371 1830 533 1906 sacrilegia
549 1833 664 1891 minuta
678 1831 859 1906 puniuntur,
886 1848 997 1906 magna
1011 1832 1041 1891 in
1056 1833 1158 1892 trium·

133 1935 166 1988 24
175 1918 244 1994 phis
260 1920 406 1996 lerunlur.
446 1916 542 1976 Adice
558 1931 653 1989 nunc,
670 1915 754 1991 quod
770 1913 978 1991 sacrilegium,
994 1916 1022 1974 si
1037 1916 1157 1975 omnino

176 2003 332 2077 exaliqua
348 2009 433 2077 parte
449 2000 562 2060 bonum
575 2006 636 2074 est,
658 1998 755 2060 etiam
768 1999 930 2061 honestum
952 2000 1008 2060 erit
1028 2007 1058 2060 et
1077 2009 1159 2061 recte

176 2088 288 2145 lactum
312 2085 480 2146 vocabitur.
520 2092 626 2144 nostra
646 2084 725 2144 enim
746 2085 824 2144 actio
847 2091 904 2143 εει.
944 2085 1026 2159 quod
1048 2083 1158 2144 nullius

174 2170 345 2229 mortalium
361 2168 502 2243 cogitatio
517 2168 634 2242 recipit.
664 2183 739 2242 ergo
753 2169 835 2229 bona
850 2166 938 2228 nasei
951 2184 990 2227 ex
1002 2168 1082 2226 malo
1097 2183 1159 2227 non

175 2260 315 2329 possunt.
348 2270 417 2313 nam
435 2253 476 2323 si,
493 2258 525 2311 ul
539 2251 632 2327 dicis,
648 2250 687 2311 ob
703 2251 763 2312 hoc
779 2267 872 2312 unum
889 2252 1082 2326 sacrilegium
1097 2267 1158 2310 ma·

173 2340 235 2400 lum
249 2343 305 2413 est,
322 2339 394 2414 quia
411 2337 535 2398 multum
551 2336 622 2395 mali
637 2335 745 2411 adfert,
769 2336 796 2396 si
817 2336 971 2396 remiseris
985 2335 1027 2395 illl
1042 2335 1159 2410 suppli-

174 2423 235 2495 cia,
252 2421 280 2482 si
294 2420 489 2483 securitatem
505 2420 727 2495 spoponderis,
751 2435 790 2478 ex
806 2427 869 2481 tolo
885 2420 998 2480 bonum
1014 2419 1079 2480 erit.
1116 2425 1159 2479 at-

130 2507 225 2582 aequi
248 2505 412 2566 maximum
432 2505 583 2565 scelerum
600 2503 783 2579 supplicium
805 2505 835 2563 iu
859 2503 936 2578 ipsis
957 2508 1013 2564 est.
1055 2503 1158 2574 Erras,

174 2591 312 2665 iuquam,
338 2589 365 2648 si
390 2590 441 2648 illa
462 2589 502 2649 ad
519 2586 692 2648 carnificem
719 2587 834 2647 autad
860 2602 1014 2647 carcerem
1035 2586 1158 2647 differs:

174 2673 273 2732 statim
287 2672 464 2747 puniuntur,
485 2688 553 2732 cum
569 2673 649 2732 laeta
665 2678 748 2744 sum,
771 2670 861 2730 immo
878 2670 949 2729 dum
964 2671 1049 2731 fiunt.
1091 2670 1158 2730 Non

174 2756 308 2816 nascitur
321 2755 424 2830 itaque
440 2770 478 2815 cx
493 2757 573 2816 malo
589 2755 712 2825 bonum,
731 2769 791 2814 non
807 2753 905 2829 magis
922 2771 1014 2829 quam
1029 2754 1107 2814 ficus
1120 2769 1159 2812 ex
1209 2802 1210 2807 ,

174 2841 251 2899 olea.
286 2839 325 2898 ad
351 2854 455 2898 semen
478 2845 549 2899 natu
567 2837 771 2913 respondent:
791 2838 873 2897 bona
895 2839 1082 2913 degenerare
1096 2852 1159 2896 non

176 2930 316 2999 possum.
351 2922 612 2996 Quemadmodum
635 2938 673 2981 ex
695 2922 775 2996 turpi
797 2921 959 2982 honestum
976 2938 1037 2981 non
1059 2921 1158 2979 nasci-

173 3016 227 3082 tur,
245 3007 285 3067 ita
300 3023 338 3066 ne
360 3023 399 3066 ex
414 3009 494 3067 molo
514 3006 638 3081 quidem
656 3004 780 3066 bonum.
813 3023 881 3066 nam
901 3007 981 3065 idem
1002 3010 1049 3064 est
1062 3003 1156 3064 hone-

129 3101 251 3159 rostum
266 3099 296 3152 et
309 3092 434 3152 bonum.
477 3090 605 3165 Quidam
623 3105 662 3149 ex
677 3089 791 3150 nostris
806 3091 957 3150 adversus
974 3088 1033 3148 hoc
1050 3088 1095 3146 sic
1110 3101 1158 3145 re-

172 3177 342 3252 spondent:
372 3181 535 3250 „putemus
550 3173 711 3248 pecuniam
725 3172 841 3234 bonum
856 3190 928 3235 esse
944 3173 1158 3245 undecumque

172 3268 341 3336 sumptam:
370 3276 432 3320 non
461 3266 561 3320 tamen
588 3258 657 3319 idco
687 3274 726 3318 ex
751 3259 912 3334 sacrilegio
943 3255 1073 3332 pecunia
1101 3261 1157 3324 est,

172 3341 292 3404 etiamsi
307 3359 346 3403 ex
361 3341 522 3417 sacrilegio
538 3343 675 3403 sumitur.
717 3343 785 3402 Hoc
807 3341 852 3402 sic
871 3341 1027 3416 intellege:
1056 3339 1087 3398 in
1108 3354 1158 3399 eo·

171 3428 240 3488 dem
264 3443 340 3486 urna
361 3434 390 3486 et
411 3442 517 3487 aurum
547 3433 595 3487 est
624 3432 654 3486 ει
677 3426 792 3501 vipera.
830 3427 857 3486 si
884 3442 991 3487 aurum
1016 3440 1056 3484 ex
1082 3438 1160 3484 urna

170 3509 342 3584 sustuleris,
360 3510 431 3584 quia
446 3509 507 3570 illic
522 3517 553 3570 et
565 3510 673 3586 vipera
687 3515 743 3580 εει,
765 3526 828 3571 non
845 3510 925 3584 idco,
940 3509 1072 3586 inquam,
1087 3506 1158 3567 mihi
