2468 3930
141 260 230 325 340-
432 257 635 319 enititum
658 255 835 316 SENECAE

142 415 227 493 quod
241 413 313 473 nihil
334 410 393 472 sibi
413 409 673 485 peregrinationes
695 408 899 485 profuissent,
919 411 1122 486 respondisse

142 502 257 561 lerunt:
279 495 365 571 „Non
380 493 519 554 inmerito
534 494 595 555 hoa
609 492 663 553 tibi
684 493 800 553 evenit:
820 499 920 553 tecum
938 494 1019 554 enim
1036 511 1121 571 pere

111 579 342 658 agrinabaris.“
386 575 409 636 0
427 577 613 652 quambene
628 593 697 637 oum
718 576 902 653 quibusdam
916 585 1076 653 ageretur,
1097 578 1123 640 si

141 681 209 726 ase
230 662 419 723 aberrarent!
446 676 526 720 nunu
544 663 675 737 primum
697 676 733 720 se
752 660 840 736 ipsos
855 660 1036 739 sollicitant,
1058 679 1122 724 oor·

140 753 301 824 rumpunt,
321 745 476 806 territant?
503 745 579 820 quid
597 746 727 822 prodest
740 760 824 804 mare
840 745 971 805 traicere
986 753 1017 807 et
1031 746 1122 808 urbes

140 838 278 894 mutaret
306 829 339 890 si
363 829 423 889 vis
448 827 540 902 ista,
566 829 708 904 quibus
731 829 903 903 urgeris,
929 829 1121 906 elingere,

141 912 822 987 nonaliubisisoportet‚sedalius.
865 912 1122 976 Putavenissete

141 999 288 1071 Athenas,
302 1003 377 1073 puta
390 995 533 1056 Rhodon.
557 997 635 1070 elige
650 996 775 1057 arbitrio
790 1003 843 1057 tuo
859 995 1029 1058 civitatem:
1052 998 1122 1075 quid

142 1085 181 1144 ad
205 1099 268 1144 rem
292 1081 436 1156 pertinet,
463 1096 541 1155 quos
561 1081 612 1140 illa
631 1095 734 1141 mores
750 1078 883 1140 habeat?
904 1087 975 1141 tuos
990 1082 1122 1142 adieras.

112 1167 269 1229 9Divitias
285 1163 435 1225 iudicabis
451 1165 579 1226 bonum:
603 1164 754 1239 torquebit
766 1169 796 1223 te
807 1171 974 1238 paupertas
986 1173 1025 1240 et,
1041 1166 1123 1242 quod

142 1259 190 1313 est
203 1249 420 1320 miserrimum,
443 1249 530 1308 laisa.
557 1248 697 1322 quamvis
712 1245 793 1307 enim
807 1248 932 1308 multum
949 1250 1122 1324 possideas,

141 1341 257 1409 tamen,
279 1333 350 1410 quia
370 1329 481 1406 aliquis
502 1332 571 1408 plus
592 1332 698 1404 habet,
719 1336 803 1392 tanto
818 1330 871 1391 tibi
893 1331 1009 1394 videris
1026 1333 1122 1407 defici,

143 1416 411 1495 quantovinoeris.
439 1415 580 1476 Honores
593 1415 852 1477 ludicasbonum
871 1417 950 1475 male
961 1422 992 1475 te
1001 1415 1123 1478 habebit

142 1504 192 1564 ille
206 1501 315 1564 oonsul
330 1501 443 1574 iaetus,
465 1500 515 1560 ille
532 1500 622 1562 etiarn
635 1500 778 1559 relectus.
799 1499 967 1572 invidebis,
983 1502 1122 1574 quotiens

142 1587 275 1662 aliquem
297 1585 327 1646 in
349 1584 436 1644 lastis
457 1585 582 1659 saepius
602 1583 724 1658 legeris.
751 1589 853 1644 tantus
874 1581 930 1643 erit
950 1583 1122 1647 ambitionis

142 1670 235 1745 furor,
251 1677 284 1729 ιιι
298 1684 387 1728 nemo
402 1667 455 1726 tibi
472 1675 543 1742 post
556 1675 586 1728 te
599 1667 747 1741 videatur,
763 1666 790 1727 si
804 1668 914 1743 aliquis
929 1674 1000 1728 aute
1015 1675 1046 1729 te
1060 1669 1122 1730 lue·

102 1751 188 1814 lorit.
232 1752 395 1812 Maximum
411 1753 522 1810 malum
538 1750 689 1811 iudicabis
704 1758 841 1824 mortem,
858 1766 927 1811 curn
942 1751 972 1810 in
985 1751 1037 1813 illu
1051 1753 1122 1814 nihil

143 1839 182 1897 sit
196 1836 276 1910 mali,
292 1833 351 1894 nisi
367 1835 450 1908 quod
465 1840 534 1894 ante
551 1834 651 1911 ipsam
666 1841 728 1906 est,
749 1835 857 1895 timeri.
885 1837 1082 1898 exterrebant
1095 1844 1123 1898 te

143 1936 205 1981 non
219 1926 335 1980 tuntum
350 1918 499 1993 pericula,
521 1919 577 1979 sed
592 1918 797 1993 suspiciones.
818 1921 906 1979 vanis
923 1934 1046 1994 semper
1060 1921 1123 1994 agl-

142 2004 265 2065 taberis.
289 2001 362 2080 quid
377 2002 455 2062 enim
472 2002 608 2077 proderit

370 2117 372 2120 >
431 2091 558 2148 mouisse
570 2092 612 2148 tot
624 2089 712 2148 urbes

228 2172 384 2248 Arpolious
396 2173 562 2247 audiasque
572 2172 683 2247 sapum
696 2173 822 2232 mouisse
829 2189 891 2247 per
903 2167 1021 2234 hostes?

142 2258 212 2333 ipsa
226 2273 288 2333 pax
303 2257 427 2318 timores
443 2255 693 2316 subministrabit.
715 2271 755 2314 ne
769 2255 841 2316 tutis
860 2253 985 2330 quidem
998 2253 1121 2315 habebi·

142 2349 191 2402 tur
204 2339 283 2402 fides
299 2347 493 2401 consternata
512 2341 607 2399 semel
628 2346 736 2399 mente.
766 2355 845 2414 quae
859 2338 911 2400 ubi
927 2338 1122 2401 consuetudi·

143 2443 212 2486 nem
226 2426 353 2501 pavoris
367 2422 520 2500 inprovidi
535 2425 614 2498 iecit,
630 2422 772 2484 etiamad
787 2425 909 2483 tutelam
925 2424 1033 2484 salutis
1049 2439 1122 2483 suae

111 2506 114 2513 ’
142 2509 283 2569 inhabilis
299 2517 356 2569 est.
376 2525 437 2569 non
453 2508 532 2566 enim
548 2507 636 2580 vitat,
658 2507 715 2567 sed
729 2507 819 2581 sugit:
841 2507 938 2581 magis
954 2514 1055 2568 autem
1070 2521 1122 2582 pe-

102 2595 130 2647 ll
143 2593 245 2652 riculis
272 2599 411 2666 patemus
433 2591 543 2651 aversi.
589 2590 807 2651 Gravissimum
829 2589 979 2652 iudicabis
1001 2593 1121 2660 malum,

144 2674 277 2749 aliquem
292 2690 331 2734 ex
345 2674 408 2750 bis,
434 2690 513 2747 quos
528 2672 660 2749 amabis,
681 2675 832 2748 amittere,
847 2689 916 2734 cum
929 2674 1050 2735 interim
1064 2674 1122 2734 boo

143 2765 203 2818 tam
219 2757 355 2832 ineptum
371 2758 427 2817 erit
443 2773 533 2832 quam
548 2755 640 2832 llere,
663 2756 747 2833 quod
761 2756 922 2818 arboribus
939 2758 1079 2819 amoenis
1094 2763 1123 2817 et

143 2841 268 2901 domum
283 2848 362 2900 luam
381 2840 558 2901 ornantibus
575 2841 717 2902 decidant
732 2842 813 2904 lolia.
838 2841 985 2917 quiequid
999 2847 1029 2901 le
1042 2843 1122 2902 dele·

143 2930 211 2998 alat,
221 2940 320 3000 aeque
331 2924 403 2984 vide
414 2933 445 2985 ut
457 2928 566 3001 [flores]
576 2926 707 2987 virides:
720 2926 793 2986 dum
803 2927 909 3000 virent,
921 2931 1019 2987 uterer
1033 2922 1122 2985 alium

144 3009 202 3069 alio
220 3009 269 3068 die
283 3025 375 3070 casus
390 3009 531 3070 excutiet.
560 3010 616 3070 sed
638 3010 895 3085 quemadmodum
911 3008 1066 3070 frondium
1081 3008 1122 3068 ia·

144 3101 228 3154 utura
242 3092 339 3154 laoilis
355 3100 411 3167 est,
429 3094 499 3170 quia
510 3100 720 3168 renaseuntur,
737 3093 928 3166 sicistorum,
946 3109 1026 3168 quos
1038 3106 1122 3151 amas
1167 3122 1171 3128 ·

97 3197 102 3206 ·
144 3194 287 3254 quosque
308 3178 530 3238 oblectamenta
549 3179 630 3238 vitae
650 3185 740 3253 putas
759 3193 831 3239 esse
847 3178 1031 3251 [damnum],
1053 3175 1124 3251 quia

103 3267 337 3338 mreparamur,
365 3262 483 3324 etiamsi
508 3279 569 3323 non
592 3269 803 3323 renaseuntur.
847 3260 931 3335 „Sed
952 3277 1014 3322 non
1037 3264 1125 3320 erunt

144 3347 266 3406 iidem.“
294 3347 339 3406 Ne
351 3353 384 3407 ιιι
399 3344 522 3421 quidem
537 3346 617 3407 idem
633 3347 704 3411 eris.
726 3343 824 3408 omnis
837 3345 913 3419 dies,
930 3344 1031 3405 omnis
1045 3343 1123 3404 hora

144 3438 174 3489 te
198 3437 306 3491 mutat:
335 3430 392 3490 sed
412 3431 442 3489 in
461 3430 528 3490 aliis
545 3431 653 3505 rapina
674 3430 795 3491 lucilius
814 3430 956 3504 adparet,
979 3427 1030 3489 hio
1043 3430 1123 3500 latet,

145 3512 217 3576 auia
232 3529 293 3573 non
309 3528 347 3573 ex
362 3519 468 3588 aperto
483 3513 526 3574 fit.
549 3513 599 3573 alii
613 3513 806 3575 aulernntur=
821 3520 851 3573 at
864 3512 926 3588 ipsi
941 3510 1032 3574 nobis
1044 3513 1123 3573 mna
