2468 3930
154 216 218 281 250
450 220 483 278 L.
505 218 652 279 ΑΝΝΑΕΙ
676 217 851 279 SENECAE

152 374 226 432 les:
252 373 439 446 volgares
456 371 615 446 opificum,
633 387 712 446 quae
727 386 816 429 manu
836 377 977 431 constant
992 379 1022 432 et
1038 372 1077 431 ad
1092 369 1137 430 in·

151 455 328 517 struendam
347 454 438 514 vitam
460 462 629 530 occupatae
650 463 735 526 sunt,
759 455 789 512 in
812 453 924 529 quibus
945 455 1028 515 nulla
1044 456 1137 514 deco-

108 539 200 614 niris,
216 539 298 599 nulla
312 537 433 598 honesti
448 539 599 598 simulatio
617 546 673 598 est.
707 537 884 598 ludicrae
899 547 979 614 sunt,
996 554 1074 613 quae
1096 539 1136 598 ad

152 625 338 697 voluptatem
360 624 517 682 oculorum
538 631 629 696 atque
651 622 768 682 aurium
789 622 926 682 tendunt.
969 622 1017 682 his
1040 623 1137 682 adnu-

150 721 249 766 meres
271 704 341 764 licet
363 705 603 779 machinatum,
630 707 682 780 qui
698 713 839 780 pegmata
854 722 911 780 per
924 722 967 773 se,
979 705 1136 780 surgentia

150 789 325 864 excogitant
340 795 369 848 et
383 789 517 849 tabulata
531 791 622 849 tacite
634 791 664 848 in
681 789 810 849 sublime
826 790 996 850 crescentia
1010 796 1041 849 et
1058 790 1134 849 alias

149 889 189 933 ex
203 871 360 947 inopinato
377 873 538 933 varietates
553 880 605 933 aut
626 872 870 946 dehiscentibus,
894 890 974 948 quae
990 872 1135 932 cohaere-

151 958 230 1030 bant,
258 962 309 1016 aut
323 955 380 1030 his,
408 972 487 1031 quae
503 957 664 1031 distabant,
691 973 748 1017 sua
763 964 874 1031 sponte
889 957 1067 1018 coeuntibus
1084 964 1136 1016 aut

147 1040 205 1115 his,
224 1055 302 1115 quae
317 1037 498 1116 eminebant,
515 1041 659 1116 paulatim
674 1041 705 1100 in
720 1057 754 1100 se
770 1041 984 1102 residentibus.
1026 1041 1074 1099 his
1090 1041 1134 1098 in-

150 1125 315 1199 peritorum
337 1122 485 1184 feriuntur
506 1124 586 1184 oculi
602 1126 703 1184 omnia
719 1124 834 1198 subita,
859 1127 930 1200 quia
945 1141 1056 1184 causas
1072 1141 1134 1183 non

106 1220 278 1282 annovere,
304 1207 483 1267 mirantium.
528 1207 704 1266 Pueriles
725 1214 797 1267 sunt
812 1217 841 1267 et
855 1209 970 1283 aliquid
985 1208 1134 1268 habentes

149 1291 324 1352 liberalibus
339 1291 437 1350 simile
452 1288 509 1348 hae
525 1297 622 1364 antea,
639 1307 716 1364 quas
736 1286 930 1368 ἐγκυκλίους
945 1292 1051 1358 Graeci
1068 1298 1135 1363 [vo-

147 1383 226 1437 cent.
262 1376 396 1448 Denique
409 1389 485 1448 ques
499 1376 592 1449 paulu
606 1380 674 1434 ante
688 1374 769 1447 dixi,
790 1368 1005 1455 ἐλευθερίους
1020 1377 1134 1448 adpel-

147 1464 215 1521 lant
230 1460 365 1530 Graecis]
388 1457 484 1516 nostri
502 1457 558 1516 has
574 1457 760 1516 liberales
777 1464 898 1517 vocant.
931 1457 1017 1516 solae
1032 1466 1132 1516 autem

149 1542 335 1602 liberales
351 1547 435 1615 sunl,
458 1541 566 1614 immo,
582 1548 614 1600 ut
629 1541 728 1600 dicam
743 1541 861 1613 verius,
882 1539 1045 1612 liberae,
1066 1542 1133 1614 qui-

104 1626 204 1687 24bus
223 1639 315 1684 curae
330 1622 428 1683 virtus
444 1630 500 1683 est.
539 1624 829 1699 „Quemadmodum
848 1623 953 1699 inquil,
969 1632 1016 1682 est
1030 1625 1135 1699 aliqua

148 1724 219 1784 pars
238 1707 454 1783 philosophiae
470 1709 626 1782 naturalis,
643 1716 690 1769 est
703 1709 806 1783 aliqua
820 1709 953 1779 moralis,
972 1714 1020 1766 est
1031 1709 1134 1782 aliqua

145 1791 312 1864 rationalis,
334 1789 424 1852 sicet
444 1790 521 1852 haec
538 1809 663 1866 quoque
678 1793 846 1852 liberalium
863 1793 971 1852 artium
986 1790 1075 1850 turba
1090 1792 1133 1850 lo-

147 1892 215 1936 cum
232 1874 289 1935 sibi
305 1873 336 1933 in
351 1873 547 1949 philosophia
564 1876 705 1936 vindicat.
746 1891 814 1935 eum
828 1883 953 1936 ventum
966 1881 1014 1934 est
1027 1874 1066 1933 ad
1081 1891 1132 1934 na-

32 2030 41 2040 *
145 1960 260 2020 turales
277 1959 491 2033 quaestiones,
517 1959 701 2033 geometriae
717 1959 892 2021 testimonio
909 1964 1020 2019 statur:
1049 1974 1131 2032 ergo,

104 2044 219 2118 mquid
245 2042 384 2117 adiuvat,
411 2058 484 2117 pars
498 2047 587 2103 .est.“
631 2042 726 2103 Multa
746 2043 892 2104 adiuvant
909 2059 967 2103 nos
989 2057 1046 2101 nec
1062 2043 1131 2101 ideo

146 2134 248 2203 partes
264 2133 387 2210 nostrae
402 2134 482 2186 sunt.
520 2126 611 2186 immo
629 2127 655 2186 si
670 2134 771 2203 partes
787 2134 908 2201 essent,
929 2143 989 2186 non
1007 2124 1131 2185 adiuva·

146 2217 228 2272 rent:
253 2211 340 2272 cibus
356 2209 539 2272 adiuto·;ium
555 2211 694 2285 corporis
710 2218 772 2285 est,
794 2217 971 2271 nontamen
988 2225 1060 2284 pars
1076 2216 1131 2268 est.

145 2294 272 2371 Aliquid
286 2295 377 2355 nobis
394 2303 530 2372 praestat
544 2294 728 2370 geometriae
743 2295 956 2356 ministerium:
976 2293 1021 2354 sic
1036 2293 1131 2367 philo-

147 2378 276 2456 sophiae
293 2380 470 2441 necessaria
484 2386 540 2454 est,
556 2379 712 2453 quomodo
729 2378 790 2453 ipsi
805 2379 899 2438 taber.
938 2378 993 2436 sed
1010 2393 1066 2436 nec
1083 2376 1131 2435 hic

102 2465 330 2539 aageomeuiae
361 2480 434 2539 pars
457 2470 505 2524 est
534 2479 591 2522 nec
620 2464 670 2522 illa
696 2462 919 2537 philosophiae.
972 2460 1132 2520 Praeterea

145 2556 276 2625 utraque
298 2548 375 2607 lines
398 2563 473 2607 suos
494 2546 600 2607 habet:
630 2547 754 2621 sapiens
777 2562 888 2606 causas
904 2545 1085 2604 naturalium
1103 2550 1132 2603 et

147 2633 315 2705 quaeritet
336 2631 433 2704 novit,
464 2646 592 2705 quorum
613 2645 757 2690 numeros
773 2644 996 2704 mensurasque
1010 2644 1131 2703 geome-

147 2722 207 2773 tres
222 2714 417 2789 persequitur
431 2721 460 2772 ct
477 2713 629 2787 subputat.
670 2729 730 2788 qua
745 2714 862 2773 ratione
877 2718 1018 2774 constent
1032 2712 1130 2771 coele-

146 2797 218 2870 stia,
235 2812 315 2871 quae
330 2797 388 2855 illis
404 2796 443 2855 sit
458 2797 504 2855 vis
519 2812 638 2871 quaere
653 2804 775 2872 natura,
793 2799 918 2872 sapiens
933 2797 1005 2856 scit:
1021 2811 1130 2856 cursus

146 2888 176 2940 et
189 2895 334 2940 recursus
352 2886 382 2939 et
397 2881 545 2954 quasdam
561 2881 809 2954 observationes,
839 2897 895 2956 per
910 2896 987 2956 quas
1003 2880 1130 2939 descen·

146 2965 221 3024 dunt
235 2971 264 3024 et
284 2965 463 3023 adlevantur
484 2979 519 3023 ac
543 2966 680 3039 speciem
701 2965 857 3026 interdum
877 2964 1017 3025 stantium
1043 2977 1129 3036 prae·

145 3049 226 3124 bant,
243 3064 311 3108 cum
327 3048 513 3109 coelestibus
528 3056 608 3108 stare
624 3065 684 3108 non
698 3047 798 3122 liceat,
816 3050 930 3124 colligit
943 3043 1128 3107 mathemati·

102 3144 210 3204 aucus.
253 3147 332 3208 quae
349 3148 443 3192 causa
458 3133 487 3191 in
504 3134 630 3207 speculo
646 3133 794 3207 imagines
811 3133 973 3208 exprimat,
991 3131 1067 3190 sciet
1081 3145 1129 3189 sa-

147 3218 251 3292 piens:
267 3217 341 3276 illud
359 3217 411 3277 tibi
426 3223 597 3292 geometres
614 3223 718 3290 potest
732 3216 845 3290 dicere,
860 3223 1005 3292 quantum
1020 3214 1131 3274 abesse

146 3301 257 3362 debeat
272 3316 385 3377 corpus
401 3300 439 3360 ab
455 3301 585 3374 imagine
600 3307 630 3360 et
645 3301 743 3375 qualis
766 3301 863 3360 torma
883 3301 1001 3376 speculi
1025 3299 1130 3375 quales

145 3385 291 3459 imagines
312 3386 430 3445 reddat.
474 3400 617 3459 magnum
638 3399 709 3443 esse
729 3385 826 3445 solem
842 3383 1045 3460 philosophus
1063 3399 1131 3458 pro·

144 3467 242 3527 babit=
270 3476 400 3544 quantus
427 3468 481 3541 sit,
508 3467 753 3542 mathematicuS,
780 3469 832 3543 qui
856 3484 917 3529 usu
943 3468 1077 3543 quodam
1104 3473 1133 3525 et
