<?xml version="1.0" encoding="UTF-8"?>
<!DOCTYPE html PUBLIC "-//W3C//DTD XHTML 1.0 Transitional//EN"
    "http://www.w3.org/TR/xhtml1/DTD/xhtml1-transitional.dtd">
<html xmlns="http://www.w3.org/1999/xhtml" xml:lang="en" lang="en">
 <head>
  <title>
</title>
<meta http-equiv="Content-Type" content="text/html;charset=utf-8" />
  <meta name='ocr-system' content='tesseract 3.04.00' />
  <meta name='ocr-capabilities' content='ocr_page ocr_carea ocr_par ocr_line ocrx_word'/>
</head>
<body>
  <div class='ocr_page' id='page_1' title='image "./lannaeisenecaeo00haasgoog_0086.png"; bbox 0 0 2468 3930; ppageno 0'>
   <div class='ocr_carea' id='block_1_1' title="bbox 226 264 1085 342">
    <p class='ocr_par' dir='ltr' id='par_1_1' title="bbox 226 264 1085 342">
     <span class='ocr_line' id='line_1_1' title="bbox 226 264 1085 342; baseline 0.007 -16"><span class='ocrx_word' id='word_1_1' title='bbox 226 264 397 327; x_wconf 79' lang='lat' dir='ltr'><strong>sussen.</strong></span> <span class='ocrx_word' id='word_1_2' title='bbox 411 265 505 326; x_wconf 85' lang='lat' dir='ltr'><strong>moa.</strong></span> <span class='ocrx_word' id='word_1_3' title='bbox 527 266 662 328; x_wconf 74' lang='lat' dir='ltr'><strong>emm.</strong></span> <span class='ocrx_word' id='word_1_4' title='bbox 683 266 963 342; x_wconf 71' lang='lat' dir='ltr'><strong>cananaea.)</strong></span> <span class='ocrx_word' id='word_1_5' title='bbox 1044 265 1085 332; x_wconf 74' lang='lat' dir='ltr'><strong>aa</strong></span> 
     </span>
    </p>
   </div>
   <div class='ocr_carea' id='block_1_2' title="bbox 103 418 1125 917">
    <p class='ocr_par' dir='ltr' id='par_1_2' title="bbox 103 418 1125 917">
     <span class='ocr_line' id='line_1_2' title="bbox 107 418 1084 498; baseline -0.003 -16"><span class='ocrx_word' id='word_1_6' title='bbox 107 420 183 483; x_wconf 86' lang='lat' dir='ltr'><strong>satis</strong></span> <span class='ocrx_word' id='word_1_7' title='bbox 201 419 384 480; x_wconf 85' lang='lat' dir='ltr'><strong>vixerimus=</strong></span> <span class='ocrx_word' id='word_1_8' title='bbox 407 434 497 479; x_wconf 87' lang='lat' dir='ltr'><strong>nemo</strong></span> <span class='ocrx_word' id='word_1_9' title='bbox 514 419 573 479; x_wconf 91' lang='lat' dir='ltr'><strong>hoc</strong></span> <span class='ocrx_word' id='word_1_10' title='bbox 587 426 687 498; x_wconf 88' lang='lat' dir='ltr'><strong>putat,</strong></span> <span class='ocrx_word' id='word_1_11' title='bbox 708 418 759 494; x_wconf 92' lang='lat' dir='ltr'><strong>qui</strong></span> <span class='ocrx_word' id='word_1_12' title='bbox 776 418 890 480; x_wconf 91' lang='lat' dir='ltr'><strong>orditur</strong></span> <span class='ocrx_word' id='word_1_13' title='bbox 904 435 972 481; x_wconf 90' lang='lat' dir='ltr'><strong>cum</strong></span> <span class='ocrx_word' id='word_1_14' title='bbox 990 421 1084 480; x_wconf 88' lang='lat' dir='ltr'><strong>maxi-</strong></span> 
     </span>
     <span class='ocr_line' id='line_1_3' title="bbox 104 501 1125 583; baseline 0.002 -19"><span class='ocrx_word' id='word_1_15' title='bbox 104 521 153 564; x_wconf 93' lang='lat' dir='ltr'><strong>me</strong></span> <span class='ocrx_word' id='word_1_16' title='bbox 179 501 281 564; x_wconf 88' lang='lat' dir='ltr'><strong>vitam.</strong></span> <span class='ocrx_word' id='word_1_17' title='bbox 322 502 389 562; x_wconf 91' lang='lat' dir='ltr'><strong>Non</strong></span> <span class='ocrx_word' id='word_1_18' title='bbox 414 503 561 578; x_wconf 88' lang='lat' dir='ltr'><strong>estquod</strong></span> <span class='ocrx_word' id='word_1_19' title='bbox 587 503 743 562; x_wconf 76' lang='lat' dir='ltr'><strong>existimes</strong></span> <span class='ocrx_word' id='word_1_20' title='bbox 768 518 886 579; x_wconf 90' lang='lat' dir='ltr'><strong>paucos</strong></span> <span class='ocrx_word' id='word_1_21' title='bbox 912 504 1125 583; x_wconf 71' lang='lat' dir='ltr'><strong>essehosalt</strong></span> 
     </span>
     <span class='ocr_line' id='line_1_4' title="bbox 105 586 1081 665; baseline -0.001 -16"><span class='ocrx_word' id='word_1_22' title='bbox 105 586 332 665; x_wconf 85' lang='lat' dir='ltr'><strong>propemodum</strong></span> <span class='ocrx_word' id='word_1_23' title='bbox 352 600 458 645; x_wconf 91' lang='lat' dir='ltr'><strong>omnes</strong></span> <span class='ocrx_word' id='word_1_24' title='bbox 480 592 561 646; x_wconf 92' lang='lat' dir='ltr'><strong>sunt.</strong></span> <span class='ocrx_word' id='word_1_25' title='bbox 594 587 717 661; x_wconf 92' lang='lat' dir='ltr'><strong>quidam</strong></span> <span class='ocrx_word' id='word_1_26' title='bbox 739 603 812 648; x_wconf 89' lang='lat' dir='ltr'><strong>vero</strong></span> <span class='ocrx_word' id='word_1_27' title='bbox 833 594 904 648; x_wconf 92' lang='lat' dir='ltr'><strong>tunc</strong></span> <span class='ocrx_word' id='word_1_28' title='bbox 925 588 1081 665; x_wconf 75' lang='lat' dir='ltr'><strong>incipiunt</strong></span> 
     </span>
     <span class='ocr_line' id='line_1_5' title="bbox 105 668 1084 749; baseline 0 -17"><span class='ocrx_word' id='word_1_29' title='bbox 105 688 173 733; x_wconf 92' lang='lat' dir='ltr'><strong>cum</strong></span> <span class='ocrx_word' id='word_1_30' title='bbox 185 669 389 732; x_wconf 89' lang='lat' dir='ltr'><strong>desinendum</strong></span> <span class='ocrx_word' id='word_1_31' title='bbox 402 675 458 729; x_wconf 90' lang='lat' dir='ltr'><strong>est.</strong></span> <span class='ocrx_word' id='word_1_32' title='bbox 480 670 507 729; x_wconf 92' lang='lat' dir='ltr'><strong>si</strong></span> <span class='ocrx_word' id='word_1_33' title='bbox 518 668 578 729; x_wconf 88' lang='lat' dir='ltr'><strong>hoc</strong></span> <span class='ocrx_word' id='word_1_34' title='bbox 589 668 707 731; x_wconf 91' lang='lat' dir='ltr'><strong>iudicas</strong></span> <span class='ocrx_word' id='word_1_35' title='bbox 719 671 841 747; x_wconf 89' lang='lat' dir='ltr'><strong>mirum,</strong></span> <span class='ocrx_word' id='word_1_36' title='bbox 857 670 987 732; x_wconf 78' lang='lat' dir='ltr'><strong>adiciam</strong></span> <span class='ocrx_word' id='word_1_37' title='bbox 999 673 1084 749; x_wconf 92' lang='lat' dir='ltr'><strong>quod</strong></span> 
     </span>
     <span class='ocr_line' id='line_1_6' title="bbox 103 751 1082 831; baseline 0 -15"><span class='ocrx_word' id='word_1_38' title='bbox 103 756 201 831; x_wconf 80' lang='lat' dir='ltr'><strong>magis</strong></span> <span class='ocrx_word' id='word_1_39' title='bbox 216 753 392 815; x_wconf 84' lang='lat' dir='ltr'><strong>admireris=</strong></span> <span class='ocrx_word' id='word_1_40' title='bbox 416 751 540 829; x_wconf 89' lang='lat' dir='ltr'><strong>quidam</strong></span> <span class='ocrx_word' id='word_1_41' title='bbox 556 760 626 815; x_wconf 91' lang='lat' dir='ltr'><strong>ante</strong></span> <span class='ocrx_word' id='word_1_42' title='bbox 639 753 746 814; x_wconf 88' lang='lat' dir='ltr'><strong>vivere</strong></span> <span class='ocrx_word' id='word_1_43' title='bbox 761 754 918 816; x_wconf 90' lang='lat' dir='ltr'><strong>desierunt</strong></span> <span class='ocrx_word' id='word_1_44' title='bbox 932 773 1023 831; x_wconf 91' lang='lat' dir='ltr'><strong>quam</strong></span> <span class='ocrx_word' id='word_1_45' title='bbox 1037 757 1082 816; x_wconf 89' lang='lat' dir='ltr'><strong>in·</strong></span> 
     </span>
     <span class='ocr_line' id='line_1_7' title="bbox 105 837 372 917; baseline -0.015 -17"><span class='ocrx_word' id='word_1_46' title='bbox 105 840 249 917; x_wconf 80' lang='lat' dir='ltr'><strong>ciperem.</strong></span> <span class='ocrx_word' id='word_1_47' title='bbox 282 837 372 915; x_wconf 79' lang='lat' dir='ltr'><strong>Vale.</strong></span> 
     </span>
    </p>
   </div>
   <div class='ocr_carea' id='block_1_3' title="bbox 355 972 825 1122">
    <p class='ocr_par' dir='ltr' id='par_1_3' title="bbox 355 972 825 1122">
     <span class='ocr_line' id='line_1_8' title="bbox 397 972 787 1044; baseline 0.008 -15"><span class='ocrx_word' id='word_1_48' title='bbox 397 972 616 1031; x_wconf 78' lang='lat' dir='ltr'><strong>EPISTULA</strong></span> <span class='ocrx_word' id='word_1_49' title='bbox 641 975 686 1029; x_wconf 89' lang='lat'><strong>111.</strong></span> <span class='ocrx_word' id='word_1_50' title='bbox 715 975 787 1044; x_wconf 77' lang='lat' dir='ltr'><strong>(rt.)</strong></span> 
     </span>
     <span class='ocr_line' id='line_1_9' title="bbox 355 1069 825 1122; baseline -0.002 -2"><span class='ocrx_word' id='word_1_51' title='bbox 355 1069 466 1122; x_wconf 74' lang='lat' dir='ltr'><strong>suasor.</strong></span> <span class='ocrx_word' id='word_1_52' title='bbox 483 1070 596 1122; x_wconf 83' lang='lat' dir='ltr'><strong>Lucum</strong></span> <span class='ocrx_word' id='word_1_53' title='bbox 616 1081 668 1120; x_wconf 87' lang='lat' dir='ltr'><strong>suo</strong></span> <span class='ocrx_word' id='word_1_54' title='bbox 686 1079 825 1120; x_wconf 73' lang='lat' dir='ltr'><strong>sanorum.</strong></span> 
     </span>
    </p>
   </div>
   <div class='ocr_carea' id='block_1_4' title="bbox 100 1170 1111 3591">
    <p class='ocr_par' dir='ltr' id='par_1_4' title="bbox 100 1170 1111 3591">
     <span class='ocr_line' id='line_1_10' title="bbox 166 1170 1111 1246; baseline -0.001 -14"><span class='ocrx_word' id='word_1_55' title='bbox 166 1171 338 1232; x_wconf 92' lang='lat' dir='ltr'><strong>Sollicitum</strong></span> <span class='ocrx_word' id='word_1_56' title='bbox 355 1179 384 1232; x_wconf 91' lang='lat' dir='ltr'><strong>te</strong></span> <span class='ocrx_word' id='word_1_57' title='bbox 400 1186 472 1232; x_wconf 85' lang='lat' dir='ltr'><strong>esse</strong></span> <span class='ocrx_word' id='word_1_58' title='bbox 485 1170 595 1232; x_wconf 91' lang='lat' dir='ltr'><strong>scribis</strong></span> <span class='ocrx_word' id='word_1_59' title='bbox 612 1172 651 1231; x_wconf 90' lang='lat' dir='ltr'><strong>de</strong></span> <span class='ocrx_word' id='word_1_60' title='bbox 665 1170 768 1230; x_wconf 92' lang='lat' dir='ltr'><strong>iudicii</strong></span> <span class='ocrx_word' id='word_1_61' title='bbox 783 1177 908 1245; x_wconf 88' lang='lat' dir='ltr'><strong>eventu,</strong></span> <span class='ocrx_word' id='word_1_62' title='bbox 931 1172 1015 1246; x_wconf 92' lang='lat' dir='ltr'><strong>quod</strong></span> <span class='ocrx_word' id='word_1_63' title='bbox 1029 1171 1111 1232; x_wconf 90' lang='lat' dir='ltr'><strong>tibil</strong></span> 
     </span>
     <span class='ocr_line' id='line_1_11' title="bbox 102 1254 1084 1329; baseline 0.001 -15"><span class='ocrx_word' id='word_1_64' title='bbox 102 1255 188 1316; x_wconf 83' lang='lat' dir='ltr'><strong>iaror</strong></span> <span class='ocrx_word' id='word_1_65' title='bbox 209 1255 323 1315; x_wconf 88' lang='lat' dir='ltr'><strong>inimici</strong></span> <span class='ocrx_word' id='word_1_66' title='bbox 343 1255 513 1328; x_wconf 86' lang='lat' dir='ltr'><strong>denuntiat,</strong></span> <span class='ocrx_word' id='word_1_67' title='bbox 542 1261 572 1314; x_wconf 91' lang='lat' dir='ltr'><strong>et</strong></span> <span class='ocrx_word' id='word_1_68' title='bbox 595 1254 752 1315; x_wconf 88' lang='lat' dir='ltr'><strong>existimas</strong></span> <span class='ocrx_word' id='word_1_69' title='bbox 773 1269 821 1314; x_wconf 92' lang='lat' dir='ltr'><strong>me</strong></span> <span class='ocrx_word' id='word_1_70' title='bbox 844 1270 1023 1329; x_wconf 87' lang='lat' dir='ltr'><strong>suasurum,</strong></span> <span class='ocrx_word' id='word_1_71' title='bbox 1050 1262 1084 1316; x_wconf 95' lang='lat' dir='ltr'><strong>ut</strong></span> 
     </span>
     <span class='ocr_line' id='line_1_12' title="bbox 102 1335 1081 1415; baseline 0 -17"><span class='ocrx_word' id='word_1_72' title='bbox 102 1339 230 1400; x_wconf 78' lang='lat' dir='ltr'><strong>nteliora</strong></span> <span class='ocrx_word' id='word_1_73' title='bbox 249 1339 305 1400; x_wconf 92' lang='lat' dir='ltr'><strong>tibi</strong></span> <span class='ocrx_word' id='word_1_74' title='bbox 326 1339 394 1415; x_wconf 92' lang='lat' dir='ltr'><strong>ipse</strong></span> <span class='ocrx_word' id='word_1_75' title='bbox 414 1355 572 1415; x_wconf 89' lang='lat' dir='ltr'><strong>proponas</strong></span> <span class='ocrx_word' id='word_1_76' title='bbox 593 1346 623 1399; x_wconf 92' lang='lat' dir='ltr'><strong>et</strong></span> <span class='ocrx_word' id='word_1_77' title='bbox 643 1337 830 1413; x_wconf 85' lang='lat' dir='ltr'><strong>adquiescas</strong></span> <span class='ocrx_word' id='word_1_78' title='bbox 852 1335 920 1414; x_wconf 88' lang='lat' dir='ltr'><strong>spei</strong></span> <span class='ocrx_word' id='word_1_79' title='bbox 939 1339 1081 1400; x_wconf 83' lang='lat' dir='ltr'><strong>blandae.</strong></span> 
     </span>
     <span class='ocr_line' id='line_1_13' title="bbox 103 1422 1081 1501; baseline -0.001 -18"><span class='ocrx_word' id='word_1_80' title='bbox 103 1423 178 1498; x_wconf 92' lang='lat' dir='ltr'><strong>quid</strong></span> <span class='ocrx_word' id='word_1_81' title='bbox 192 1422 273 1483; x_wconf 90' lang='lat' dir='ltr'><strong>enim</strong></span> <span class='ocrx_word' id='word_1_82' title='bbox 288 1437 418 1483; x_wconf 88' lang='lat' dir='ltr'><strong>necesse</strong></span> <span class='ocrx_word' id='word_1_83' title='bbox 429 1431 481 1501; x_wconf 31' lang='lat' dir='ltr'><strong>,est</strong></span> <span class='ocrx_word' id='word_1_84' title='bbox 494 1425 573 1484; x_wconf 89' lang='lat' dir='ltr'><strong>mala</strong></span> <span class='ocrx_word' id='word_1_85' title='bbox 587 1437 748 1483; x_wconf 87' lang='lat' dir='ltr'><strong>accersere</strong></span> <span class='ocrx_word' id='word_1_86' title='bbox 762 1429 792 1482; x_wconf 92' lang='lat' dir='ltr'><strong>et</strong></span> <span class='ocrx_word' id='word_1_87' title='bbox 806 1424 881 1483; x_wconf 88' lang='lat' dir='ltr'><strong>satis</strong></span> <span class='ocrx_word' id='word_1_88' title='bbox 894 1422 953 1484; x_wconf 87' lang='lat' dir='ltr'><strong>cito</strong></span> <span class='ocrx_word' id='word_1_89' title='bbox 965 1423 1081 1498; x_wconf 90' lang='lat' dir='ltr'><strong>patien-</strong></span> 
     </span>
     <span class='ocr_line' id='line_1_14' title="bbox 103 1506 1082 1583; baseline 0 -17"><span class='ocrx_word' id='word_1_90' title='bbox 103 1506 142 1566; x_wconf 92' lang='lat' dir='ltr'><strong>da</strong></span> <span class='ocrx_word' id='word_1_91' title='bbox 161 1522 231 1567; x_wconf 90' lang='lat' dir='ltr'><strong>cum</strong></span> <span class='ocrx_word' id='word_1_92' title='bbox 251 1506 403 1578; x_wconf 88' lang='lat' dir='ltr'><strong>venerint,</strong></span> <span class='ocrx_word' id='word_1_93' title='bbox 425 1522 623 1583; x_wconf 84' lang='lat' dir='ltr'><strong>praesumere</strong></span> <span class='ocrx_word' id='word_1_94' title='bbox 637 1522 673 1567; x_wconf 85' lang='lat' dir='ltr'><strong>ac</strong></span> <span class='ocrx_word' id='word_1_95' title='bbox 689 1522 838 1582; x_wconf 90' lang='lat' dir='ltr'><strong>praesens</strong></span> <span class='ocrx_word' id='word_1_96' title='bbox 852 1513 974 1583; x_wconf 90' lang='lat' dir='ltr'><strong>tempus</strong></span> <span class='ocrx_word' id='word_1_97' title='bbox 990 1508 1082 1568; x_wconf 85' lang='lat' dir='ltr'><strong>lutari</strong></span> 
     </span>
     <span class='ocr_line' id='line_1_15' title="bbox 102 1589 1082 1668; baseline 0.002 -18"><span class='ocrx_word' id='word_1_98' title='bbox 102 1599 185 1652; x_wconf 90' lang='lat' dir='ltr'><strong>metu</strong></span> <span class='ocrx_word' id='word_1_99' title='bbox 199 1590 350 1666; x_wconf 82' lang='lat' dir='ltr'><strong>perderet</strong></span> <span class='ocrx_word' id='word_1_100' title='bbox 370 1597 418 1650; x_wconf 86' lang='lat' dir='ltr'><strong>est</strong></span> <span class='ocrx_word' id='word_1_101' title='bbox 431 1589 498 1651; x_wconf 88' lang='lat' dir='ltr'><strong>sine</strong></span> <span class='ocrx_word' id='word_1_102' title='bbox 509 1591 602 1652; x_wconf 91' lang='lat' dir='ltr'><strong>dubio</strong></span> <span class='ocrx_word' id='word_1_103' title='bbox 614 1592 751 1665; x_wconf 89' lang='lat' dir='ltr'><strong>stultum,</strong></span> <span class='ocrx_word' id='word_1_104' title='bbox 767 1597 798 1650; x_wconf 91' lang='lat' dir='ltr'><strong>et</strong></span> <span class='ocrx_word' id='word_1_105' title='bbox 809 1591 882 1667; x_wconf 85' lang='lat' dir='ltr'><strong>quia</strong></span> <span class='ocrx_word' id='word_1_106' title='bbox 893 1593 1082 1668; x_wconf 89' lang='lat' dir='ltr'><strong>quandoque</strong></span> 
     </span>
     <span class='ocr_line' id='line_1_16' title="bbox 104 1674 1081 1750; baseline 0.001 -16"><span class='ocrx_word' id='word_1_107' title='bbox 104 1675 146 1734; x_wconf 91' lang='lat' dir='ltr'><strong>sis</strong></span> <span class='ocrx_word' id='word_1_108' title='bbox 167 1674 287 1736; x_wconf 82' lang='lat' dir='ltr'><strong>iuturus</strong></span> <span class='ocrx_word' id='word_1_109' title='bbox 308 1674 416 1748; x_wconf 89' lang='lat' dir='ltr'><strong>miser,</strong></span> <span class='ocrx_word' id='word_1_110' title='bbox 438 1690 510 1737; x_wconf 89' lang='lat' dir='ltr'><strong>esse</strong></span> <span class='ocrx_word' id='word_1_111' title='bbox 530 1676 589 1735; x_wconf 90' lang='lat' dir='ltr'><strong>iam</strong></span> <span class='ocrx_word' id='word_1_112' title='bbox 604 1674 758 1735; x_wconf 90' lang='lat' dir='ltr'><strong>miserum.</strong></span> <span class='ocrx_word' id='word_1_113' title='bbox 779 1674 836 1734; x_wconf 87' lang='lat' dir='ltr'><strong>sed</strong></span> <span class='ocrx_word' id='word_1_114' title='bbox 850 1690 908 1750; x_wconf 81' lang='lat' dir='ltr'><strong>ego</strong></span> <span class='ocrx_word' id='word_1_115' title='bbox 924 1676 983 1736; x_wconf 91' lang='lat' dir='ltr'><strong>alia</strong></span> <span class='ocrx_word' id='word_1_116' title='bbox 996 1683 1026 1736; x_wconf 91' lang='lat' dir='ltr'><strong>te</strong></span> <span class='ocrx_word' id='word_1_117' title='bbox 1042 1676 1081 1735; x_wconf 91' lang='lat' dir='ltr'><strong>ad</strong></span> 
     </span>
     <span class='ocr_line' id='line_1_17' title="bbox 103 1757 1111 1839; baseline -0.002 -21"><span class='ocrx_word' id='word_1_118' title='bbox 103 1759 296 1820; x_wconf 79' lang='lat' dir='ltr'><strong>securitatem</strong></span> <span class='ocrx_word' id='word_1_119' title='bbox 323 1758 371 1817; x_wconf 90' lang='lat' dir='ltr'><strong>via</strong></span> <span class='ocrx_word' id='word_1_120' title='bbox 394 1759 514 1820; x_wconf 88' lang='lat' dir='ltr'><strong>ducam.</strong></span> <span class='ocrx_word' id='word_1_121' title='bbox 558 1757 602 1839; x_wconf 22' lang='lat' dir='ltr'><strong>st·</strong></span> <span class='ocrx_word' id='word_1_122' title='bbox 623 1759 683 1819; x_wconf 92' lang='lat' dir='ltr'><strong>vis</strong></span> <span class='ocrx_word' id='word_1_123' title='bbox 712 1774 856 1818; x_wconf 89' lang='lat' dir='ltr'><strong>omnem</strong></span> <span class='ocrx_word' id='word_1_124' title='bbox 882 1759 1111 1821; x_wconf 73' lang='lat' dir='ltr'><strong>sollicita-r</strong></span> 
     </span>
     <span class='ocr_line' id='line_1_18' title="bbox 103 1841 1080 1918; baseline 0.001 -17"><span class='ocrx_word' id='word_1_125' title='bbox 103 1841 227 1902; x_wconf 90' lang='lat' dir='ltr'><strong>dinem</strong></span> <span class='ocrx_word' id='word_1_126' title='bbox 253 1857 411 1917; x_wconf 90' lang='lat' dir='ltr'><strong>exuere,</strong></span> <span class='ocrx_word' id='word_1_127' title='bbox 444 1843 633 1918; x_wconf 90' lang='lat' dir='ltr'><strong>quicquid</strong></span> <span class='ocrx_word' id='word_1_128' title='bbox 659 1842 813 1902; x_wconf 89' lang='lat' dir='ltr'><strong>vereris</strong></span> <span class='ocrx_word' id='word_1_129' title='bbox 839 1857 884 1902; x_wconf 90' lang='lat' dir='ltr'><strong>ne</strong></span> <span class='ocrx_word' id='word_1_130' title='bbox 909 1844 1080 1917; x_wconf 87' lang='lat' dir='ltr'><strong>eveniat,</strong></span> 
     </span>
     <span class='ocr_line' id='line_1_19' title="bbox 103 1926 1081 2003; baseline 0.003 -19"><span class='ocrx_word' id='word_1_131' title='bbox 103 1932 328 1986; x_wconf 88' lang='lat' dir='ltr'><strong>eventurum</strong></span> <span class='ocrx_word' id='word_1_132' title='bbox 365 1926 499 2002; x_wconf 90' lang='lat' dir='ltr'><strong>utique</strong></span> <span class='ocrx_word' id='word_1_133' title='bbox 534 1943 713 2003; x_wconf 89' lang='lat' dir='ltr'><strong>propone</strong></span> <span class='ocrx_word' id='word_1_134' title='bbox 744 1933 779 1988; x_wconf 95' lang='lat' dir='ltr'><strong>et</strong></span> <span class='ocrx_word' id='word_1_135' title='bbox 810 1927 1081 2002; x_wconf 89' lang='lat' dir='ltr'><strong>quodcumque</strong></span> 
     </span>
     <span class='ocr_line' id='line_1_20' title="bbox 103 2010 1101 2093; baseline 0.003 -25"><span class='ocrx_word' id='word_1_136' title='bbox 103 2017 162 2071; x_wconf 87' lang='lat' dir='ltr'><strong>est</strong></span> <span class='ocrx_word' id='word_1_137' title='bbox 189 2010 288 2070; x_wconf 93' lang='lat' dir='ltr'><strong>illud</strong></span> <span class='ocrx_word' id='word_1_138' title='bbox 316 2010 465 2085; x_wconf 87' lang='lat' dir='ltr'><strong>malum,</strong></span> <span class='ocrx_word' id='word_1_139' title='bbox 494 2016 619 2071; x_wconf 90' lang='lat' dir='ltr'><strong>tecum</strong></span> <span class='ocrx_word' id='word_1_140' title='bbox 641 2011 728 2087; x_wconf 92' lang='lat' dir='ltr'><strong>ipse</strong></span> <span class='ocrx_word' id='word_1_141' title='bbox 749 2011 884 2071; x_wconf 91' lang='lat' dir='ltr'><strong>metire</strong></span> <span class='ocrx_word' id='word_1_142' title='bbox 906 2026 948 2070; x_wconf 90' lang='lat' dir='ltr'><strong>ac</strong></span> <span class='ocrx_word' id='word_1_143' title='bbox 970 2012 1101 2093; x_wconf 86' lang='lat' dir='ltr'><strong>timo-¹</strong></span> 
     </span>
     <span class='ocr_line' id='line_1_21' title="bbox 101 2092 1098 2170; baseline 0.002 -19"><span class='ocrx_word' id='word_1_144' title='bbox 101 2107 178 2152; x_wconf 88' lang='lat' dir='ltr'><strong>rem</strong></span> <span class='ocrx_word' id='word_1_145' title='bbox 199 2098 302 2155; x_wconf 90' lang='lat' dir='ltr'><strong>tuum</strong></span> <span class='ocrx_word' id='word_1_146' title='bbox 324 2100 413 2154; x_wconf 88' lang='lat' dir='ltr'><strong>taxa</strong></span> <span class='ocrx_word' id='word_1_147' title='bbox 435 2093 466 2154; x_wconf 87' lang='lat' dir='ltr'><strong>et</strong></span> <span class='ocrx_word' id='word_1_148' title='bbox 478 2092 638 2170; x_wconf 81' lang='lat' dir='ltr'><strong>intelleges</strong></span> <span class='ocrx_word' id='word_1_149' title='bbox 651 2096 789 2170; x_wconf 84' lang='lat' dir='ltr'><strong>profecto</strong></span> <span class='ocrx_word' id='word_1_150' title='bbox 802 2101 924 2156; x_wconf 84' lang='lat' dir='ltr'><strong>autnon</strong></span> <span class='ocrx_word' id='word_1_151' title='bbox 937 2110 1078 2170; x_wconf 81' lang='lat' dir='ltr'><strong>magnum</strong></span> <span class='ocrx_word' id='word_1_152' title='bbox 1095 2133 1098 2138; x_wconf 92' lang='lat'>-</span> 
     </span>
     <span class='ocr_line' id='line_1_22' title="bbox 102 2178 1109 2255; baseline 0.004 -21"><span class='ocrx_word' id='word_1_153' title='bbox 102 2183 235 2237; x_wconf 92' lang='lat' dir='ltr'><strong>autnon</strong></span> <span class='ocrx_word' id='word_1_154' title='bbox 256 2178 381 2251; x_wconf 81' lang='lat' dir='ltr'><strong>longum</strong></span> <span class='ocrx_word' id='word_1_155' title='bbox 402 2194 491 2253; x_wconf 89' lang='lat' dir='ltr'><strong>esse,</strong></span> <span class='ocrx_word' id='word_1_156' title='bbox 519 2179 604 2255; x_wconf 92' lang='lat' dir='ltr'><strong>quod</strong></span> <span class='ocrx_word' id='word_1_157' title='bbox 625 2178 745 2238; x_wconf 91' lang='lat' dir='ltr'><strong>metuis.</strong></span> <span class='ocrx_word' id='word_1_158' title='bbox 780 2179 843 2239; x_wconf 90' lang='lat' dir='ltr'><strong>Nec</strong></span> <span class='ocrx_word' id='word_1_159' title='bbox 860 2178 912 2240; x_wconf 93' lang='lat' dir='ltr'><strong>diu</strong></span> <span class='ocrx_word' id='word_1_160' title='bbox 928 2179 1109 2254; x_wconf 69' lang='lat' dir='ltr'><strong>exemplat</strong></span> 
     </span>
     <span class='ocr_line' id='line_1_23' title="bbox 101 2261 1078 2338; baseline 0.003 -17"><span class='ocrx_word' id='word_1_161' title='bbox 101 2261 215 2336; x_wconf 90' lang='lat' dir='ltr'><strong>quibus</strong></span> <span class='ocrx_word' id='word_1_162' title='bbox 230 2261 435 2338; x_wconf 86' lang='lat' dir='ltr'><strong>confirmeris,</strong></span> <span class='ocrx_word' id='word_1_163' title='bbox 457 2263 628 2336; x_wconf 77' lang='lat' dir='ltr'><strong>colligenda</strong></span> <span class='ocrx_word' id='word_1_164' title='bbox 643 2269 728 2322; x_wconf 79' lang='lat' dir='ltr'><strong>sunta</strong></span> <span class='ocrx_word' id='word_1_165' title='bbox 749 2262 849 2322; x_wconf 90' lang='lat' dir='ltr'><strong>omnis</strong></span> <span class='ocrx_word' id='word_1_166' title='bbox 863 2262 915 2322; x_wconf 91' lang='lat' dir='ltr'><strong>illa</strong></span> <span class='ocrx_word' id='word_1_167' title='bbox 932 2270 1017 2324; x_wconf 85' lang='lat' dir='ltr'><strong>aetas</strong></span> <span class='ocrx_word' id='word_1_168' title='bbox 1032 2271 1078 2324; x_wconf 91' lang='lat' dir='ltr'><strong>tu·</strong></span> 
     </span>
     <span class='ocr_line' id='line_1_24' title="bbox 100 2343 1078 2422; baseline 0 -19"><span class='ocrx_word' id='word_1_169' title='bbox 100 2344 142 2403; x_wconf 92' lang='lat' dir='ltr'><strong>lit.</strong></span> <span class='ocrx_word' id='word_1_170' title='bbox 172 2343 203 2403; x_wconf 92' lang='lat' dir='ltr'><strong>in</strong></span> <span class='ocrx_word' id='word_1_171' title='bbox 220 2360 443 2420; x_wconf 90' lang='lat' dir='ltr'><strong>quamcumque</strong></span> <span class='ocrx_word' id='word_1_172' title='bbox 458 2353 574 2422; x_wconf 89' lang='lat' dir='ltr'><strong>partem</strong></span> <span class='ocrx_word' id='word_1_173' title='bbox 588 2361 690 2406; x_wconf 91' lang='lat' dir='ltr'><strong>rerum</strong></span> <span class='ocrx_word' id='word_1_174' title='bbox 705 2345 754 2403; x_wconf 93' lang='lat' dir='ltr'><strong>vel</strong></span> <span class='ocrx_word' id='word_1_175' title='bbox 769 2344 900 2405; x_wconf 90' lang='lat' dir='ltr'><strong>civilium</strong></span> <span class='ocrx_word' id='word_1_176' title='bbox 917 2347 965 2404; x_wconf 92' lang='lat' dir='ltr'><strong>vel</strong></span> <span class='ocrx_word' id='word_1_177' title='bbox 980 2352 1078 2404; x_wconf 84' lang='lat' dir='ltr'><strong>exter-</strong></span> 
     </span>
     <span class='ocr_line' id='line_1_25' title="bbox 100 2426 1077 2502; baseline 0.001 -16"><span class='ocrx_word' id='word_1_178' title='bbox 100 2443 208 2487; x_wconf 89' lang='lat' dir='ltr'><strong>narum</strong></span> <span class='ocrx_word' id='word_1_179' title='bbox 224 2426 400 2489; x_wconf 91' lang='lat' dir='ltr'><strong>memoriam</strong></span> <span class='ocrx_word' id='word_1_180' title='bbox 414 2430 550 2502; x_wconf 90' lang='lat' dir='ltr'><strong>miseris,</strong></span> <span class='ocrx_word' id='word_1_181' title='bbox 573 2435 735 2491; x_wconf 88' lang='lat' dir='ltr'><strong>occurrent</strong></span> <span class='ocrx_word' id='word_1_182' title='bbox 745 2428 799 2488; x_wconf 88' lang='lat' dir='ltr'><strong>tibi</strong></span> <span class='ocrx_word' id='word_1_183' title='bbox 811 2429 933 2502; x_wconf 80' lang='lat' dir='ltr'><strong>ingenia</strong></span> <span class='ocrx_word' id='word_1_184' title='bbox 944 2435 996 2487; x_wconf 91' lang='lat' dir='ltr'><strong>aut</strong></span> <span class='ocrx_word' id='word_1_185' title='bbox 1006 2443 1077 2502; x_wconf 94' lang='lat' dir='ltr'><strong>pro·</strong></span> 
     </span>
     <span class='ocr_line' id='line_1_26' title="bbox 101 2508 1078 2588; baseline -0.001 -18"><span class='ocrx_word' id='word_1_186' title='bbox 101 2512 200 2572; x_wconf 85' lang='lat' dir='ltr'><strong>lectus</strong></span> <span class='ocrx_word' id='word_1_187' title='bbox 224 2518 278 2572; x_wconf 88' lang='lat' dir='ltr'><strong>aut</strong></span> <span class='ocrx_word' id='word_1_188' title='bbox 302 2510 423 2587; x_wconf 82' lang='lat' dir='ltr'><strong>inpetus</strong></span> <span class='ocrx_word' id='word_1_189' title='bbox 450 2512 561 2588; x_wconf 84' lang='lat' dir='ltr'><strong>magni.</strong></span> <span class='ocrx_word' id='word_1_190' title='bbox 602 2510 756 2587; x_wconf 88' lang='lat' dir='ltr'><strong>Numquid</strong></span> <span class='ocrx_word' id='word_1_191' title='bbox 782 2511 923 2572; x_wconf 88' lang='lat' dir='ltr'><strong>accidere</strong></span> <span class='ocrx_word' id='word_1_192' title='bbox 949 2511 1017 2584; x_wconf 89' lang='lat' dir='ltr'><strong>tibi,</strong></span> <span class='ocrx_word' id='word_1_193' title='bbox 1051 2508 1078 2570; x_wconf 94' lang='lat' dir='ltr'><strong>si</strong></span> 
     </span>
     <span class='ocr_line' id='line_1_27' title="bbox 101 2594 1079 2672; baseline 0.001 -17"><span class='ocrx_word' id='word_1_194' title='bbox 101 2595 272 2671; x_wconf 88' lang='lat' dir='ltr'><strong>damneris,</strong></span> <span class='ocrx_word' id='word_1_195' title='bbox 293 2603 395 2671; x_wconf 87' lang='lat' dir='ltr'><strong>potest</strong></span> <span class='ocrx_word' id='word_1_196' title='bbox 410 2597 514 2658; x_wconf 92' lang='lat' dir='ltr'><strong>durius</strong></span> <span class='ocrx_word' id='word_1_197' title='bbox 531 2614 623 2672; x_wconf 90' lang='lat' dir='ltr'><strong>quam</strong></span> <span class='ocrx_word' id='word_1_198' title='bbox 642 2603 675 2658; x_wconf 92' lang='lat' dir='ltr'><strong>ut</strong></span> <span class='ocrx_word' id='word_1_199' title='bbox 690 2594 817 2657; x_wconf 89' lang='lat' dir='ltr'><strong>mittaris</strong></span> <span class='ocrx_word' id='word_1_200' title='bbox 834 2594 865 2655; x_wconf 90' lang='lat' dir='ltr'><strong>in</strong></span> <span class='ocrx_word' id='word_1_201' title='bbox 880 2594 1024 2656; x_wconf 82' lang='lat' dir='ltr'><strong>exiliumt</strong></span> <span class='ocrx_word' id='word_1_202' title='bbox 1045 2602 1079 2656; x_wconf 92' lang='lat' dir='ltr'><strong>ut</strong></span> 
     </span>
     <span class='ocr_line' id='line_1_28' title="bbox 101 2678 1078 2758; baseline 0.001 -20"><span class='ocrx_word' id='word_1_203' title='bbox 101 2678 225 2740; x_wconf 87' lang='lat' dir='ltr'><strong>ducaris</strong></span> <span class='ocrx_word' id='word_1_204' title='bbox 240 2679 271 2738; x_wconf 90' lang='lat' dir='ltr'><strong>in</strong></span> <span class='ocrx_word' id='word_1_205' title='bbox 286 2687 460 2741; x_wconf 86' lang='lat' dir='ltr'><strong>carceremt</strong></span> <span class='ocrx_word' id='word_1_206' title='bbox 483 2682 629 2758; x_wconf 90' lang='lat' dir='ltr'><strong>numquid</strong></span> <span class='ocrx_word' id='word_1_207' title='bbox 643 2681 722 2741; x_wconf 88' lang='lat' dir='ltr'><strong>ultra</strong></span> <span class='ocrx_word' id='word_1_208' title='bbox 733 2681 897 2756; x_wconf 87' lang='lat' dir='ltr'><strong>quicquam</strong></span> <span class='ocrx_word' id='word_1_209' title='bbox 908 2679 961 2740; x_wconf 92' lang='lat' dir='ltr'><strong>ulli</strong></span> <span class='ocrx_word' id='word_1_210' title='bbox 972 2681 1078 2740; x_wconf 89' lang='lat' dir='ltr'><strong>timen-</strong></span> 
     </span>
     <span class='ocr_line' id='line_1_29' title="bbox 101 2763 1080 2841; baseline 0.001 -18"><span class='ocrx_word' id='word_1_211' title='bbox 101 2763 172 2823; x_wconf 91' lang='lat' dir='ltr'><strong>dum</strong></span> <span class='ocrx_word' id='word_1_212' title='bbox 193 2771 242 2825; x_wconf 89' lang='lat' dir='ltr'><strong>cst</strong></span> <span class='ocrx_word' id='word_1_213' title='bbox 263 2778 355 2840; x_wconf 87' lang='lat' dir='ltr'><strong>quam</strong></span> <span class='ocrx_word' id='word_1_214' title='bbox 373 2772 407 2826; x_wconf 92' lang='lat' dir='ltr'><strong>ut</strong></span> <span class='ocrx_word' id='word_1_215' title='bbox 425 2773 551 2826; x_wconf 85' lang='lat' dir='ltr'><strong>uraturt</strong></span> <span class='ocrx_word' id='word_1_216' title='bbox 580 2781 670 2841; x_wconf 90' lang='lat' dir='ltr'><strong>quam</strong></span> <span class='ocrx_word' id='word_1_217' title='bbox 684 2770 718 2825; x_wconf 90' lang='lat' dir='ltr'><strong>ut</strong></span> <span class='ocrx_word' id='word_1_218' title='bbox 731 2771 859 2841; x_wconf 69' lang='lat' dir='ltr'><strong>pereat?</strong></span> <span class='ocrx_word' id='word_1_219' title='bbox 885 2765 1005 2839; x_wconf 79' lang='lat' dir='ltr'><strong>singula</strong></span> <span class='ocrx_word' id='word_1_220' title='bbox 1020 2764 1080 2826; x_wconf 89' lang='lat' dir='ltr'><strong>ista</strong></span> 
     </span>
     <span class='ocr_line' id='line_1_30' title="bbox 101 2847 1078 2925; baseline 0 -19"><span class='ocrx_word' id='word_1_221' title='bbox 101 2847 253 2909; x_wconf 89' lang='lat' dir='ltr'><strong>constitue</strong></span> <span class='ocrx_word' id='word_1_222' title='bbox 267 2854 298 2908; x_wconf 87' lang='lat' dir='ltr'><strong>et</strong></span> <span class='ocrx_word' id='word_1_223' title='bbox 312 2855 539 2924; x_wconf 86' lang='lat' dir='ltr'><strong>contemptores</strong></span> <span class='ocrx_word' id='word_1_224' title='bbox 555 2865 661 2909; x_wconf 87' lang='lat' dir='ltr'><strong>eoram</strong></span> <span class='ocrx_word' id='word_1_225' title='bbox 675 2847 749 2924; x_wconf 88' lang='lat' dir='ltr'><strong>cita,</strong></span> <span class='ocrx_word' id='word_1_226' title='bbox 766 2847 889 2924; x_wconf 94' lang='lat' dir='ltr'><strong>quinon</strong></span> <span class='ocrx_word' id='word_1_227' title='bbox 900 2848 1078 2925; x_wconf 86' lang='lat' dir='ltr'><strong>quaerendi,</strong></span> 
     </span>
     <span class='ocr_line' id='line_1_31' title="bbox 101 2930 1108 3006; baseline 0 -17"><span class='ocrx_word' id='word_1_228' title='bbox 101 2931 158 2991; x_wconf 89' lang='lat' dir='ltr'><strong>sed</strong></span> <span class='ocrx_word' id='word_1_229' title='bbox 178 2930 313 3006; x_wconf 79' lang='lat' dir='ltr'><strong>eligendi</strong></span> <span class='ocrx_word' id='word_1_230' title='bbox 335 2939 414 2992; x_wconf 89' lang='lat' dir='ltr'><strong>sunt.</strong></span> <span class='ocrx_word' id='word_1_231' title='bbox 451 2932 682 2994; x_wconf 89' lang='lat' dir='ltr'><strong>Damnationem</strong></span> <span class='ocrx_word' id='word_1_232' title='bbox 697 2948 785 2992; x_wconf 88' lang='lat' dir='ltr'><strong>suam</strong></span> <span class='ocrx_word' id='word_1_233' title='bbox 797 2932 928 2993; x_wconf 91' lang='lat' dir='ltr'><strong>Rutilius</strong></span> <span class='ocrx_word' id='word_1_234' title='bbox 944 2932 990 2991; x_wconf 90' lang='lat' dir='ltr'><strong>sic</strong></span> <span class='ocrx_word' id='word_1_235' title='bbox 1003 2931 1108 3006; x_wconf 74' lang='lat' dir='ltr'><strong>tulitt</strong></span> 
     </span>
     <span class='ocr_line' id='line_1_32' title="bbox 100 3013 1103 3093; baseline 0.003 -22"><span class='ocrx_word' id='word_1_236' title='bbox 100 3021 256 3089; x_wconf 88' lang='lat' dir='ltr'><strong>tamquam</strong></span> <span class='ocrx_word' id='word_1_237' title='bbox 271 3013 345 3076; x_wconf 91' lang='lat' dir='ltr'><strong>nihil</strong></span> <span class='ocrx_word' id='word_1_238' title='bbox 363 3015 405 3075; x_wconf 94' lang='lat' dir='ltr'><strong>illi</strong></span> <span class='ocrx_word' id='word_1_239' title='bbox 420 3018 581 3078; x_wconf 91' lang='lat' dir='ltr'><strong>molestum</strong></span> <span class='ocrx_word' id='word_1_240' title='bbox 596 3015 679 3077; x_wconf 89' lang='lat' dir='ltr'><strong>aliud</strong></span> <span class='ocrx_word' id='word_1_241' title='bbox 693 3023 778 3077; x_wconf 89' lang='lat' dir='ltr'><strong>esset</strong></span> <span class='ocrx_word' id='word_1_242' title='bbox 793 3032 884 3092; x_wconf 89' lang='lat' dir='ltr'><strong>quam</strong></span> <span class='ocrx_word' id='word_1_243' title='bbox 900 3015 984 3093; x_wconf 90' lang='lat' dir='ltr'><strong>quod</strong></span> <span class='ocrx_word' id='word_1_244' title='bbox 999 3016 1078 3074; x_wconf 89' lang='lat' dir='ltr'><strong>male</strong></span> <span class='ocrx_word' id='word_1_245' title='bbox 1101 3018 1103 3025; x_wconf 87' lang='lat'>&#39;</span> 
     </span>
     <span class='ocr_line' id='line_1_33' title="bbox 100 3093 1079 3174; baseline 0 -18"><span class='ocrx_word' id='word_1_246' title='bbox 100 3093 294 3158; x_wconf 89' lang='lat' dir='ltr'><strong>iudicaretur.</strong></span> <span class='ocrx_word' id='word_1_247' title='bbox 322 3098 445 3160; x_wconf 87' lang='lat' dir='ltr'><strong>exilium</strong></span> <span class='ocrx_word' id='word_1_248' title='bbox 459 3099 600 3163; x_wconf 88' lang='lat' dir='ltr'><strong>Metellus</strong></span> <span class='ocrx_word' id='word_1_249' title='bbox 614 3101 730 3161; x_wconf 83' lang='lat' dir='ltr'><strong>sortiter</strong></span> <span class='ocrx_word' id='word_1_250' title='bbox 744 3098 823 3174; x_wconf 86' lang='lat' dir='ltr'><strong>tulit,</strong></span> <span class='ocrx_word' id='word_1_251' title='bbox 842 3100 974 3160; x_wconf 90' lang='lat' dir='ltr'><strong>Rutilius</strong></span> <span class='ocrx_word' id='word_1_252' title='bbox 989 3097 1079 3158; x_wconf 82' lang='lat' dir='ltr'><strong>etiam</strong></span> 
     </span>
     <span class='ocr_line' id='line_1_34' title="bbox 100 3179 1077 3259; baseline 0.003 -23"><span class='ocrx_word' id='word_1_253' title='bbox 100 3179 243 3240; x_wconf 74' lang='lat' dir='ltr'><strong>libentem</strong></span> <span class='ocrx_word' id='word_1_254' title='bbox 266 3181 350 3257; x_wconf 90' lang='lat' dir='ltr'><strong>alter,</strong></span> <span class='ocrx_word' id='word_1_255' title='bbox 369 3190 402 3244; x_wconf 92' lang='lat' dir='ltr'><strong>ut</strong></span> <span class='ocrx_word' id='word_1_256' title='bbox 415 3185 542 3257; x_wconf 90' lang='lat' dir='ltr'><strong>rediret,</strong></span> <span class='ocrx_word' id='word_1_257' title='bbox 565 3183 751 3259; x_wconf 87' lang='lat' dir='ltr'><strong>reipublicae</strong></span> <span class='ocrx_word' id='word_1_258' title='bbox 765 3183 928 3258; x_wconf 89' lang='lat' dir='ltr'><strong>praestitit,</strong></span> <span class='ocrx_word' id='word_1_259' title='bbox 943 3183 1020 3240; x_wconf 88' lang='lat' dir='ltr'><strong>alter</strong></span> <span class='ocrx_word' id='word_1_260' title='bbox 1030 3195 1077 3240; x_wconf 91' lang='lat' dir='ltr'><strong>re-</strong></span> 
     </span>
     <span class='ocr_line' id='line_1_35' title="bbox 102 3262 1078 3343; baseline -0.002 -20"><span class='ocrx_word' id='word_1_261' title='bbox 102 3262 196 3324; x_wconf 88' lang='lat' dir='ltr'><strong>ditum</strong></span> <span class='ocrx_word' id='word_1_262' title='bbox 217 3280 307 3326; x_wconf 88' lang='lat' dir='ltr'><strong>suum</strong></span> <span class='ocrx_word' id='word_1_263' title='bbox 323 3264 426 3326; x_wconf 90' lang='lat' dir='ltr'><strong>Sullae</strong></span> <span class='ocrx_word' id='word_1_264' title='bbox 439 3269 576 3343; x_wconf 82' lang='lat' dir='ltr'><strong>negavit,</strong></span> <span class='ocrx_word' id='word_1_265' title='bbox 599 3267 647 3328; x_wconf 91' lang='lat' dir='ltr'><strong>cai</strong></span> <span class='ocrx_word' id='word_1_266' title='bbox 661 3268 733 3327; x_wconf 88' lang='lat' dir='ltr'><strong>nihil</strong></span> <span class='ocrx_word' id='word_1_267' title='bbox 748 3274 819 3326; x_wconf 90' lang='lat' dir='ltr'><strong>tunc</strong></span> <span class='ocrx_word' id='word_1_268' title='bbox 832 3262 1010 3340; x_wconf 80' lang='lat' dir='ltr'><strong>negabatur.</strong></span> <span class='ocrx_word' id='word_1_269' title='bbox 1044 3263 1078 3322; x_wconf 89' lang='lat' dir='ltr'><strong>ln</strong></span> 
     </span>
     <span class='ocr_line' id='line_1_36' title="bbox 102 3344 1078 3426; baseline 0.001 -21"><span class='ocrx_word' id='word_1_270' title='bbox 102 3361 226 3408; x_wconf 87' lang='lat' dir='ltr'><strong>carcere</strong></span> <span class='ocrx_word' id='word_1_271' title='bbox 251 3347 397 3409; x_wconf 87' lang='lat' dir='ltr'><strong>Socrates</strong></span> <span class='ocrx_word' id='word_1_272' title='bbox 423 3350 588 3426; x_wconf 89' lang='lat' dir='ltr'><strong>disputavit</strong></span> <span class='ocrx_word' id='word_1_273' title='bbox 612 3359 642 3412; x_wconf 94' lang='lat' dir='ltr'><strong>et</strong></span> <span class='ocrx_word' id='word_1_274' title='bbox 661 3351 759 3423; x_wconf 88' lang='lat' dir='ltr'><strong>exire,</strong></span> <span class='ocrx_word' id='word_1_275' title='bbox 785 3364 854 3409; x_wconf 90' lang='lat' dir='ltr'><strong>cum</strong></span> <span class='ocrx_word' id='word_1_276' title='bbox 876 3344 996 3422; x_wconf 83' lang='lat' dir='ltr'><strong>essent,</strong></span> <span class='ocrx_word' id='word_1_277' title='bbox 1025 3347 1078 3422; x_wconf 90' lang='lat' dir='ltr'><strong>qui</strong></span> 
     </span>
     <span class='ocr_line' id='line_1_37' title="bbox 102 3429 1078 3508; baseline 0.002 -19"><span class='ocrx_word' id='word_1_278' title='bbox 102 3429 314 3505; x_wconf 88' lang='lat' dir='ltr'><strong>promitterent</strong></span> <span class='ocrx_word' id='word_1_279' title='bbox 334 3433 451 3507; x_wconf 75' lang='lat' dir='ltr'><strong>lugam,</strong></span> <span class='ocrx_word' id='word_1_280' title='bbox 473 3435 570 3496; x_wconf 91' lang='lat' dir='ltr'><strong>noluit</strong></span> <span class='ocrx_word' id='word_1_281' title='bbox 589 3434 812 3508; x_wconf 88' lang='lat' dir='ltr'><strong>remansitque,</strong></span> <span class='ocrx_word' id='word_1_282' title='bbox 833 3439 866 3493; x_wconf 89' lang='lat' dir='ltr'><strong>ut</strong></span> <span class='ocrx_word' id='word_1_283' title='bbox 885 3432 1014 3492; x_wconf 87' lang='lat' dir='ltr'><strong>duarum</strong></span> <span class='ocrx_word' id='word_1_284' title='bbox 1031 3447 1078 3491; x_wconf 81' lang='lat' dir='ltr'><strong>re</strong></span> 
     </span>
     <span class='ocr_line' id='line_1_38' title="bbox 102 3514 1080 3591; baseline 0.002 -17"><span class='ocrx_word' id='word_1_285' title='bbox 102 3527 169 3574; x_wconf 88' lang='lat' dir='ltr'><strong>rum</strong></span> <span class='ocrx_word' id='word_1_286' title='bbox 182 3514 432 3590; x_wconf 73' lang='lat' dir='ltr'><strong>gramsstmarum</strong></span> <span class='ocrx_word' id='word_1_287' title='bbox 447 3516 620 3578; x_wconf 83' lang='lat' dir='ltr'><strong>hominibus</strong></span> <span class='ocrx_word' id='word_1_288' title='bbox 634 3523 745 3577; x_wconf 91' lang='lat' dir='ltr'><strong>metum</strong></span> <span class='ocrx_word' id='word_1_289' title='bbox 760 3516 908 3591; x_wconf 88' lang='lat' dir='ltr'><strong>demeret,</strong></span> <span class='ocrx_word' id='word_1_290' title='bbox 930 3516 1035 3577; x_wconf 92' lang='lat' dir='ltr'><strong>mortis</strong></span> <span class='ocrx_word' id='word_1_291' title='bbox 1050 3522 1080 3576; x_wconf 94' lang='lat' dir='ltr'><strong>et</strong></span> 
     </span>
    </p>
   </div>
   <div class='ocr_carea' id='block_1_5' title="bbox 0 0 1238 3930">
    <p class='ocr_par' dir='ltr' id='par_1_5' title="bbox 0 0 1238 3930">
     <span class='ocr_line' id='line_1_39' title="bbox 0 0 1238 3930; baseline 0 0"><span class='ocrx_word' id='word_1_292' title='bbox 0 0 1238 3930; x_wconf 95' lang='lat' dir='ltr'><strong> </strong></span> 
     </span>
    </p>
   </div>
  </div>
 </body>
</html>
