2468 3930
278 244 344 301 'nd
359 243 532 303 FORMULA
550 243 741 303 HONESTAE
759 247 878 304 VITAE.
1010 244 1070 306 471

105 403 179 453 stare
205 396 258 452 sibi
280 402 307 451 et
325 394 410 452 finem
430 397 505 452 vitae
524 396 690 469 intrepidum
713 405 888 470 exspectare.
917 394 976 477 [Nil
996 399 1073 455 aliud

106 496 238 552 magnum
260 481 288 535 in
309 485 393 540 rebus
407 479 537 555 humanis
559 480 613 537 nisi
631 482 740 538 animus
762 498 865 555 magna
885 477 1071 558 despiciens]

105 561 136 618 Si
151 564 347 635 magnanimus
363 564 466 633 tueris,
487 580 638 636 numquam
656 564 792 624 iudicabis
814 566 1009 623 contumeliam
1025 566 1102 621 libid

104 645 177 701 fieri.
198 647 239 703 De
253 647 367 702 inimico
383 646 477 703 dices:
493 663 548 703 non
563 647 661 704 nocuit
668 648 736 704 mihi
752 647 805 705 scd
816 651 938 706 animum
952 648 1072 704 nocendi

104 728 209 784 habuit.
234 736 338 786 etcum
352 731 429 786 illum
444 731 471 784 in
486 736 625 802 potestate
639 735 686 786 tua
699 730 843 802 habueris,
859 733 1011 790 vindictam
1023 748 1074 803 pu·

105 813 176 868 tabis
198 815 324 884 potuisse
344 814 504 872 vindicare:
532 816 603 871 scito
625 815 699 868 enim
720 830 853 886 magnum
879 821 906 870 et
924 815 1072 871 honestum

105 895 244 951 uindictae
260 913 349 970 genus
360 891 455 974 [esse]
472 899 631 969 ignoscere.
657 898 802 954 Neminem
816 915 932 955 susurro
945 904 1073 971 appetas,
1085 901 1100 954 a

104 980 242 1035 neminem
258 978 412 1037 suffodias:
432 983 526 1051 palam
548 979 721 1053 aggredere.
744 997 800 1036 non
815 996 899 1053 geres
914 981 1072 1037 conflictum

104 1063 157 1118 nisi
178 1063 331 1119 indixeris:
354 1079 419 1119 nam
440 1063 553 1119 fraudes
575 1070 602 1119 et
616 1063 673 1119 doli
688 1064 854 1124 imbecillum
871 1064 979 1122 decent.
1010 1064 1101 1120 Erist

106 1148 314 1218 magnanimus,
330 1148 354 1202 si
369 1147 494 1218 pericula
509 1163 561 1204 nec
576 1152 704 1219 appetas,
719 1152 747 1203 ut
762 1150 936 1217 temerarius,
951 1163 1004 1202 nec
1017 1147 1072 1201 lor·

104 1229 203 1298 midos,
218 1236 248 1286 ut
262 1230 382 1287 timidus.
401 1246 464 1285 nam
480 1231 606 1287 timidum
621 1246 677 1285 non
692 1231 757 1287 lacit
771 1236 893 1288 animum
908 1231 963 1287 nisi
978 1246 1072 1301 repre-

102 1312 248 1370 hensibilis
269 1315 341 1370 vitae
359 1315 541 1371 conscientia.
575 1309 722 1391 [Mensura
745 1331 814 1387 ergo
835 1313 1071 1388 magnanimitatis

103 1403 144 1452 cst
160 1413 212 1454 nec
227 1397 353 1453 timidum
369 1415 433 1454 esse
447 1397 590 1454 hominem
603 1414 655 1454 nec
669 1393 830 1476 audacem]

185 1481 234 1536 IV.
253 1482 293 1536 De
309 1481 489 1537 continentia.
624 1533 627 1537 ,

166 1562 368 1621 Continentianr
384 1581 453 1620 vcro
474 1565 499 1620 si
516 1564 627 1638 diligis,
648 1563 817 1620 circumcide
837 1562 981 1636 superflua
1001 1569 1029 1619 et
1043 1563 1096 1626 inl

102 1653 191 1702 artum
213 1648 356 1704 desideria
375 1654 421 1704 tua
436 1649 606 1721 constringe.
636 1647 792 1704 Considera
809 1653 914 1715 tecum,
937 1653 1069 1719 quantum

102 1737 200 1787 natura
214 1737 328 1804 poscat,
347 1746 403 1786 non
419 1738 550 1804 quantum
565 1731 705 1804 cupiditas
728 1737 848 1804 expetat.
879 1730 910 1788 Si
924 1733 1098 1791 continensi

102 1815 198 1883 tueris,
214 1832 303 1887 usque
319 1831 353 1870 eo
368 1816 528 1888 pervenies,
544 1821 573 1872 ut
587 1821 614 1870 te
629 1817 691 1888 ipso
708 1821 853 1872 contentus
869 1815 918 1872 sis.
945 1831 1010 1870 nam
1023 1815 1068 1886 qui

102 1897 221 1970 sibiipsi
238 1900 306 1955 satis
321 1904 371 1965 cst,
388 1917 451 1956 curn
466 1899 572 1956 divitiis
585 1907 666 1956 natus
686 1905 737 1956 est.
764 1895 810 1977 [Si
829 1900 866 1955 ad
885 1904 1013 1954 naturam
1027 1898 1070 1953 vi·

103 1996 161 2051 vas,
177 1998 327 2055 numquam
343 1984 398 2040 eris
411 1998 529 2054 pauper.
567 1984 597 2042 Si
614 1985 697 2040 alicui
715 2000 767 2040 sua
787 1999 844 2038 non
858 1981 991 2039 videntur
1012 1997 1069 2036 am·

100 2066 236 2134 plissima,
251 2067 275 2120 si
290 2067 374 2121 totius
389 2066 485 2121 mundi
499 2066 628 2122 dominus
643 2067 688 2135 sit,
703 2068 852 2122 miserest.
886 2065 937 2132 Qui
949 2080 1070 2136 pauper·

104 2148 149 2200 ati
165 2147 326 2215 concordat,
342 2147 422 2203 dives
437 2154 490 2203 est.
515 2149 590 2204 Nulli
605 2154 697 2220 potest
711 2165 811 2205 secura
825 2148 883 2205 vita
895 2148 1068 2219 contingere,

101 2229 193 2299 quide
207 2246 235 2284 re
247 2231 351 2301 exigua
363 2230 446 2284 nimis
458 2225 585 2306 cogitat]
602 2229 717 2303 Impone
725 2229 968 2301 concupiscentiae
992 2225 1097 2302 tuae]3

102 2313 209 2368 tronum
238 2308 279 2390 [et
294 2307 438 2390 modum];
462 2314 555 2368 omnia
575 2329 648 2384 quae
670 2319 734 2369 sunt
752 2313 960 2380 blandimento,
997 2327 1068 2382 quae

101 2399 210 2452 occulta
224 2397 366 2468 voluptate
386 2396 507 2451 animum
525 2391 660 2474 trahunt]
676 2396 762 2452 reice.
790 2396 850 2452 Ede
864 2395 935 2450 citra
950 2394 1070 2450 crudita-

101 2486 169 2547 tem,
190 2481 252 2540 bibe
269 2482 336 2537 citra
351 2480 515 2537 ebrietatem
556 2482 693 2551 observa,
712 2497 747 2535 ne
768 2496 796 2534 rn
820 2479 952 2535 convrvio
973 2478 1020 2534 vel
1041 2478 1068 2532 in

100 2565 219 2635 qualibet
234 2565 308 2620 vitae
323 2564 520 2621 communitate
540 2580 610 2636 quos
631 2579 686 2620 nou
701 2568 863 2630 1m1taber1s,
879 2563 1012 2617 damnare
1026 2561 1068 2617 vi·

100 2647 204 2702 dearis.
237 2649 296 2704 Nec
311 2647 505 2720 praesentibus
526 2647 636 2705 deliciis
652 2646 811 2706 inhaerebis
826 2662 879 2702 nec
893 2643 1098 2706 desiderabisd

100 2732 238 2786 absentes.
261 2733 359 2788 Victus
375 2733 422 2788 tibi
438 2748 475 2786 ex
494 2733 569 2788 taciti
584 2733 634 2801 sit,
658 2747 711 2787 nec
727 2731 763 2787 ad
777 2731 949 2803 voluptatem
965 2727 1017 2784 sed
1032 2727 1068 2784 ad

100 2813 192 2868 cibum
209 2815 324 2871 accede.
354 2817 477 2888 palatum
501 2822 576 2872 tuum
603 2818 691 2872 tames
718 2815 833 2884 excitet,
861 2829 917 2869 non
940 2828 1068 2885 sapores.

99 2896 248 2952 Desideria
263 2903 312 2953 tua
325 2914 415 2969 parvo
431 2898 553 2968 redime,
575 2899 710 2971 quiahoc
728 2904 835 2955 tantum
854 2913 954 2954 curare
971 2895 1067 2967 debes,

100 2985 129 3033 ut
150 2979 287 3035 desinant.
318 2987 401 3052 atque
416 2981 454 3036 ita
468 2983 550 3052 quasi
568 2982 605 3038 ad
625 2983 768 3055 exemplar
789 2981 914 3039 divinum
930 2979 1067 3051 composi·

99 3068 143 3119 tus
156 3080 172 3118 a
184 3079 301 3134 corpore
314 3064 351 3120 ad
363 3065 499 3137 spiritum,
514 3072 648 3136 quantum
658 3071 749 3136 potes,
763 3065 863 3120 festina
876 3069 903 3118 te
916 3062 1067 3118 adducere.

99 3145 130 3203 Si
145 3148 332 3204 continentiae
348 3147 454 3215 studes,
469 3147 564 3204 habita
575 3164 631 3203 non
643 3163 761 3204 amoene
774 3146 826 3202 sed
842 3147 999 3211 salubriter,
1014 3149 1094 3202 nect

99 3230 243 3286 dominum
260 3231 332 3288 volis
354 3247 419 3287 esse
442 3236 536 3286 notum
553 3248 570 3287 a
585 3231 683 3294 domo,
708 3229 759 3285 sed
780 3229 925 3286 domuma
945 3227 1066 3284 domino.

99 3314 225 3395 Nontibl
246 3315 365 3386 altinges
385 3312 462 3386 quod
478 3330 534 3369 non
553 3314 609 3369 eris
631 3307 698 3390 [nec
718 3311 794 3383 quod
814 3306 877 3390 es],
904 3328 956 3367 nec
976 3311 1066 3367 maius

100 3412 182 3467 quarn
198 3415 245 3466 es,
267 3399 357 3454 videri
373 3398 454 3454 velis.
481 3397 535 3454 hoc
552 3398 644 3469 magis
663 3397 799 3454 observa.
821 3403 899 3451 utne
914 3399 1067 3466 paupertas

98 3480 148 3537 tibi
163 3482 307 3554 immunda
322 3483 356 3538 sit
369 3498 421 3538 nec
435 3475 535 3558 [vitae]
551 3480 722 3553 parsimonia
737 3479 867 3540 sordida.
886 3495 939 3536 nec
956 3477 1066 3552 simpli·
1095 3523 1097 3528 .
