2468 3930
231 222 403 284 EPISTUL.
413 220 507 284 Mon.
528 222 602 282 LIB.
614 223 651 282 11.
673 221 730 282 ΕΡ.
742 233 768 286 5.
781 232 807 287 6.
830 232 887 299 (17.
900 230 958 296 18.)
1041 224 1084 288 ³9

101 377 201 456 piam=
222 374 738 451 interponasaliquotdies‚
765 376 906 458 quibus
928 385 1083 437 conten·

101 472 164 525 lus
179 460 334 522 minimo
350 475 393 518 ac
408 458 606 518 vilissimo
623 459 725 532 cibo,
747 459 842 519 dura
862 468 979 536 atque
999 460 1083 520 hor·

100 547 189 606 rida
216 550 327 604 veste
353 543 462 602 dicas
487 541 574 602 tibi:
613 542 780 614 „hocest
806 545 904 617 quod
928 543 1083 604 timeba-

100 632 203 690 lurr‘
229 628 262 687 ln
275 627 344 701 ipsa
358 626 520 686 securitate
535 626 653 685 animus
669 624 709 684 ad
723 625 860 686 difficilia
874 643 909 687 se
921 635 1114 703 praeparato

102 721 134 775 et
148 718 255 773 conca
269 708 396 770 iniurias
412 711 553 770 fortunae
567 707 645 769 inter
658 708 808 769 beneficia
822 710 967 772 firmetur.
994 710 1084 771 Miles

102 799 133 858 in
148 796 251 856 media
265 809 344 870 poce
359 793 493 853 decurrit
506 791 574 852 sine
587 794 649 852 ullo
661 793 760 866 hoste,
776 794 889 853 vallum
903 794 975 855 iacit
989 804 1019 857 et
1033 811 1083 855 su-

101 895 260 957 pervacuo
275 877 382 938 labore
397 878 543 951 lassatur,
566 884 600 937 ut
614 876 760 937 sulficere
776 879 956 939 necessario
971 876 1083 954 possit.

103 979 197 1040 quem
207 963 237 1022 in
250 963 320 1038 ipsa
329 976 364 1020 re
376 959 529 1034 trepidare
540 961 690 1033 nolueris,
708 967 778 1020 ante
788 976 853 1020 rem
864 978 985 1022 exerce.
1017 963 1084 1023 Hoc

103 1045 201 1109 secuti
222 1054 309 1119 sunt,
332 1045 385 1119 qui
406 1045 546 1105 omnibus
567 1043 726 1104 mensibus
751 1051 961 1118 paupertatem
979 1045 1084 1105 imitati

103 1146 203 1208 prope
222 1129 264 1190 ad
284 1128 418 1203 inopiam
437 1135 650 1199 accesserunt,
676 1143 715 1186 ne
735 1143 879 1201 umquam
896 1144 1084 1203 expavesce-

101 1223 179 1288 rent,
195 1214 280 1288 quod
294 1227 390 1286 saepe
411 1212 600 1271 didicissent.
636 1211 703 1270 Non
720 1219 767 1271 est
782 1227 864 1271 nunc
880 1211 965 1286 quod
982 1212 1113 1282 existi-7

102 1313 168 1357 mes
183 1313 233 1357 me
251 1295 354 1356 dicere
373 1295 536 1355 Timoneas
551 1309 666 1355 coenas
681 1300 712 1354 et
726 1292 897 1370 pauperum
912 1294 1025 1369 cellas,
1055 1304 1085 1357 et

103 1379 252 1458 quicquid
267 1380 349 1440 aliud
364 1386 419 1452 est,
435 1395 490 1454 per
507 1379 592 1454 quod
605 1379 725 1439 luxuria
740 1378 911 1439 divitiarum
927 1379 1028 1440 taedio
1040 1380 1084 1440 lu-

103 1466 162 1526 dit:
184 1464 330 1538 grabatus
349 1461 400 1522 ille
421 1478 513 1523 verus
531 1463 570 1524 sit
591 1470 622 1523 et
643 1479 750 1537 sagum
770 1471 800 1523 et
824 1464 913 1537 panis
935 1465 1030 1524 durus
1048 1479 1085 1523 ac

104 1547 261 1610 sordidus.
283 1547 344 1607 hoc
358 1546 458 1606 triduo
474 1553 505 1606 et
520 1544 680 1621 quatriduo
696 1546 755 1619 ier,
778 1546 929 1608 interdum
945 1546 1084 1623 pluribus

104 1632 230 1706 diebus,
251 1637 285 1690 ut
305 1646 367 1690 non
381 1631 468 1689 lusus
484 1632 537 1701 sit,
560 1630 617 1690 sed
631 1631 887 1705 experimentum:
909 1640 990 1706 tunc,
1011 1629 1085 1691 mihi

104 1715 213 1790 crede,
236 1714 348 1786 Lucili,
376 1714 544 1774 exsultabis
559 1714 708 1789 dipondio
726 1722 810 1775 satur
825 1723 854 1776 et
871 1717 1028 1789 intelleges
1044 1715 1085 1774 ad

104 1799 298 1860 securitatem
317 1813 379 1859 non
396 1813 476 1872 opus
491 1813 563 1857 esse
577 1798 714 1859 fortuna:
737 1799 797 1860 hoc
812 1799 907 1873 enim,
933 1799 1018 1875 quod
1032 1814 1083 1858 ne-

103 1883 240 1943 cessitati
260 1888 309 1944 sat
329 1888 391 1955 est,
419 1882 473 1941 dot
487 1889 517 1942 et
532 1881 617 1942 irata.
653 1882 720 1943 Non
737 1890 915 1956 esttamen,
944 1890 1114 1958 quarelae

103 1967 229 2028 multum
244 1965 297 2026 tibi
312 1965 414 2025 lacere
426 1965 568 2026 videaris.
597 1965 693 2027 facies
708 1967 802 2042 enim,
825 1968 910 2043 quod
923 1968 1017 2027 multa
1031 1967 1084 2025 mi·
1181 1963 1184 1969 '

103 2051 143 2110 lia
160 2065 330 2124 servorum,
347 2050 442 2110 multa
457 2048 538 2108 milia
553 2065 723 2124 pauperum
739 2050 869 2112 faciunt:
892 2052 944 2112 illo
963 2051 1085 2111 nomine

104 2150 132 2194 te
145 2134 281 2208 suspice,
300 2133 385 2207 quod
398 2132 492 2192 iacies
504 2149 565 2193 non
582 2141 723 2208 coactus,
751 2135 835 2209 quod
850 2143 911 2195 tam
926 2135 1015 2194 iacile
1031 2134 1086 2194 erit

104 2217 159 2278 tibi
175 2217 252 2277 illud
267 2217 328 2291 pali
343 2231 467 2291 semper
482 2232 573 2291 quarn
587 2217 753 2292 aliquando
768 2218 910 2293 experiri.
931 2217 1084 2278 Exercea-

102 2317 173 2362 mur
187 2301 228 2360 ad
242 2300 354 2376 palum.
377 2308 407 2360 et
427 2315 466 2359 ne
484 2300 641 2375 inparatos
656 2301 777 2361 lortuna
791 2301 1015 2376 deprehendat,
1033 2301 1086 2360 fiat

103 2385 196 2445 n'obis
218 2390 385 2460 paupertas
405 2383 570 2443 familiaris.
612 2382 757 2443 Securius
780 2384 890 2443 divites
910 2385 1038 2457 erimus,
1059 2385 1086 2444 si

103 2467 276 2543 scierimus,
294 2484 384 2543 quam
402 2484 462 2528 non
480 2468 520 2527 sit
533 2482 627 2542 grave
639 2482 792 2543 pauperes
806 2482 887 2528 osse.
911 2467 1018 2526 Certos
1030 2465 1114 2531 hae

104 2551 202 2612 oebat'
219 2552 287 2612 dies
309 2551 359 2610 ille
374 2551 518 2625 magister
533 2550 697 2626 voluptatis
711 2549 880 2626 Epicurum
897 2550 1008 2626 quibus
1024 2566 1085 2611 ma-

102 2635 186 2710 ligne
201 2635 541 2709 lamemexstingueret,
556 2635 695 2708 visurus,
716 2652 754 2695 an
777 2635 892 2710 aliquid
907 2636 1033 2696 deesset
1046 2650 1086 2695 ex

103 2719 198 2794 plena
211 2725 241 2779 et
256 2725 467 2778 consummata
481 2718 647 2793 voluptate,
671 2720 720 2780 vel
737 2726 883 2794 quantum
898 2720 1037 2793 deesset,
1056 2726 1087 2779 et

102 2819 144 2862 an
160 2801 295 2876 dignum,
314 2803 398 2877 quod
420 2803 490 2876 quis
504 2818 615 2877 magno
630 2802 736 2863 labore
751 2811 907 2879 pensaret.
929 2803 989 2864 hoc
1004 2809 1087 2863 certe

104 2886 135 2945 in
151 2885 200 2944 his
216 2887 355 2960 epistulis
377 2885 433 2960 ail,
462 2902 539 2960 quas
555 2884 679 2960 scripsit
698 2887 826 2946 Charino
847 2888 1025 2963 magistratu
1047 2887 1086 2946 ad

103 2969 310 3047 Polyaenumz
331 2977 361 3029 et
377 2969 500 3044 quidem
512 2969 657 3045 gloriatur
668 2987 730 3030 non
741 2978 805 3032 toto
818 2987 891 3030 asse
902 2972 1002 3047 pasci=
1022 2970 1086 3029 Me·

103 3054 273 3126 modorum,
298 3053 347 3127 qui
364 3053 498 3114 nondum
514 3061 627 3114 tantum
643 3053 817 3128 profecerit,
838 3062 911 3115 toto.
934 3056 967 3114 In
984 3054 1043 3114 hoc
1055 3061 1088 3113 tu
1094 3069 1129 3123 10

104 3138 189 3197 victu
211 3137 401 3197 saturitatem
422 3143 511 3212 putas
533 3144 625 3197 esset
648 3144 679 3197 et
698 3139 841 3212 voluptas
863 3146 919 3197 est.
942 3138 1085 3212 voluptas

102 3229 208 3281 autem
226 3236 287 3280 non
304 3220 356 3278 illa
372 3221 449 3280 levis
466 3228 497 3281 et
516 3223 611 3295 lugax
631 3222 662 3281 et'
679 3221 810 3280 subinde
824 3219 1008 3294 reficienda,
1029 3220 1086 3280 sed

102 3304 227 3365 stabilis
242 3312 272 3363 et
294 3310 386 3362 certa.
415 3320 475 3364 non
498 3305 576 3363 enim
597 3304 731 3363 iucunda
749 3320 800 3363 res
821 3311 869 3363 est
890 3319 970 3378 aqua
984 3311 1015 3364 et
1030 3303 1084 3378 po-

104 3389 189 3447 lenta
208 3394 262 3448 aut
282 3388 409 3447 frustum
425 3387 589 3448 hordeacei
606 3386 711 3461 panis,
734 3387 790 3446 sed
809 3402 928 3446 summa
945 3387 1087 3462 voluptas

106 3479 157 3532 est
170 3486 268 3545 posse
281 3486 393 3545 capere
408 3472 497 3532 etiam
512 3487 552 3531 ex
568 3471 614 3530 his
629 3471 816 3546 voluptatem
833 3477 860 3529 et
877 3471 962 3531 adid
983 3487 1018 3531 se
1033 3472 1086 3532 de·
