2468 3930
214 627 604 746 nonusnullum
628 674 775 743 ramur
796 674 910 742 nunu
929 663 1141 745 rusrmonn

299 773 459 845 mrrnuu
476 774 517 841 rr
537 773 745 841 urrunnun
765 771 811 838 ur
829 771 875 839 ns
894 770 1062 847 annuum.

654 1047 677 1107 Ι.

147 1156 170 1236 ἰ
245 1166 354 1237 Qumtt.
376 1168 468 1224 instita
488 1142 861 1239 crc10X,1,125-131.
893 1166 937 1222 Ex
956 1167 1094 1224 industria
1112 1132 1163 1225 Se·

185 1267 286 1309 necam
308 1251 337 1305 in
358 1251 434 1306 omni
453 1264 559 1322 genere
582 1251 760 1322 eloquentiae
781 1251 875 1308 distuli
891 1257 1007 1324 propter
1020 1254 1164 1325 vulgatam

184 1338 255 1392 salso
279 1335 316 1392 de
338 1351 384 1390 me
402 1335 576 1407 opinionem,
599 1328 669 1406 quia'
681 1334 816 1391 damnare
835 1350 901 1390 enm
916 1341 943 1391 et
957 1335 1080 1393 invisum
1095 1351 1164 1408 quo·

185 1435 240 1491 que
256 1419 362 1474 habere
377 1435 440 1474 sum
455 1417 586 1474 creditus.
608 1418 685 1491 quod
697 1417 799 1474 accidit
815 1414 898 1488 mihi,
920 1416 988 1475 dum
1003 1416 1164 1491 corruptum

185 1510 212 1559 et
226 1495 354 1558 omnibus
368 1503 442 1560 vitiis
455 1503 571 1558 tractum
586 1502 699 1559 dicendi
710 1518 801 1574 genus
812 1517 950 1560 revocare
966 1503 1004 1560 ad
1018 1503 1164 1560 severiora

185 1585 288 1642 iudicia
310 1585 465 1642 contendo:
486 1592 544 1643 turn
565 1592 658 1642 autern
676 1587 753 1642 solus
773 1586 818 1642 hic
832 1587 891 1642 iere
906 1587 937 1642 in
950 1588 1080 1644 manibus
1095 1586 1162 1643 ado·

185 1669 349 1726 lescentium
363 1670 421 1725 init.
443 1685 527 1742 quem
541 1686 598 1726 non
613 1669 746 1743 equidem
760 1670 873 1726 omnino
886 1673 1011 1728 conabar
1022 1678 1162 1741 excutere,

184 1754 237 1809 sed
256 1755 466 1826 potioribus
489 1754 674 1826 praeferri
695 1770 764 1810 non
785 1754 961 1824 sinebam,
989 1771 1078 1826 quos
1100 1756 1163 1810 ille

185 1854 253 1893 non
266 1837 465 1893 destiterat
479 1838 687 1909 incessere,
705 1855 769 1893 cum
783 1837 890 1895 diversi
904 1838 957 1895 sibi
970 1839 1102 1895 conscius
1114 1855 1161 1910 ge-

184 1922 261 1977 neris
277 1923 391 1994 placere
405 1938 437 1977 se
453 1922 481 1976 in
497 1920 618 1979 dicendo
632 1938 734 1994 posse,
750 1922 850 1993 quibus
867 1922 905 1978 illi
915 1924 1073 1995 placerent,
1089 1920 1163 1977 dilli-

184 2005 274 2062 deret.
319 2006 460 2062 Amabant
476 2011 569 2061 autem
590 2023 655 2062 eum
671 2006 762 2078 magis
782 2021 865 2078 quam
887 2006 1079 2076 imitabantur,
1101 2010 1163 2061 tan·

184 2097 298 2161 tumque
313 2091 348 2146 ab
365 2107 399 2146 eo
417 2087 594 2160 defluebant,
611 2095 743 2161 quantum
756 2090 803 2146 ille
820 2091 855 2146 ab
871 2091 992 2162 antiquis
1003 2088 1162 2146 descende-

183 2181 235 2231 rat.
257 2175 330 2229 ioret
350 2174 424 2229 enirn
446 2173 600 2245 optandum
613 2190 700 2247 pares
715 2180 762 2229 aut
776 2175 874 2229 saltem
889 2175 1034 2247 proximos
1048 2174 1088 2229 illi
1101 2173 1163 2228 viro

183 2257 260 2313 tieri=
276 2257 329 2313 sed
343 2258 473 2330 placebat
486 2263 603 2330 propter
619 2259 680 2314 sola
695 2258 776 2327 vitiu,
793 2256 871 2314 etad
886 2274 966 2314 ease
983 2256 1103 2330 quisque
1121 2255 1162 2312 di-

182 2341 292 2415 rigebat
313 2340 488 2414 effingenda,
516 2356 588 2412 quae
614 2348 737 2413 poterat,
763 2340 881 2408 deinde,
907 2358 971 2398 cum
993 2359 1025 2399 se
1047 2341 1164 2398 iactaret

184 2425 286 2482 eodem
310 2425 394 2482 modo
422 2424 532 2492 dicere,
561 2423 701 2482 Senecam
722 2425 881 2481 infamabat.
908 2425 987 2481 cuius
1010 2430 1038 2482 et
1059 2425 1162 2480 multae

184 2509 288 2580 alioqui
305 2515 333 2564 et
352 2524 473 2581 magnae
488 2509 603 2566 virtutes
618 2511 744 2565 fuerunt:
766 2509 910 2582 ingenium
924 2509 1005 2566 facile
1022 2515 1055 2566 et‘
1066 2509 1162 2581 copio-

184 2608 261 2661 sum,
282 2593 432 2663 plurimum
447 2592 546 2662 studii,
569 2594 656 2648 multa
676 2608 770 2649 rerum
786 2593 922 2666 cognitio,
943 2593 971 2648 in
993 2608 1050 2664 qua
1068 2598 1161 2648 tamen

183 2673 335 2745 aliquando
350 2677 385 2731 ab
399 2674 459 2744 his,
476 2676 576 2746 quibus
593 2675 760 2747 inquirenda
774 2676 913 2749 quaedam
927 2676 1095 2744 mandabat,
1111 2675 1162 2732 de·

183 2763 281 2830 ceptus
297 2763 349 2813 est.
378 2757 566 2816 Tractavit
587 2760 697 2832 etiarn
712 2776 847 2816 ornnem
862 2762 939 2817 tere
958 2759 1163 2816 studiorum

183 2841 384 2897 materiam:
409 2856 487 2896 nam
512 2848 544 2897 et
568 2842 756 2900 orationes
781 2843 862 2900 eius
888 2849 921 2900 et
940 2847 1109 2917 poemata
1130 2848 1163 2898 et

183 2924 326 2998 dialogi
352 2927 526 2984 teruntur.
577 2927 614 2982 ln
640 2927 882 3000 philosophia
908 2943 1010 3001 parurn
1031 2926 1162 2998 diligens,

183 3011 316 3084 egregius
331 3016 425 3067 tamen
440 3011 591 3067 insectator
605 3012 736 3069 vitiorum
751 3012 808 3067 luit.
840 3011 943 3068 Multae
957 3012 986 3067 in
1003 3027 1038 3066 eo
1053 3010 1161 3065 clarae-

183 3111 237 3167 que
263 3096 431 3167 sententiae,
451 3097 537 3151 multa
559 3096 643 3152 etiam
657 3111 767 3152 morum
788 3096 878 3169 gratia
897 3094 1036 3169 legenda,
1055 3093 1108 3150 sed
1132 3093 1162 3148 in

183 3180 343 3252 eloquendo
358 3186 489 3251 corrupta
504 3181 641 3253 pleraque
656 3185 739 3253 atquc
754 3196 788 3236 eo
806 3179 1060 3253 perniciosissima,
1082 3177 1161 3248 quod

182 3263 325 3321 abundant
336 3265 462 3320 dulcibus
473 3264 560 3321 vitiis:
573 3265 661 3321 velles
674 3281 739 3320 eum
745 3281 797 3320 suo
810 3265 923 3336 ingenio
935 3262 1055 3329 dixisse,
1067 3261 1159 3318 alieno

181 3348 295 3404 iudicio.
317 3363 381 3404 nam
396 3348 421 3403 si
431 3349 525 3420 aliqua
539 3350 763 3421 contempsisset,
782 3349 806 3404 si
818 3353 929 3422 partem
940 3363 998 3404 non
1010 3344 1161 3416 concupis-

180 3437 238 3500 set,
258 3432 283 3486 si
304 3447 361 3486 non
381 3432 475 3488 omnia
489 3449 541 3488 sua
558 3438 695 3504 amasset,
715 3433 739 3488 si
754 3448 848 3490 rerum
862 3433 992 3507 pondera
1006 3427 1159 3488 minutissi-
