<?xml version="1.0" encoding="UTF-8"?>
<!DOCTYPE html PUBLIC "-//W3C//DTD XHTML 1.0 Transitional//EN"
    "http://www.w3.org/TR/xhtml1/DTD/xhtml1-transitional.dtd">
<html xmlns="http://www.w3.org/1999/xhtml" xml:lang="en" lang="en">
 <head>
  <title>
</title>
<meta http-equiv="Content-Type" content="text/html;charset=utf-8" />
  <meta name='ocr-system' content='tesseract 3.04.00' />
  <meta name='ocr-capabilities' content='ocr_page ocr_carea ocr_par ocr_line ocrx_word'/>
</head>
<body>
  <div class='ocr_page' id='page_1' title='image "./lannaeisenecaeo00haasgoog_0153.png"; bbox 0 0 2468 3930; ppageno 0'>
   <div class='ocr_carea' id='block_1_1' title="bbox 178 217 858 292">
    <p class='ocr_par' dir='ltr' id='par_1_1' title="bbox 178 217 858 292">
     <span class='ocr_line' id='line_1_1' title="bbox 178 217 858 292; baseline -0.019 0"><span class='ocrx_word' id='word_1_1' title='bbox 178 226 241 292; x_wconf 74' lang='lat'><strong>120</strong></span> <span class='ocrx_word' id='word_1_2' title='bbox 467 223 500 283; x_wconf 88' lang='lat' dir='ltr'><strong>L.</strong></span> <span class='ocrx_word' id='word_1_3' title='bbox 518 219 665 283; x_wconf 81' lang='lat' dir='ltr'>ANNAEI</span> <span class='ocrx_word' id='word_1_4' title='bbox 682 217 858 281; x_wconf 79' lang='lat' dir='ltr'>SENECAE</span> 
     </span>
    </p>
   </div>
   <div class='ocr_carea' id='block_1_2' title="bbox 176 369 1155 522">
    <p class='ocr_par' dir='ltr' id='par_1_2' title="bbox 176 369 1155 522">
     <span class='ocr_line' id='line_1_2' title="bbox 176 369 1155 448; baseline -0.004 -11"><span class='ocrx_word' id='word_1_5' title='bbox 176 379 259 438; x_wconf 90' lang='lat' dir='ltr'><strong>nulla</strong></span> <span class='ocrx_word' id='word_1_6' title='bbox 287 374 486 436; x_wconf 73' lang='lat' dir='ltr'><strong>inmortalitas</strong></span> <span class='ocrx_word' id='word_1_7' title='bbox 518 392 587 436; x_wconf 91' lang='lat' dir='ltr'><strong>cum</strong></span> <span class='ocrx_word' id='word_1_8' title='bbox 616 371 798 448; x_wconf 72' lang='lat' dir='ltr'>exceptione</span> <span class='ocrx_word' id='word_1_9' title='bbox 825 376 956 433; x_wconf 86' lang='lat' dir='ltr'><strong>estnec</strong></span> <span class='ocrx_word' id='word_1_10' title='bbox 985 369 1155 446; x_wconf 86' lang='lat' dir='ltr'><strong>quicquam</strong></span> 
     </span>
     <span class='ocr_line' id='line_1_3' title="bbox 178 459 624 522; baseline -0.013 -1"><span class='ocrx_word' id='word_1_11' title='bbox 178 460 303 522; x_wconf 88' lang='lat' dir='ltr'><strong>noxium</strong></span> <span class='ocrx_word' id='word_1_12' title='bbox 319 465 442 519; x_wconf 92' lang='lat' dir='ltr'><strong>aeterno</strong></span> <span class='ocrx_word' id='word_1_13' title='bbox 458 466 514 520; x_wconf 92' lang='lat' dir='ltr'><strong>est.</strong></span> <span class='ocrx_word' id='word_1_14' title='bbox 537 459 624 519; x_wconf 87' lang='lat' dir='ltr'><strong>Vale.</strong></span> 
     </span>
    </p>
   </div>
   <div class='ocr_carea' id='block_1_3' title="bbox 390 573 904 741">
    <p class='ocr_par' dir='ltr' id='par_1_3' title="bbox 390 573 904 741">
     <span class='ocr_line' id='line_1_4' title="bbox 390 573 850 681; baseline 0 -30"><span class='ocrx_word' id='word_1_15' title='bbox 390 573 393 579; x_wconf 78' lang='grc'>’</span> <span class='ocrx_word' id='word_1_16' title='bbox 475 591 850 681; x_wconf 73' lang='lat' dir='ltr'><strong>EPISTULAV1.(58·)</strong></span> 
     </span>
     <span class='ocr_line' id='line_1_5' title="bbox 430 688 904 741; baseline -0.004 -2"><span class='ocrx_word' id='word_1_17' title='bbox 430 688 540 740; x_wconf 77' lang='lat' dir='ltr'><strong>sannen</strong></span> <span class='ocrx_word' id='word_1_18' title='bbox 558 691 669 741; x_wconf 81' lang='lat' dir='ltr'><strong>Lucania</strong></span> <span class='ocrx_word' id='word_1_19' title='bbox 691 697 742 738; x_wconf 85' lang='lat' dir='ltr'><strong>suo</strong></span> <span class='ocrx_word' id='word_1_20' title='bbox 760 697 904 737; x_wconf 70' lang='lat' dir='ltr'><strong>securam.</strong></span> 
     </span>
    </p>
   </div>
   <div class='ocr_carea' id='block_1_4' title="bbox 144 787 1154 3203">
    <p class='ocr_par' dir='ltr' id='par_1_4' title="bbox 152 787 1153 1289">
     <span class='ocr_line' id='line_1_6' title="bbox 152 787 1153 865; baseline 0.001 -17"><span class='ocrx_word' id='word_1_21' title='bbox 152 810 165 862; x_wconf 94' lang='lat'>1</span> <span class='ocrx_word' id='word_1_22' title='bbox 243 787 389 861; x_wconf 81' lang='lat' dir='ltr'><strong>Quanta</strong></span> <span class='ocrx_word' id='word_1_23' title='bbox 415 789 622 851; x_wconf 86' lang='lat' dir='ltr'><strong>verborum</strong></span> <span class='ocrx_word' id='word_1_24' title='bbox 644 789 757 851; x_wconf 90' lang='lat' dir='ltr'><strong>nobis</strong></span> <span class='ocrx_word' id='word_1_25' title='bbox 785 796 1012 865; x_wconf 81' lang='lat' dir='ltr'>paupertas,</span> <span class='ocrx_word' id='word_1_26' title='bbox 1041 788 1153 849; x_wconf 82' lang='lat' dir='ltr'><strong>imino</strong></span> 
     </span>
     <span class='ocr_line' id='line_1_7' title="bbox 178 871 1151 949; baseline 0.002 -18"><span class='ocrx_word' id='word_1_27' title='bbox 178 880 337 946; x_wconf 77' lang='lat' dir='ltr'><strong>egestas</strong></span> <span class='ocrx_word' id='word_1_28' title='bbox 360 873 413 944; x_wconf 91' lang='lat' dir='ltr'><strong>sit,</strong></span> <span class='ocrx_word' id='word_1_29' title='bbox 439 888 605 949; x_wconf 86' lang='lat' dir='ltr'>numquam</span> <span class='ocrx_word' id='word_1_30' title='bbox 632 872 729 948; x_wconf 73' lang='lat' dir='ltr'><strong>arogis</strong></span> <span class='ocrx_word' id='word_1_31' title='bbox 750 889 843 948; x_wconf 89' lang='lat' dir='ltr'><strong>quam</strong></span> <span class='ocrx_word' id='word_1_32' title='bbox 861 871 1011 935; x_wconf 92' lang='lat' dir='ltr'><strong>hodierno</strong></span> <span class='ocrx_word' id='word_1_33' title='bbox 1035 871 1086 932; x_wconf 92' lang='lat' dir='ltr'><strong>die</strong></span> <span class='ocrx_word' id='word_1_34' title='bbox 1105 872 1151 933; x_wconf 91' lang='lat' dir='ltr'><strong>in·</strong></span> 
     </span>
     <span class='ocr_line' id='line_1_8' title="bbox 177 953 1152 1029; baseline 0 -14"><span class='ocrx_word' id='word_1_35' title='bbox 177 953 294 1015; x_wconf 73' lang='lat' dir='ltr'><strong>teltexir</strong></span> <span class='ocrx_word' id='word_1_36' title='bbox 317 956 426 1017; x_wconf 84' lang='lat' dir='ltr'><strong>anille</strong></span> <span class='ocrx_word' id='word_1_37' title='bbox 446 973 509 1017; x_wconf 91' lang='lat' dir='ltr'><strong>res</strong></span> <span class='ocrx_word' id='word_1_38' title='bbox 530 957 768 1029; x_wconf 89' lang='lat' dir='ltr'><strong>inciderunt,</strong></span> <span class='ocrx_word' id='word_1_39' title='bbox 797 973 865 1017; x_wconf 89' lang='lat' dir='ltr'><strong>cum</strong></span> <span class='ocrx_word' id='word_1_40' title='bbox 881 957 957 1018; x_wconf 80' lang='lat' dir='ltr'><strong>forte</strong></span> <span class='ocrx_word' id='word_1_41' title='bbox 972 957 1012 1017; x_wconf 90' lang='lat' dir='ltr'><strong>de</strong></span> <span class='ocrx_word' id='word_1_42' title='bbox 1026 954 1152 1017; x_wconf 85' lang='lat' dir='ltr'><strong>Platone</strong></span> 
     </span>
     <span class='ocr_line' id='line_1_9' title="bbox 178 1039 1152 1115; baseline 0.004 -19"><span class='ocrx_word' id='word_1_43' title='bbox 178 1039 388 1114; x_wconf 75' lang='lat' dir='ltr'><strong>loqueremur,</strong></span> <span class='ocrx_word' id='word_1_44' title='bbox 412 1057 509 1115; x_wconf 89' lang='lat' dir='ltr'><strong>quae</strong></span> <span class='ocrx_word' id='word_1_45' title='bbox 530 1041 683 1103; x_wconf 88' lang='lat' dir='ltr'><strong>nomina</strong></span> <span class='ocrx_word' id='word_1_46' title='bbox 703 1039 977 1101; x_wconf 81' lang='lat' dir='ltr'><strong>desiderarent</strong></span> <span class='ocrx_word' id='word_1_47' title='bbox 997 1055 1067 1100; x_wconf 87' lang='lat' dir='ltr'><strong>nee</strong></span> <span class='ocrx_word' id='word_1_48' title='bbox 1087 1039 1152 1100; x_wconf 84' lang='lat' dir='ltr'><strong>ha·</strong></span> 
     </span>
     <span class='ocr_line' id='line_1_10' title="bbox 177 1123 1151 1199; baseline 0.002 -18"><span class='ocrx_word' id='word_1_49' title='bbox 177 1123 327 1196; x_wconf 90' lang='lat' dir='ltr'><strong>berent,</strong></span> <span class='ocrx_word' id='word_1_50' title='bbox 356 1124 543 1199; x_wconf 88' lang='lat' dir='ltr'><strong>quaedam</strong></span> <span class='ocrx_word' id='word_1_51' title='bbox 569 1140 675 1197; x_wconf 84' lang='lat' dir='ltr'><strong>uero,</strong></span> <span class='ocrx_word' id='word_1_52' title='bbox 705 1139 787 1184; x_wconf 82' lang='lat' dir='ltr'><strong>curn</strong></span> <span class='ocrx_word' id='word_1_53' title='bbox 813 1123 1065 1194; x_wconf 78' lang='lat' dir='ltr'><strong>habuissent,</strong></span> <span class='ocrx_word' id='word_1_54' title='bbox 1096 1123 1151 1183; x_wconf 83' lang='lat' dir='ltr'><strong>ia-</strong></span> 
     </span>
     <span class='ocr_line' id='line_1_11' title="bbox 178 1205 1152 1289; baseline 0 -24"><span class='ocrx_word' id='word_1_55' title='bbox 178 1207 300 1267; x_wconf 90' lang='lat' dir='ltr'><strong>stidio</strong></span> <span class='ocrx_word' id='word_1_56' title='bbox 326 1215 464 1289; x_wconf 79' lang='lat' dir='ltr'><strong>nostro</strong></span> <span class='ocrx_word' id='word_1_57' title='bbox 493 1207 772 1282; x_wconf 86' lang='lat' dir='ltr'><strong>perdidissent</strong></span> <span class='ocrx_word' id='word_1_58' title='bbox 812 1205 882 1282; x_wconf 86' lang='lat' dir='ltr'><strong>quis</strong></span> <span class='ocrx_word' id='word_1_59' title='bbox 902 1213 1002 1271; x_wconf 86' lang='lat' dir='ltr'><strong>autem</strong></span> <span class='ocrx_word' id='word_1_60' title='bbox 1024 1205 1152 1267; x_wconf 82' lang='lat' dir='ltr'><strong>teretia</strong></span> 
     </span>
    </p>

    <p class='ocr_par' dir='ltr' id='par_1_5' title="bbox 149 1281 1154 1533">
     <span class='ocr_line' id='line_1_12' title="bbox 149 1281 1154 1367; baseline 0.003 -19"><span class='ocrx_word' id='word_1_61' title='bbox 149 1295 312 1364; x_wconf 77' lang='lat' dir='ltr'><strong>seg-estate</strong></span> <span class='ocrx_word' id='word_1_62' title='bbox 332 1291 508 1351; x_wconf 70' lang='lat' dir='ltr'><strong>fastidium?</strong></span> <span class='ocrx_word' id='word_1_63' title='bbox 537 1292 627 1353; x_wconf 87' lang='lat' dir='ltr'><strong>Hune</strong></span> <span class='ocrx_word' id='word_1_64' title='bbox 648 1307 738 1365; x_wconf 87' lang='lat' dir='ltr'><strong>quern</strong></span> <span class='ocrx_word' id='word_1_65' title='bbox 756 1289 864 1351; x_wconf 89' lang='lat' dir='ltr'><strong>Graeci</strong></span> <span class='ocrx_word' id='word_1_66' title='bbox 886 1281 1020 1367; x_wconf 73' lang='grc' dir='ltr'><strong><em>οἶστρον</em></strong></span> <span class='ocrx_word' id='word_1_67' title='bbox 1039 1296 1154 1351; x_wconf 84' lang='lat' dir='ltr'><strong>vocant</strong></span> 
     </span>
     <span class='ocr_line' id='line_1_13' title="bbox 177 1371 1152 1448; baseline 0.001 -16"><span class='ocrx_word' id='word_1_68' title='bbox 177 1389 291 1448; x_wconf 90' lang='lat' dir='ltr'><strong>pecora</strong></span> <span class='ocrx_word' id='word_1_69' title='bbox 307 1382 502 1448; x_wconf 82' lang='lat' dir='ltr'><strong>peragentem</strong></span> <span class='ocrx_word' id='word_1_70' title='bbox 518 1381 548 1435; x_wconf 90' lang='lat' dir='ltr'><strong>et</strong></span> <span class='ocrx_word' id='word_1_71' title='bbox 561 1375 631 1435; x_wconf 90' lang='lat' dir='ltr'><strong>totis</strong></span> <span class='ocrx_word' id='word_1_72' title='bbox 643 1374 771 1435; x_wconf 85' lang='lat' dir='ltr'><strong>saltibus</strong></span> <span class='ocrx_word' id='word_1_73' title='bbox 783 1371 997 1448; x_wconf 85' lang='lat' dir='ltr'><strong>dissipantem,</strong></span> <span class='ocrx_word' id='word_1_74' title='bbox 1013 1375 1152 1435; x_wconf 85' lang='lat' dir='ltr'><strong>asilum</strong></span> 
     </span>
     <span class='ocr_line' id='line_1_14' title="bbox 178 1456 1008 1533; baseline 0.001 -17"><span class='ocrx_word' id='word_1_75' title='bbox 178 1457 275 1517; x_wconf 93' lang='lat' dir='ltr'><strong>nostri</strong></span> <span class='ocrx_word' id='word_1_76' title='bbox 292 1456 453 1518; x_wconf 89' lang='lat' dir='ltr'><strong>vocabant.</strong></span> <span class='ocrx_word' id='word_1_77' title='bbox 476 1458 536 1516; x_wconf 93' lang='lat' dir='ltr'><strong>hoc</strong></span> <span class='ocrx_word' id='word_1_78' title='bbox 550 1456 686 1533; x_wconf 84' lang='lat' dir='ltr'><strong>Vergilio</strong></span> <span class='ocrx_word' id='word_1_79' title='bbox 702 1458 771 1518; x_wconf 89' lang='lat' dir='ltr'><strong>licet</strong></span> <span class='ocrx_word' id='word_1_80' title='bbox 785 1457 910 1517; x_wconf 83' lang='lat' dir='ltr'><strong>credas:</strong></span> <span class='ocrx_word' id='word_1_81' title='bbox 1005 1508 1008 1517; x_wconf 89' lang='lat'><em>.</em></span> 
     </span>
    </p>

    <p class='ocr_par' dir='ltr' id='par_1_6' title="bbox 256 1539 1006 1697">
     <span class='ocr_line' id='line_1_15' title="bbox 261 1539 969 1615; baseline 0.007 -17"><span class='ocrx_word' id='word_1_82' title='bbox 261 1540 315 1599; x_wconf 85' lang='lat' dir='ltr'><strong>Est</strong></span> <span class='ocrx_word' id='word_1_83' title='bbox 326 1543 424 1599; x_wconf 82' lang='lat' dir='ltr'><strong>lucam</strong></span> <span class='ocrx_word' id='word_1_84' title='bbox 438 1539 534 1600; x_wconf 84' lang='lat' dir='ltr'><strong>Silari</strong></span> <span class='ocrx_word' id='word_1_85' title='bbox 545 1545 630 1602; x_wconf 76' lang='lat' dir='ltr'><strong>iacta</strong></span> <span class='ocrx_word' id='word_1_86' title='bbox 643 1542 814 1615; x_wconf 78' lang='lat' dir='ltr'><strong>ilicibusque</strong></span> <span class='ocrx_word' id='word_1_87' title='bbox 828 1544 969 1603; x_wconf 66' lang='lat' dir='ltr'><strong>vicatim</strong></span> 
     </span>
     <span class='ocr_line' id='line_1_16' title="bbox 256 1624 1006 1697; baseline 0.004 -15"><span class='ocrx_word' id='word_1_88' title='bbox 256 1625 407 1697; x_wconf 84' lang='lat' dir='ltr'><strong>plurimus</strong></span> <span class='ocrx_word' id='word_1_89' title='bbox 420 1624 584 1685; x_wconf 80' lang='lat' dir='ltr'><strong>Alburnum</strong></span> <span class='ocrx_word' id='word_1_90' title='bbox 598 1628 736 1695; x_wconf 84' lang='lat' dir='ltr'><strong>volitans,</strong></span> <span class='ocrx_word' id='word_1_91' title='bbox 750 1628 801 1684; x_wconf 84' lang='lat' dir='ltr'><strong>cai</strong></span> <span class='ocrx_word' id='word_1_92' title='bbox 812 1640 916 1685; x_wconf 81' lang='lat' dir='ltr'><strong>nomen</strong></span> <span class='ocrx_word' id='word_1_93' title='bbox 931 1627 1006 1685; x_wconf 83' lang='lat' dir='ltr'><strong>asilo</strong></span> 
     </span>
    </p>

    <p class='ocr_par' dir='ltr' id='par_1_7' title="bbox 209 1706 1070 1947">
     <span class='ocr_line' id='line_1_17' title="bbox 209 1706 1070 1781; baseline 0.005 -16"><span class='ocrx_word' id='word_1_94' title='bbox 209 1718 212 1724; x_wconf 83' lang='lat'>·</span> <span class='ocrx_word' id='word_1_95' title='bbox 260 1706 427 1767; x_wconf 82' lang='lat' dir='ltr'><strong>Romanam</strong></span> <span class='ocrx_word' id='word_1_96' title='bbox 439 1713 496 1780; x_wconf 86' lang='lat' dir='ltr'><strong>est,</strong></span> <span class='ocrx_word' id='word_1_97' title='bbox 513 1715 639 1769; x_wconf 82' lang='lat' dir='ltr'><strong>oestrum</strong></span> <span class='ocrx_word' id='word_1_98' title='bbox 655 1710 741 1769; x_wconf 69' lang='lat' dir='ltr'><strong>Graii</strong></span> <span class='ocrx_word' id='word_1_99' title='bbox 753 1714 868 1768; x_wconf 68' lang='lat' dir='ltr'><strong>certem</strong></span> <span class='ocrx_word' id='word_1_100' title='bbox 880 1714 1033 1781; x_wconf 75' lang='lat' dir='ltr'><strong>cocantes,</strong></span> <span class='ocrx_word' id='word_1_101' title='bbox 1067 1736 1070 1745; x_wconf 92' lang='lat'><em>·</em></span> 
     </span>
     <span class='ocr_line' id='line_1_18' title="bbox 261 1792 1025 1865; baseline 0.007 -17"><span class='ocrx_word' id='word_1_102' title='bbox 261 1805 364 1864; x_wconf 84' lang='lat' dir='ltr'><strong>asper,</strong></span> <span class='ocrx_word' id='word_1_103' title='bbox 380 1792 489 1850; x_wconf 80' lang='lat' dir='ltr'><strong>acerba</strong></span> <span class='ocrx_word' id='word_1_104' title='bbox 503 1807 626 1864; x_wconf 83' lang='lat' dir='ltr'><strong>sonans,</strong></span> <span class='ocrx_word' id='word_1_105' title='bbox 644 1807 701 1865; x_wconf 84' lang='lat' dir='ltr'><strong>quo</strong></span> <span class='ocrx_word' id='word_1_106' title='bbox 715 1798 774 1852; x_wconf 83' lang='lat' dir='ltr'><strong>tota</strong></span> <span class='ocrx_word' id='word_1_107' title='bbox 787 1794 932 1853; x_wconf 77' lang='lat' dir='ltr'><strong>exterrita</strong></span> <span class='ocrx_word' id='word_1_108' title='bbox 944 1794 1025 1853; x_wconf 81' lang='lat' dir='ltr'><strong>silvis</strong></span> 
     </span>
     <span class='ocr_line' id='line_1_19' title="bbox 261 1872 578 1947; baseline 0.006 -16"><span class='ocrx_word' id='word_1_109' title='bbox 261 1872 423 1947; x_wconf 70' lang='lat' dir='ltr'><strong>dissaepiunt</strong></span> <span class='ocrx_word' id='word_1_110' title='bbox 434 1881 578 1935; x_wconf 81' lang='lat' dir='ltr'><strong>armenta.</strong></span> 
     </span>
    </p>

    <p class='ocr_par' dir='ltr' id='par_1_8' title="bbox 144 1956 1152 2202">
     <span class='ocr_line' id='line_1_20' title="bbox 144 1956 1151 2032; baseline -0.001 -14"><span class='ocrx_word' id='word_1_111' title='bbox 144 1963 162 2018; x_wconf 75' lang='lat'><strong>3</strong></span> <span class='ocrx_word' id='word_1_112' title='bbox 175 1964 250 2029; x_wconf 90' lang='lat' dir='ltr'><strong>puto</strong></span> <span class='ocrx_word' id='word_1_113' title='bbox 263 1957 394 2030; x_wconf 82' lang='lat' dir='ltr'><strong>intellegi</strong></span> <span class='ocrx_word' id='word_1_114' title='bbox 407 1956 488 2018; x_wconf 88' lang='lat' dir='ltr'><strong>istud</strong></span> <span class='ocrx_word' id='word_1_115' title='bbox 499 1958 626 2018; x_wconf 89' lang='lat' dir='ltr'><strong>verbum</strong></span> <span class='ocrx_word' id='word_1_116' title='bbox 637 1956 790 2018; x_wconf 87' lang='lat' dir='ltr'><strong>interisse.</strong></span> <span class='ocrx_word' id='word_1_117' title='bbox 804 1958 848 2016; x_wconf 91' lang='lat' dir='ltr'><strong>Ne</strong></span> <span class='ocrx_word' id='word_1_118' title='bbox 859 1964 888 2017; x_wconf 89' lang='lat' dir='ltr'><strong>te</strong></span> <span class='ocrx_word' id='word_1_119' title='bbox 900 1959 992 2032; x_wconf 78' lang='lat' dir='ltr'><strong>louge</strong></span> <span class='ocrx_word' id='word_1_120' title='bbox 1002 1956 1151 2032; x_wconf 80' lang='lat' dir='ltr'><strong>differam,</strong></span> 
     </span>
     <span class='ocr_line' id='line_1_21' title="bbox 179 2039 1151 2115; baseline 0.003 -17"><span class='ocrx_word' id='word_1_121' title='bbox 179 2040 329 2112; x_wconf 91' lang='lat' dir='ltr'><strong>quaedam</strong></span> <span class='ocrx_word' id='word_1_122' title='bbox 351 2040 500 2115; x_wconf 90' lang='lat' dir='ltr'><strong>simplicia</strong></span> <span class='ocrx_word' id='word_1_123' title='bbox 521 2039 552 2100; x_wconf 93' lang='lat' dir='ltr'><strong>in</strong></span> <span class='ocrx_word' id='word_1_124' title='bbox 566 2057 627 2102; x_wconf 89' lang='lat' dir='ltr'><strong>usu</strong></span> <span class='ocrx_word' id='word_1_125' title='bbox 647 2050 747 2113; x_wconf 88' lang='lat' dir='ltr'><strong>erant,</strong></span> <span class='ocrx_word' id='word_1_126' title='bbox 771 2042 850 2101; x_wconf 91' lang='lat' dir='ltr'><strong>sicut</strong></span> <span class='ocrx_word' id='word_1_127' title='bbox 870 2055 1031 2103; x_wconf 89' lang='lat' dir='ltr'><strong>cernere</strong></span> <span class='ocrx_word' id='word_1_128' title='bbox 1046 2041 1151 2101; x_wconf 84' lang='lat' dir='ltr'><strong>ferro</strong></span> 
     </span>
     <span class='ocr_line' id='line_1_22' title="bbox 177 2122 1152 2202; baseline 0.001 -22"><span class='ocrx_word' id='word_1_129' title='bbox 177 2122 278 2182; x_wconf 92' lang='lat' dir='ltr'><strong>inter</strong></span> <span class='ocrx_word' id='word_1_130' title='bbox 295 2139 336 2184; x_wconf 91' lang='lat' dir='ltr'><strong>se</strong></span> <span class='ocrx_word' id='word_1_131' title='bbox 350 2123 561 2202; x_wconf 90' lang='lat' dir='ltr'><strong>dicebant[ur].</strong></span> <span class='ocrx_word' id='word_1_132' title='bbox 590 2125 670 2184; x_wconf 91' lang='lat' dir='ltr'><strong>idem</strong></span> <span class='ocrx_word' id='word_1_133' title='bbox 681 2125 834 2199; x_wconf 82' lang='lat' dir='ltr'><strong>Vergilius</strong></span> <span class='ocrx_word' id='word_1_134' title='bbox 849 2124 909 2185; x_wconf 92' lang='lat' dir='ltr'><strong>hoc</strong></span> <span class='ocrx_word' id='word_1_135' title='bbox 926 2125 1067 2199; x_wconf 85' lang='lat' dir='ltr'><strong>probabit</strong></span> <span class='ocrx_word' id='word_1_136' title='bbox 1082 2124 1152 2186; x_wconf 72' lang='lat' dir='ltr'><strong>tibia</strong></span> 
     </span>
    </p>

    <p class='ocr_par' dir='ltr' id='par_1_9' title="bbox 148 2209 1153 3203">
     <span class='ocr_line' id='line_1_23' title="bbox 261 2209 887 2284; baseline 0 -16"><span class='ocrx_word' id='word_1_137' title='bbox 261 2211 386 2282; x_wconf 78' lang='lat' dir='ltr'><strong>inperitis</strong></span> <span class='ocrx_word' id='word_1_138' title='bbox 397 2213 510 2283; x_wconf 76' lang='lat' dir='ltr'><strong>peritos</strong></span> <span class='ocrx_word' id='word_1_139' title='bbox 523 2210 648 2271; x_wconf 80' lang='lat' dir='ltr'><strong>diversis</strong></span> <span class='ocrx_word' id='word_1_140' title='bbox 661 2209 796 2284; x_wconf 83' lang='lat' dir='ltr'><strong>portibus</strong></span> <span class='ocrx_word' id='word_1_141' title='bbox 809 2209 887 2269; x_wconf 85' lang='lat' dir='ltr'><strong>orbis</strong></span> 
     </span>
     <span class='ocr_line' id='line_1_24' title="bbox 261 2293 875 2365; baseline 0 -14"><span class='ocrx_word' id='word_1_142' title='bbox 261 2294 338 2352; x_wconf 83' lang='lat' dir='ltr'><strong>inter</strong></span> <span class='ocrx_word' id='word_1_143' title='bbox 350 2310 382 2353; x_wconf 83' lang='lat' dir='ltr'><strong>se</strong></span> <span class='ocrx_word' id='word_1_144' title='bbox 396 2296 498 2355; x_wconf 80' lang='lat' dir='ltr'><strong>coiisse</strong></span> <span class='ocrx_word' id='word_1_145' title='bbox 511 2296 589 2354; x_wconf 84' lang='lat' dir='ltr'><strong>viros</strong></span> <span class='ocrx_word' id='word_1_146' title='bbox 602 2299 631 2355; x_wconf 82' lang='lat' dir='ltr'><strong>et</strong></span> <span class='ocrx_word' id='word_1_147' title='bbox 643 2310 768 2355; x_wconf 83' lang='lat' dir='ltr'><strong>cernere</strong></span> <span class='ocrx_word' id='word_1_148' title='bbox 778 2293 875 2365; x_wconf 86' lang='lat' dir='ltr'><strong>ferro.</strong></span> 
     </span>
     <span class='ocr_line' id='line_1_25' title="bbox 179 2373 1152 2450; baseline 0 -17"><span class='ocrx_word' id='word_1_149' title='bbox 179 2374 265 2448; x_wconf 93' lang='lat' dir='ltr'><strong>quod</strong></span> <span class='ocrx_word' id='word_1_150' title='bbox 285 2391 365 2436; x_wconf 90' lang='lat' dir='ltr'><strong>nune</strong></span> <span class='ocrx_word' id='word_1_151' title='bbox 391 2376 602 2437; x_wconf 82' lang='lat' dir='ltr'><strong>decernere</strong></span> <span class='ocrx_word' id='word_1_152' title='bbox 624 2377 763 2436; x_wconf 92' lang='lat' dir='ltr'><strong>dicimus.</strong></span> <span class='ocrx_word' id='word_1_153' title='bbox 796 2375 943 2450; x_wconf 91' lang='lat' dir='ltr'><strong>simplicis</strong></span> <span class='ocrx_word' id='word_1_154' title='bbox 964 2374 1045 2434; x_wconf 87' lang='lat' dir='ltr'><strong>illius</strong></span> <span class='ocrx_word' id='word_1_155' title='bbox 1066 2373 1152 2435; x_wconf 88' lang='lat' dir='ltr'><strong>verbi</strong></span> 
     </span>
     <span class='ocr_line' id='line_1_26' title="bbox 149 2455 1152 2534; baseline 0 -19"><span class='ocrx_word' id='word_1_156' title='bbox 149 2464 253 2519; x_wconf 73' lang='lat' dir='ltr'><strong>susus</strong></span> <span class='ocrx_word' id='word_1_157' title='bbox 269 2460 403 2520; x_wconf 89' lang='lat' dir='ltr'><strong>amissus</strong></span> <span class='ocrx_word' id='word_1_158' title='bbox 419 2467 474 2521; x_wconf 90' lang='lat' dir='ltr'><strong>est.</strong></span> <span class='ocrx_word' id='word_1_159' title='bbox 502 2460 651 2523; x_wconf 81' lang='lat' dir='ltr'><strong>Dicebant</strong></span> <span class='ocrx_word' id='word_1_160' title='bbox 665 2457 780 2534; x_wconf 86' lang='lat' dir='ltr'><strong>antiqui</strong></span> <span class='ocrx_word' id='word_1_161' title='bbox 802 2459 835 2518; x_wconf 92' lang='lat' dir='ltr'><strong>si</strong></span> <span class='ocrx_word' id='word_1_162' title='bbox 856 2459 981 2528; x_wconf 89' lang='lat' dir='ltr'><strong>iusso,</strong></span> <span class='ocrx_word' id='word_1_163' title='bbox 1004 2458 1037 2518; x_wconf 94' lang='lat' dir='ltr'><strong>id</strong></span> <span class='ocrx_word' id='word_1_164' title='bbox 1056 2463 1105 2523; x_wconf 82' lang='lat' dir='ltr'><strong>est</strong></span> <span class='ocrx_word' id='word_1_165' title='bbox 1118 2455 1152 2517; x_wconf 87' lang='lat' dir='ltr'><strong>si</strong></span> 
     </span>
     <span class='ocr_line' id='line_1_27' title="bbox 177 2540 1091 2616; baseline -0.005 -16"><span class='ocrx_word' id='word_1_166' title='bbox 177 2541 344 2604; x_wconf 90' lang='lat' dir='ltr'><strong>iussero.</strong></span> <span class='ocrx_word' id='word_1_167' title='bbox 366 2544 426 2603; x_wconf 89' lang='lat' dir='ltr'><strong>hoc</strong></span> <span class='ocrx_word' id='word_1_168' title='bbox 441 2545 511 2605; x_wconf 93' lang='lat' dir='ltr'><strong>nolo</strong></span> <span class='ocrx_word' id='word_1_169' title='bbox 526 2543 599 2603; x_wconf 90' lang='lat' dir='ltr'><strong>rnihi</strong></span> <span class='ocrx_word' id='word_1_170' title='bbox 614 2543 738 2616; x_wconf 88' lang='lat' dir='ltr'><strong>credas,</strong></span> <span class='ocrx_word' id='word_1_171' title='bbox 758 2543 814 2603; x_wconf 90' lang='lat' dir='ltr'><strong>sed</strong></span> <span class='ocrx_word' id='word_1_172' title='bbox 828 2542 924 2603; x_wconf 89' lang='lat' dir='ltr'><strong>eidem</strong></span> <span class='ocrx_word' id='word_1_173' title='bbox 940 2540 1091 2616; x_wconf 67' lang='lat' dir='ltr'><strong>Vergilias</strong></span> 
     </span>
     <span class='ocr_line' id='line_1_28' title="bbox 264 2626 1045 2700; baseline -0.003 -14"><span class='ocrx_word' id='word_1_174' title='bbox 264 2627 382 2698; x_wconf 81' lang='lat' dir='ltr'><strong>Cetera,</strong></span> <span class='ocrx_word' id='word_1_175' title='bbox 396 2644 456 2700; x_wconf 82' lang='lat' dir='ltr'><strong>que</strong></span> <span class='ocrx_word' id='word_1_176' title='bbox 470 2630 561 2699; x_wconf 79' lang='lat' dir='ltr'><strong>iusso,</strong></span> <span class='ocrx_word' id='word_1_177' title='bbox 577 2642 689 2687; x_wconf 83' lang='lat' dir='ltr'><strong>mecam</strong></span> <span class='ocrx_word' id='word_1_178' title='bbox 702 2643 807 2687; x_wconf 81' lang='lat' dir='ltr'><strong>manus</strong></span> <span class='ocrx_word' id='word_1_179' title='bbox 821 2626 936 2698; x_wconf 83' lang='lat' dir='ltr'><strong>inserat</strong></span> <span class='ocrx_word' id='word_1_180' title='bbox 948 2640 1045 2688; x_wconf 80' lang='lat' dir='ltr'><strong>arma.</strong></span> 
     </span>
     <span class='ocr_line' id='line_1_29' title="bbox 149 2707 1151 2784; baseline 0.006 -21"><span class='ocrx_word' id='word_1_181' title='bbox 149 2709 243 2767; x_wconf 84' lang='lat' dir='ltr'><strong>5Non</strong></span> <span class='ocrx_word' id='word_1_182' title='bbox 264 2707 296 2766; x_wconf 93' lang='lat' dir='ltr'><strong>id</strong></span> <span class='ocrx_word' id='word_1_183' title='bbox 317 2724 375 2782; x_wconf 81' lang='lat' dir='ltr'><strong>ago</strong></span> <span class='ocrx_word' id='word_1_184' title='bbox 391 2724 471 2769; x_wconf 91' lang='lat' dir='ltr'><strong>nunc</strong></span> <span class='ocrx_word' id='word_1_185' title='bbox 485 2709 543 2768; x_wconf 91' lang='lat' dir='ltr'><strong>hac</strong></span> <span class='ocrx_word' id='word_1_186' title='bbox 558 2708 729 2783; x_wconf 80' lang='lat' dir='ltr'><strong>diligentia,</strong></span> <span class='ocrx_word' id='word_1_187' title='bbox 751 2716 784 2768; x_wconf 90' lang='lat' dir='ltr'><strong>ut</strong></span> <span class='ocrx_word' id='word_1_188' title='bbox 805 2710 980 2781; x_wconf 90' lang='lat' dir='ltr'><strong>ostendam,</strong></span> <span class='ocrx_word' id='word_1_189' title='bbox 1004 2714 1151 2784; x_wconf 84' lang='lat' dir='ltr'><strong>quantum</strong></span> 
     </span>
     <span class='ocr_line' id='line_1_30' title="bbox 178 2787 1153 2866; baseline 0.001 -16"><span class='ocrx_word' id='word_1_190' title='bbox 178 2798 297 2864; x_wconf 90' lang='lat' dir='ltr'><strong>tempus</strong></span> <span class='ocrx_word' id='word_1_191' title='bbox 321 2792 403 2865; x_wconf 89' lang='lat' dir='ltr'><strong>apud</strong></span> <span class='ocrx_word' id='word_1_192' title='bbox 423 2793 649 2866; x_wconf 81' lang='lat' dir='ltr'><strong>grammaticum</strong></span> <span class='ocrx_word' id='word_1_193' title='bbox 673 2791 872 2866; x_wconf 87' lang='lat' dir='ltr'><strong>perdiderim,</strong></span> <span class='ocrx_word' id='word_1_194' title='bbox 895 2794 951 2854; x_wconf 93' lang='lat' dir='ltr'><strong>sed</strong></span> <span class='ocrx_word' id='word_1_195' title='bbox 965 2798 999 2853; x_wconf 90' lang='lat' dir='ltr'><strong>ut</strong></span> <span class='ocrx_word' id='word_1_196' title='bbox 1013 2797 1075 2866; x_wconf 80' lang='lat' dir='ltr'><strong>[ex]</strong></span> <span class='ocrx_word' id='word_1_197' title='bbox 1090 2787 1153 2852; x_wconf 89' lang='lat' dir='ltr'><strong>hoc</strong></span> 
     </span>
     <span class='ocr_line' id='line_1_31' title="bbox 176 2873 1150 2950; baseline 0.002 -18"><span class='ocrx_word' id='word_1_198' title='bbox 176 2873 350 2948; x_wconf 83' lang='lat' dir='ltr'><strong>intellegas,</strong></span> <span class='ocrx_word' id='word_1_199' title='bbox 373 2883 517 2949; x_wconf 87' lang='lat' dir='ltr'><strong>qnantum</strong></span> <span class='ocrx_word' id='word_1_200' title='bbox 538 2876 622 2950; x_wconf 87' lang='lat' dir='ltr'><strong>apud</strong></span> <span class='ocrx_word' id='word_1_201' title='bbox 641 2876 771 2936; x_wconf 90' lang='lat' dir='ltr'><strong>Ennium</strong></span> <span class='ocrx_word' id='word_1_202' title='bbox 792 2884 822 2937; x_wconf 88' lang='lat' dir='ltr'><strong>et</strong></span> <span class='ocrx_word' id='word_1_203' title='bbox 840 2878 967 2937; x_wconf 89' lang='lat' dir='ltr'><strong>Accium</strong></span> <span class='ocrx_word' id='word_1_204' title='bbox 989 2874 1150 2935; x_wconf 90' lang='lat' dir='ltr'><strong>verborum</strong></span> 
     </span>
     <span class='ocr_line' id='line_1_32' title="bbox 178 2956 1153 3035; baseline 0.002 -19"><span class='ocrx_word' id='word_1_205' title='bbox 178 2956 255 3017; x_wconf 85' lang='lat' dir='ltr'><strong>situs</strong></span> <span class='ocrx_word' id='word_1_206' title='bbox 277 2960 486 3032; x_wconf 81' lang='lat' dir='ltr'><strong>occupaverit,</strong></span> <span class='ocrx_word' id='word_1_207' title='bbox 513 2976 581 3019; x_wconf 90' lang='lat' dir='ltr'><strong>curn</strong></span> <span class='ocrx_word' id='word_1_208' title='bbox 603 2960 685 3034; x_wconf 89' lang='lat' dir='ltr'><strong>apud</strong></span> <span class='ocrx_word' id='word_1_209' title='bbox 706 2961 942 3035; x_wconf 89' lang='lat' dir='ltr'><strong>huncquoque,</strong></span> <span class='ocrx_word' id='word_1_210' title='bbox 966 2960 1018 3035; x_wconf 93' lang='lat' dir='ltr'><strong>qui</strong></span> <span class='ocrx_word' id='word_1_211' title='bbox 1038 2957 1153 3019; x_wconf 85' lang='lat' dir='ltr'><strong>cotidie</strong></span> 
     </span>
     <span class='ocr_line' id='line_1_33' title="bbox 148 3040 1152 3118; baseline 0.004 -21"><span class='ocrx_word' id='word_1_212' title='bbox 148 3041 341 3115; x_wconf 79' lang='lat' dir='ltr'><strong>dexcutitur‚</strong></span> <span class='ocrx_word' id='word_1_213' title='bbox 357 3042 459 3118; x_wconf 88' lang='lat' dir='ltr'><strong>aliqua</strong></span> <span class='ocrx_word' id='word_1_214' title='bbox 474 3042 563 3102; x_wconf 89' lang='lat' dir='ltr'><strong>nobis</strong></span> <span class='ocrx_word' id='word_1_215' title='bbox 579 3042 730 3106; x_wconf 87' lang='lat' dir='ltr'><strong>subducta</strong></span> <span class='ocrx_word' id='word_1_216' title='bbox 745 3045 813 3105; x_wconf 85' lang='lat' dir='ltr'><strong>sint·</strong></span> <span class='ocrx_word' id='word_1_217' title='bbox 836 3043 936 3117; x_wconf 82' lang='lat' dir='ltr'><strong>„Quid</strong></span> <span class='ocrx_word' id='word_1_218' title='bbox 948 3041 1022 3116; x_wconf 90' lang='lat' dir='ltr'><strong>sibi,</strong></span> <span class='ocrx_word' id='word_1_219' title='bbox 1036 3040 1152 3118; x_wconf 88' lang='lat' dir='ltr'><strong>inquis,</strong></span> 
     </span>
     <span class='ocr_line' id='line_1_34' title="bbox 175 3126 1150 3203; baseline 0.003 -18"><span class='ocrx_word' id='word_1_220' title='bbox 175 3126 234 3187; x_wconf 87' lang='lat' dir='ltr'><strong>ista</strong></span> <span class='ocrx_word' id='word_1_221' title='bbox 250 3127 442 3201; x_wconf 88' lang='lat' dir='ltr'><strong>praeparatio</strong></span> <span class='ocrx_word' id='word_1_222' title='bbox 456 3130 540 3188; x_wconf 74' lang='lat' dir='ltr'><strong>vulti</strong></span> <span class='ocrx_word' id='word_1_223' title='bbox 557 3144 618 3202; x_wconf 92' lang='lat' dir='ltr'><strong>quo</strong></span> <span class='ocrx_word' id='word_1_224' title='bbox 634 3133 800 3202; x_wconf 76' lang='lat' dir='ltr'><strong>spectati“</strong></span> <span class='ocrx_word' id='word_1_225' title='bbox 819 3127 885 3187; x_wconf 91' lang='lat' dir='ltr'><strong>Non</strong></span> <span class='ocrx_word' id='word_1_226' title='bbox 903 3127 1070 3203; x_wconf 70' lang='lat' dir='ltr'><strong>celabotez</strong></span> <span class='ocrx_word' id='word_1_227' title='bbox 1086 3141 1150 3187; x_wconf 88' lang='lat' dir='ltr'><strong>cu·</strong></span> 
     </span>
    </p>
   </div>
   <div class='ocr_carea' id='block_1_5' title="bbox 176 3208 1155 3537">
    <p class='ocr_par' dir='ltr' id='par_1_10' title="bbox 176 3208 1155 3537">
     <span class='ocr_line' id='line_1_35' title="bbox 176 3208 1152 3286; baseline -0.002 -16"><span class='ocrx_word' id='word_1_228' title='bbox 176 3210 255 3285; x_wconf 93' lang='lat' dir='ltr'><strong>pio,</strong></span> <span class='ocrx_word' id='word_1_229' title='bbox 272 3208 306 3270; x_wconf 90' lang='lat' dir='ltr'><strong>si</strong></span> <span class='ocrx_word' id='word_1_230' title='bbox 323 3211 413 3271; x_wconf 79' lang='lat' dir='ltr'><strong>fieri</strong></span> <span class='ocrx_word' id='word_1_231' title='bbox 430 3218 575 3286; x_wconf 88' lang='lat' dir='ltr'><strong>potest,</strong></span> <span class='ocrx_word' id='word_1_232' title='bbox 591 3209 776 3286; x_wconf 90' lang='lat' dir='ltr'><strong>propitiis</strong></span> <span class='ocrx_word' id='word_1_233' title='bbox 792 3209 1045 3273; x_wconf 90' lang='lat' dir='ltr'><strong>auribustuis</strong></span> <span class='ocrx_word' id='word_1_234' title='bbox 1062 3224 1152 3283; x_wconf 86' lang='lat' dir='ltr'><strong>„es-</strong></span> 
     </span>
     <span class='ocr_line' id='line_1_36' title="bbox 177 3293 1155 3368; baseline 0 -15"><span class='ocrx_word' id='word_1_235' title='bbox 177 3295 368 3353; x_wconf 88' lang='lat' dir='ltr'><strong>sentiam“</strong></span> <span class='ocrx_word' id='word_1_236' title='bbox 389 3294 529 3356; x_wconf 92' lang='lat' dir='ltr'><strong>dicere.</strong></span> <span class='ocrx_word' id='word_1_237' title='bbox 565 3295 591 3354; x_wconf 94' lang='lat' dir='ltr'><strong>si</strong></span> <span class='ocrx_word' id='word_1_238' title='bbox 608 3295 722 3368; x_wconf 90' lang='lat' dir='ltr'><strong>minus,</strong></span> <span class='ocrx_word' id='word_1_239' title='bbox 748 3294 847 3355; x_wconf 89' lang='lat' dir='ltr'><strong>dicam</strong></span> <span class='ocrx_word' id='word_1_240' title='bbox 863 3301 893 3354; x_wconf 90' lang='lat' dir='ltr'><strong>et</strong></span> <span class='ocrx_word' id='word_1_241' title='bbox 907 3293 1001 3355; x_wconf 89' lang='lat' dir='ltr'><strong>iratis.</strong></span> <span class='ocrx_word' id='word_1_242' title='bbox 1031 3293 1155 3354; x_wconf 82' lang='lat' dir='ltr'><strong>Cicero·</strong></span> 
     </span>
     <span class='ocr_line' id='line_1_37' title="bbox 177 3373 1154 3453; baseline 0 -18"><span class='ocrx_word' id='word_1_243' title='bbox 177 3393 247 3436; x_wconf 92' lang='lat' dir='ltr'><strong>nem</strong></span> <span class='ocrx_word' id='word_1_244' title='bbox 268 3386 421 3440; x_wconf 86' lang='lat' dir='ltr'><strong>auctorem</strong></span> <span class='ocrx_word' id='word_1_245' title='bbox 442 3379 533 3440; x_wconf 91' lang='lat' dir='ltr'><strong>huius</strong></span> <span class='ocrx_word' id='word_1_246' title='bbox 553 3379 640 3438; x_wconf 92' lang='lat' dir='ltr'><strong>verbi</strong></span> <span class='ocrx_word' id='word_1_247' title='bbox 662 3378 776 3451; x_wconf 87' lang='lat' dir='ltr'><strong>habeo,</strong></span> <span class='ocrx_word' id='word_1_248' title='bbox 802 3384 875 3452; x_wconf 88' lang='lat' dir='ltr'><strong>puto</strong></span> <span class='ocrx_word' id='word_1_249' title='bbox 896 3378 1092 3453; x_wconf 75' lang='lat' dir='ltr'><strong>locupletem:</strong></span> <span class='ocrx_word' id='word_1_250' title='bbox 1124 3373 1154 3436; x_wconf 85' lang='lat' dir='ltr'><strong>si</strong></span> 
     </span>
     <span class='ocr_line' id='line_1_38' title="bbox 177 3460 1154 3537; baseline 0.004 -20"><span class='ocrx_word' id='word_1_251' title='bbox 177 3462 377 3522; x_wconf 89' lang='lat' dir='ltr'><strong>recentiorem</strong></span> <span class='ocrx_word' id='word_1_252' title='bbox 393 3461 532 3537; x_wconf 87' lang='lat' dir='ltr'><strong>quaeris,</strong></span> <span class='ocrx_word' id='word_1_253' title='bbox 552 3461 733 3535; x_wconf 87' lang='lat' dir='ltr'><strong>Fabianum,</strong></span> <span class='ocrx_word' id='word_1_254' title='bbox 755 3460 902 3522; x_wconf 87' lang='lat' dir='ltr'><strong>disertum</strong></span> <span class='ocrx_word' id='word_1_255' title='bbox 922 3467 952 3521; x_wconf 88' lang='lat' dir='ltr'><strong>et</strong></span> <span class='ocrx_word' id='word_1_256' title='bbox 972 3463 1154 3535; x_wconf 74' lang='lat' dir='ltr'><strong>uagantem,</strong></span> 
     </span>
    </p>
   </div>
   <div class='ocr_carea' id='block_1_6' title="bbox 0 0 1239 3930">
    <p class='ocr_par' dir='ltr' id='par_1_11' title="bbox 0 0 1239 3930">
     <span class='ocr_line' id='line_1_39' title="bbox 0 0 1239 3930; baseline 0 0"><span class='ocrx_word' id='word_1_257' title='bbox 0 0 1239 3930; x_wconf 95' lang='lat' dir='ltr'><strong> </strong></span> 
     </span>
    </p>
   </div>
  </div>
 </body>
</html>
