2460 3916
251 274 420 336 EPISTUL.
434 275 528 335 MOR.
550 275 623 334 LlB.
635 275 712 335 XIX.
732 275 789 334 ΕΡ.
801 285 827 339 6.
849 281 936 351 (115).
1021 277 1083 342 381

232 429 372 500 Pecunia,
387 431 491 501 inacus
501 429 619 501 pencris
631 429 756 488 damant
769 430 882 503 bonam

189 515 241 573 cai
253 528 310 572 non
325 515 459 587 uoluptas
473 514 578 572 matris
591 517 645 572 aat
657 512 787 573 blandae
797 519 893 588 potest

185 613 249 672 par
262 612 324 656 esse
334 597 437 671 prolis,
453 612 511 655 non
524 611 612 655 sacer
625 599 737 656 meritt's
748 613 879 671 parens:

190 687 251 740 tam
264 681 351 740 dulce
363 680 391 739 si
405 680 479 753 qaid
499 681 621 740 Veneris
635 682 666 738 in
681 683 759 740 oolla
771 683 869 753 micat,

189 767 293 824 meato
306 765 359 823 illa
372 778 487 823 amores
501 765 634 823 coalitam
649 769 736 837 atque
749 764 896 823 bominum
910 773 1011 825 mouet.

105 849 181 908 cum
199 847 230 906 bi
251 845 412 907 novissimi
428 862 538 906 versus
559 846 588 904 in
610 846 768 922 tragoedia
780 846 936 922 Euripidis
950 864 1084 923 pronun·
1093 864 1126 916 15

105 931 168 992 tiati
194 936 313 1004 essent,
337 936 420 990 totus
440 930 575 1005 populus
597 930 637 989 ad
658 930 828 990 eiciendum
846 937 876 989 et
897 939 1031 991 actorem
1057 941 1085 992 et

105 1029 228 1075 carmen
251 1013 444 1075 consurrexit
462 1030 525 1074 uno
545 1012 665 1088 inpetu,
687 1013 786 1073 donec
799 1012 963 1088 Euripides
977 1015 1008 1073 in
1023 1032 1084 1075 me-

105 1099 190 1159 dium
205 1098 273 1172 ipse
291 1097 441 1172 prosilivit
454 1104 579 1172 petens,
600 1105 633 1157 ut
646 1104 861 1172 exspectarent
875 1097 1084 1174 viderentque,

106 1198 198 1258 quem
220 1181 384 1242 admirator
403 1181 469 1240 auri
483 1181 594 1250 exitum
615 1181 743 1242 lacerata
767 1181 858 1241 dabat
874 1181 904 1240 in
919 1181 969 1240 illa
983 1182 1086 1242 tabula

104 1280 224 1342 poenas
238 1265 507 1340 Bellerophontes,
530 1282 608 1340 quas
623 1265 653 1325 in
670 1281 728 1326 sua
743 1267 875 1340 quisque
891 1266 951 1325 dat.
980 1265 1085 1326 nulla
1095 1274 1127 1328 16

105 1349 186 1409 enirn
201 1347 368 1409 avaritia
383 1348 467 1408 sine
483 1364 611 1423 poena
631 1355 704 1422 est,
723 1350 898 1424 quamvis
919 1349 1017 1410 satis
1033 1350 1085 1410 sit

105 1434 195 1509 ipsa
223 1448 443 1508 poenarum.
483 1447 501 1492 o
527 1441 672 1508 quantum
698 1433 904 1507 lacrimarum,
937 1441 1082 1508 quantum

105 1518 245 1578 laborum
266 1516 374 1592 exigit!
404 1533 494 1591 quam
514 1517 626 1576 misera
646 1516 843 1592 desideratis,
866 1533 957 1592 quam
972 1519 1085 1592 misera

105 1599 203 1676 partis
228 1607 290 1661 est!
335 1600 422 1660 adice
455 1598 624 1660 cotidianas
650 1600 886 1673 sollicitudines,
920 1617 1000 1676 quae
1026 1617 1083 1676 pro

105 1684 198 1744 modo
224 1683 357 1744 habendi
381 1699 535 1758 quemque
560 1685 755 1745 discruciant.
791 1685 907 1746 maiore
933 1692 1084 1747 tormento

105 1768 237 1844 pecunia
252 1768 428 1844 possidetur
448 1784 539 1841 quam
555 1769 717 1844 quaeritur.
746 1777 889 1844 quantum
906 1770 1025 1830 damnis
1040 1769 1084 1829 in·
1137 1830 1139 1834 .

104 1858 298 1928 gemescunt,
321 1866 400 1927 quae
421 1859 451 1911 et
470 1867 580 1927 magna
594 1853 732 1913 incidunt
750 1862 779 1914 ct
798 1853 940 1914 videntur
952 1855 1083 1914 maiora!

105 1937 240 2010 denique
259 1942 293 1997 ut
311 1934 370 1994 illis
391 1936 512 1996 fortuna
530 1936 604 1996 nihil
618 1936 769 2009 detrahat,
792 1935 938 2011 quicquid
953 1954 1014 1998 non
1030 1937 1084 1997 ad·

106 2020 248 2095 quiritur,
271 2020 414 2079 damnum
436 2026 493 2080 est.
538 2022 599 2095 „At
613 2019 731 2080 felicem
746 2021 828 2086 illum
841 2019 981 2081 homines
997 2028 1027 2080 et
1041 2022 1085 2080 di·
1093 2029 1126 2085 17

104 2103 197 2163 vitem
212 2111 324 2164 vocant
337 2110 368 2163 ct
382 2105 532 2178 consequi
549 2110 669 2178 optant,
686 2111 833 2178 quantum
847 2103 898 2162 ille
915 2105 1084 2178 possidet.“

104 2185 225 2248 Fateor.
250 2188 322 2263 quid
338 2194 433 2261 ergot
453 2196 485 2248 tu
500 2189 578 2247 ullos
596 2202 667 2247 esse
683 2186 874 2247 condicionis
890 2188 1004 2262 peioris
1019 2187 1083 2248 exi-

105 2269 212 2332 stimas
231 2287 322 2346 quam
338 2270 391 2346 qui
405 2271 517 2331 habent
532 2279 562 2331 et
577 2269 728 2330 miseriam
745 2279 774 2331 et
784 2269 950 2329 invidiam?
969 2272 1084 2330 utinam

105 2354 158 2430 qui
180 2354 301 2415 divitias
322 2355 452 2430 optaturi
473 2362 593 2429 essent,
617 2371 685 2414 cum
707 2352 849 2414 divitibus
866 2352 1083 2413 deliberarent!

104 2438 220 2500 utinam
230 2438 365 2500 honores
373 2439 493 2513 petituri
506 2456 575 2500 curn
586 2437 756 2500 ambitiosis
768 2445 798 2497 et
806 2453 954 2497 summum
964 2437 1084 2511 adeptis

104 2522 260 2596 dignitatis
283 2528 409 2583 statum!
436 2523 574 2598 prolecto
597 2529 669 2583 vota
684 2529 863 2595 mutassent,
881 2536 949 2582 cum
966 2521 1083 2581 interim

104 2604 147 2665 illi
162 2622 244 2665 nova
259 2607 440 2681 suspiciunt,
456 2623 524 2667 curn
541 2608 644 2683 priora
658 2605 877 2667 damnaverint.
899 2621 988 2665 nemo
1004 2605 1083 2664 eninr

104 2695 161 2762 est,
178 2687 226 2749 cui
243 2691 371 2751 felicitas
384 2706 450 2764 sua,
465 2691 582 2751 etiamsi
597 2708 690 2753 cursu
703 2691 794 2762 venit,
811 2689 986 2750 satisfaciat.
1010 2706 1083 2764 que-

104 2780 212 2833 runtur
234 2774 323 2833 etde
344 2774 480 2834 consiliis
500 2781 531 2835 et
551 2775 591 2835 de
609 2775 808 2850 processibus
824 2773 888 2835 suis
905 2777 1084 2849 maluntque

104 2871 237 2932 semper,
256 2873 335 2933 quae
349 2855 547 2932 reliquerunt.
591 2859 698 2934 ltaque
717 2859 789 2920 hoc
810 2858 880 2918 tibi
901 2858 1125 2933 pbiloso·18

103 2939 194 3016 phia
212 2941 450 3015 praestabit,
475 2959 536 3016 quo
559 2941 702 3017 equidem
720 2943 793 3003 nihil
810 2941 908 3003 maius
926 2943 1082 3007 existimo:

103 3039 304 3099 numquam
323 3033 359 3086 te
383 3026 600 3101 poenitebit
619 3027 683 3087 tui.
715 3028 765 3086 Ad
785 3027 863 3086 hanc
877 3034 938 3086 tam
953 3026 1083 3086 solidam

104 3107 287 3182 felicitatem,
302 3125 392 3184 quam
404 3117 571 3183 tempestas
579 3111 660 3170 nulla
668 3111 829 3183 concutiat,
844 3126 905 3170 non
915 3111 1084 3185 perducent

102 3199 134 3252 te
146 3198 216 3266 apte
228 3194 323 3253 verba
334 3201 477 3254 contenta
488 3202 519 3254 et
529 3193 625 3255 oruntio
637 3192 738 3253 fluens
750 3192 871 3252 leniter:
892 3202 971 3267 eant,
984 3201 1017 3254 ut
1027 3211 1081 3254 vo-

102 3277 173 3349 lent,
188 3276 259 3335 durn
274 3277 373 3337 animo
386 3278 557 3352 conpositio
570 3294 626 3337 suin
638 3283 766 3349 constet,
778 3276 849 3336 dum
862 3275 901 3336 sit
911 3292 1039 3352 magnus
1053 3285 1083 3335 et

103 3359 283 3434 opinionum
304 3376 432 3422 secums
446 3369 476 3422 et
491 3362 530 3422 ob
545 3362 630 3436 ipsa,
658 3374 737 3436 quae
752 3359 820 3419 aliis
836 3359 1007 3434 displicent,
1023 3358 1082 3419 sibi

102 3444 241 3518 placenS,
258 3445 311 3520 qui
322 3446 492 3520 proiectum
508 3462 597 3506 suurn
607 3445 669 3505 vita
681 3442 820 3504 aestimet
831 3448 861 3502 et
874 3448 988 3502 tantum
1001 3443 1082 3501 scire

101 3542 138 3588 se
148 3525 270 3602 iudicet,
293 3535 439 3603 quantum
457 3545 518 3589 non
535 3528 628 3605 cupit,
648 3534 794 3604 quantum
807 3542 868 3588 non
879 3527 971 3586 timet.
992 3526 1080 3585 Vale.
