2468 3930
225 253 396 316 EPISTUL.
410 252 505 315 MOR.
528 253 601 313 LIB.
612 252 649 312 X.
670 252 728 311 EP.
740 260 805 316 Μ.
826 260 883 328 (te.
895 258 953 326 79.)
1014 253 1076 320 201

98 406 207 482 mim,
223 407 455 474 circumitus
472 405 635 468 Siciliae
653 408 774 468 totius
791 409 883 484 quid
900 410 971 470 tibi
986 411 1079 473 novi

100 490 341 564 ostenderit,
376 492 555 552 etomnia
583 492 629 552 de
657 491 743 568 ipsa
772 492 966 570 Charybdi
995 509 1078 556 eer-

99 578 211 640 tiora.
239 591 310 636 nem
325 573 459 653 Scyllam
476 590 584 636 saxum
600 591 671 636 esse
686 582 716 637 et
731 577 853 653 quidem
868 593 929 637 non
945 579 1080 639 terribile

99 660 314 736 navigantibus
328 660 442 735 optime
452 658 534 720 scio=
549 659 722 738 Charybdis
737 677 775 720 an
790 663 979 737 respondeat
993 663 1077 725 labu-

99 745 156 821 lis,
171 743 321 820 perscribi
336 743 409 802 mihi
423 741 568 804 desidero
583 750 630 818 et,
646 745 673 803 si
689 746 766 804 lorte
781 745 1012 821 observaveris,
1034 748 1079 808 di·

100 845 195 906 gnum
209 834 258 889 est
272 835 383 901 eutem,
400 828 483 902 quod
500 827 658 902 observes,
674 829 722 888 lac
738 844 796 888 nos
812 831 968 906 certiores,
979 837 1080 892 utrum

100 928 164 975 uno
179 917 294 974 tantum
311 917 403 972 vento
424 920 532 986 agatur
546 913 576 971 in
591 912 725 972 vortices
742 928 781 971 an
797 915 896 974 omnis
911 921 1080 990 tempestas

101 1012 201 1072 aeque
216 1011 301 1055 mare
316 996 391 1057 illud
407 1000 622 1070 contorqueat,
644 1004 674 1056 et
690 1012 726 1055 an
742 1012 849 1056 verum
864 999 917 1072 sit,
933 999 1081 1074 quicquid

99 1081 153 1142 illo
167 1081 235 1141 neti
251 1079 372 1140 turbine
387 1080 548 1155 adreptum
563 1085 625 1153 est,
641 1096 697 1156 per
711 1081 900 1140 multamilia
914 1081 993 1142 trahi
1008 1097 1080 1142 con-

100 1165 197 1226 ditum
216 1171 246 1224 et
261 1165 343 1224 cirea
355 1165 640 1225 Tauromenitanum
663 1165 733 1224 litus
748 1179 914 1239 emergere.
954 1163 987 1226 Si
1003 1165 1108 1225 haect

99 1249 173 1309 mihi
188 1249 425 1324 perscripseris,
447 1255 538 1309 tunc
559 1249 631 1306 tibi
652 1247 805 1308 audebo
821 1250 1021 1322 nrandare,
1041 1257 1082 1310 ut

99 1330 341 1394 inhonorem
365 1348 484 1392 meum
498 1333 1080 1408 AetnamquoqueadscendeS,

102 1433 192 1493 quarn
207 1417 349 1476 consumi
369 1423 398 1475 et
413 1417 528 1476 sensim
548 1416 709 1476 subsidere
726 1433 765 1476 ex
780 1416 840 1476 hoc
854 1417 1001 1491 colligunt
1015 1416 1081 1491 qul·

100 1503 180 1573 dam‚
195 1500 279 1575 quod
291 1500 457 1575 aliquando
470 1502 591 1574 longius
599 1500 813 1575 navigantibus
823 1501 943 1561 solebat
949 1499 1081 1562 ostendi.

101 1592 206 1661 potest
219 1584 280 1644 hoc
296 1584 453 1658 accidere,
474 1600 536 1643 non
552 1584 626 1659 quia
641 1584 752 1645 montis
768 1584 894 1645 altitudo
912 1584 1081 1659 deseendit,

101 1669 159 1729 sed
174 1670 246 1745 quia
261 1669 340 1743 ignis
353 1669 477 1729 evanuit
490 1676 519 1728 et
533 1667 632 1729 minus
643 1668 811 1729 vehemens
824 1686 860 1729 ac
872 1671 976 1744 largus
992 1667 1081 1728 effer-

99 1761 157 1827 tur,
173 1753 213 1813 ob
229 1753 369 1812 eamdem
385 1767 510 1812 causam
525 1753 609 1813 lumo
625 1768 750 1828 quoque
765 1768 821 1827 per
833 1753 914 1813 diem
930 1753 1081 1828 segniore.

99 1844 240 1898 neutrum
252 1843 353 1896 autem
364 1836 542 1896 incredibile
554 1843 610 1910 est,
625 1852 683 1896 nec
694 1845 836 1910 montem,
854 1835 907 1911 qui
918 1838 1083 1899 devoretur

100 1921 229 1994 cotidie,
244 1921 339 1981 minui
360 1936 418 1980 nec
433 1919 534 1996 ignem
550 1935 612 1982 non
635 1937 760 1981 manere
775 1920 932 1995 eumdem,
954 1922 1083 1996 quinon

100 2005 203 2080 ipsum
219 2013 323 2079 exest,
341 2005 442 2065 sedin
458 2005 560 2080 aliqua
574 2006 694 2064 inlerna
710 2006 788 2064 valle
804 2014 973 2081 conceptus
990 2019 1082 2066 exae-

100 2096 183 2151 stuet
196 2094 227 2149 et
240 2087 308 2149 aliis
320 2090 464 2165 pasoitur,
481 2088 512 2149 in
524 2087 593 2165 ipso
605 2095 709 2150 monte
720 2105 781 2150 non
795 2089 969 2148 alimentum
979 2088 1080 2162 hebet,

99 2173 159 2237 sed
174 2171 265 2232 viam.
294 2173 328 2231 ln
341 2173 438 2251 Lycia
451 2172 537 2248 regio
552 2173 714 2234 notissima
728 2181 789 2244 est,
813 2171 1024 2248 Hephaestion
1039 2173 1110 2232 int

101 2257 190 2318 colae
214 2265 343 2332 vocant,
365 2259 494 2318 loretum
516 2256 655 2332 pluribus
677 2255 754 2315 locis
770 2257 887 2327 solum,
911 2256 996 2330 quod
1015 2256 1083 2315 sine

100 2341 163 2401 ullo
185 2342 376 2402 nascentium
403 2343 515 2402 damno
543 2339 623 2416 ignis
650 2340 796 2400 innoxius
817 2339 965 2398 circumit.
1003 2340 1083 2398 laeta

101 2426 206 2500 itaque
220 2426 306 2500 regio
322 2432 369 2487 est
384 2432 414 2486 et
427 2425 557 2486 herbida
575 2426 618 2485 nil
640 2424 772 2484 flammis
792 2423 1002 2494 adolentibus
1025 2422 1084 2482 sed

99 2517 217 2571 tantum
234 2508 263 2568 vi
278 2511 408 2570 remissa
423 2524 460 2570 ac
474 2510 618 2584 languida
637 2507 870 2583 refulgentibus.
905 2505 969 2566 Sed
983 2512 1112 2566 neser-t

99 2608 210 2654 vemus
224 2594 285 2653 ista
298 2599 370 2654 tunc
382 2594 560 2670 quaesituri,
576 2610 645 2654 cum
660 2599 693 2653 tu
707 2592 780 2651 mihi
795 2590 971 2666 scripseris,
987 2604 1082 2666 quan-

100 2686 165 2739 tum
179 2677 218 2737 ab
234 2676 306 2754 ipso
321 2679 500 2739 crementis
515 2679 604 2738 nives
619 2677 735 2749 absint,
752 2692 831 2752 quas
847 2691 887 2735 ne
899 2682 1004 2737 aestas
1017 2674 1082 2749 qui·

101 2761 171 2821 dem
183 2762 291 2823 solvit=
307 2763 480 2824 adeotatae
495 2760 699 2837 suntebigne
712 2761 822 2822 vicino.
843 2761 910 2821 Non
922 2766 1084 2821 astantem

102 2845 188 2922 quod
202 2846 292 2906 istam
308 2861 412 2907 euram
424 2847 546 2922 inputes
561 2847 644 2906 milri.
666 2845 774 2907 morbo
790 2845 870 2905 enim
885 2852 938 2905 tuo
955 2845 1083 2905 daturus

100 2944 187 3004 eres,
201 2930 323 2990 etiamsi
338 2947 427 2991 nemo
444 2931 603 2991 mandaret
622 2930 685 2991 tibi.
719 2931 841 3004 [doptee
862 2931 972 3006 [pudor
984 2931 1111 3000 obstent

99 3019 148 3086 nc]
173 3013 333 3073 Aetnam
360 3013 569 3075 describas
590 3015 627 3074 in
648 3022 712 3075 tuo
734 3011 904 3073 carmine
924 3020 961 3073 et
980 3011 1081 3071 huuc

101 3098 315 3158 solemnem
350 3096 525 3160 omnibus
561 3099 690 3174 poetis
725 3099 850 3159 locum
881 3096 1081 3169 adtingas:

101 3197 192 3257 quem
218 3198 280 3256 quo
301 3180 401 3243 minus
424 3181 551 3243 Ovidius
567 3188 724 3254 tractaret,
747 3179 822 3241 nihil
837 3178 969 3251 obstitit,
997 3177 1083 3253 quod

99 3264 160 3325 iam
168 3264 326 3340 vergilius
341 3267 519 3343 inpleverat.
548 3282 587 3326 ne
602 3265 750 3326 Severum
767 3262 891 3340 quidem
908 3261 1080 3323 Cornelium

100 3356 230 3424 uterque
253 3349 408 3411 deterruit.
442 3351 584 3413 omnibus
605 3357 765 3425 praeterea
784 3345 912 3408 feliciter
926 3346 976 3407 hie
991 3346 1079 3406 locus

102 3446 137 3491 se
151 3430 237 3494 dedit
251 3441 282 3494 et
296 3433 348 3509 qui
364 3441 613 3511 praecesserant,
635 3450 697 3495 non
715 3429 926 3510 praeripuisse
948 3428 1022 3490 milri
1035 3429 1078 3488 vi·

102 3513 227 3592 dentm,
250 3533 331 3594 quae
352 3519 412 3579 dici
427 3526 582 3596 poterant,
605 3519 661 3580 sed
676 3518 848 3595 aperuisse.
876 3514 940 3578 Sed
954 3516 1110 3578 multumfi
