2468 3930
144 208 206 274 tos
447 206 481 267 t.
502 203 649 301 lurtnut
669 203 846 265 sumone

145 365 322 433 corruptum
342 363 373 418 et
385 356 509 430 ingenio
530 362 685 429 vegetumz
707 355 788 417 dicet
807 355 1039 419 fortunatiorem
1057 356 1120 421 sibi

145 442 256 514 videri,
279 440 332 515 qui
354 439 456 500 omnia
474 453 576 499 rerum
597 439 798 499 adversarum
819 453 914 501 onera
932 439 1033 514 rigida
1052 455 1119 503 cer-

143 526 212 587 vice
227 523 382 594 sustollat,
400 523 453 598 qui
467 537 562 597 supra
581 520 733 583 fortunam
752 523 888 585 exsistat.
922 522 990 585 Non
1007 524 1119 587 mirum

145 618 193 671 est
207 607 238 668 in
252 606 466 682 tranquillitate
480 621 540 665 non
566 605 701 666 concuti:
724 604 799 666 illud
814 605 936 680 mirare,
957 605 1000 667 ibi
1014 609 1120 670 extolli

145 693 294 768 aliquem,
314 690 366 751 ubi
386 704 493 750 omnes
515 688 742 764 deprimuntm,
766 688 807 749 ibi
822 695 919 763 state,
939 688 992 752 ubi
1008 707 1120 755 omnes

104 776 254 838 adiacent.
285 774 363 848 Quid
378 771 470 833 estin
485 773 658 848 tormentis,
675 773 750 848 quid
764 773 857 835 estin
871 773 952 848 eliis,
968 790 1051 849 quae
1064 776 1120 836 ad·

145 875 237 921 versa
261 858 469 933 adpellamus,
501 854 593 915 malit
620 855 713 934 [hoq]
744 865 778 918 ut
802 857 927 932 opinor,
955 857 1120 921 succidere

145 950 278 1003 mentem
300 948 330 1002 et
350 940 504 1001 incurvari
528 945 559 1000 et
578 941 794 1014 succumbere,
821 957 953 1016 quorum
973 941 1049 1002 nihil
1068 959 1119 1005 sa-

100 1060 103 1065 <
147 1026 241 1103 pienti
255 1025 322 1086 viro
338 1025 449 1100 poterit
468 1023 606 1084 evenire:
626 1030 687 1085 stat
699 1031 802 1085 rectus
816 1025 874 1085 sub
890 1025 1028 1100 quolibet
1041 1042 1120 1101 pon·

147 1112 230 1171 dere.
269 1109 352 1170 nulla
378 1109 461 1168 illum
486 1122 537 1166 res
561 1107 709 1167 minorem
731 1107 812 1168 lacit.
847 1107 921 1171 nihil
940 1108 984 1169 illi
1002 1125 1121 1186 eorum,

149 1210 229 1270 quac
250 1193 377 1253 ferenda
397 1195 482 1264 sunt,
507 1190 658 1265 displicet.
693 1207 765 1251 nam
786 1191 933 1266 quiequid
954 1192 1067 1254 cadere
1088 1194 1120 1255 in

147 1279 301 1338 hominem
314 1282 430 1353 potest,
442 1275 472 1334 in
488 1289 523 1335 se
534 1273 685 1335 cecidisse
700 1290 762 1335 non
777 1276 923 1350 queritur.
945 1275 1029 1336 vires
1044 1292 1122 1338 suas

105 1370 140 1426 nt
148 1363 241 1423 novit.
271 1360 329 1421 scit
343 1374 378 1418 se
398 1373 469 1418 esse
484 1358 569 1417 oneri
584 1358 723 1419 terendo.
751 1358 819 1419 Non
834 1359 934 1420 educo
949 1360 1119 1435 sapientem

149 1462 189 1507 ex
207 1445 362 1505 hominum
383 1458 510 1502 numero
531 1456 590 1501 nee
604 1441 728 1503 dolores
749 1442 853 1503 abillo
868 1442 948 1505 sicut
964 1441 1118 1517 abaliquo

147 1544 226 1604 rupe
246 1527 362 1587 nullum
382 1541 508 1586 sensum
527 1525 702 1586 admittente
722 1525 901 1587 submoveo.
938 1523 1059 1587 memini
1078 1541 1119 1586 ex

149 1611 269 1673 duabus
285 1609 367 1670 illum
388 1607 526 1684 partibus
541 1623 612 1668 csse
628 1609 836 1684 conpositum=
857 1611 954 1671 altera
972 1615 1020 1670 est
1037 1608 1117 1669 inra-

149 1694 281 1756 tionalis.
315 1691 393 1754 haec
408 1692 580 1764 mordetur,
602 1693 714 1766 uritur,
729 1692 827 1755 dolet:
843 1693 938 1755 altera
951 1692 1120 1755 rationalis.

149 1779 226 1838 baec
239 1778 442 1837 inconcussas
457 1774 618 1850 opiniones
634 1775 739 1851 habet,
761 1776 913 1852 intrepida
926 1784 975 1837 est
989 1785 1020 1838 et
1031 1777 1118 1837 indo·

148 1863 230 1923 mite.
258 1862 288 1921 in
303 1861 362 1920 hac
378 1860 511 1934 positum
525 1865 574 1918 est
589 1874 740 1920 summum
754 1859 829 1920 illud
843 1860 975 1923 hominis
989 1860 1119 1923 bonumt

151 1953 312 2018 antequam
333 1944 498 2020 inpleatur,
524 1942 640 2003 incerta
665 1944 775 2004 mentis
796 1944 942 2005 volutatio
963 1951 1025 2006 esta
1051 1960 1120 2005 cum

108 2043 142 2098 ns
153 2045 226 2089 vero
241 2029 409 2103 perlectum
424 2034 485 2099 est,
501 2027 614 2087 inmota
628 2027 679 2087 illa
696 2027 845 2089 stabilitas
860 2034 917 2089 est.
951 2027 1060 2102 ltaque
1075 2028 1120 2088 in·

150 2113 277 2172 choatus
290 2120 320 2172 et
330 2112 370 2171 ad
381 2126 499 2172 summa
506 2110 680 2187 procedens
692 2112 852 2186 cultorque
862 2110 992 2187 virtutis,
1002 2111 1120 2174 etiamsi

149 2197 376 2272 adpropinquat
386 2196 520 2271 perlecto
533 2195 625 2269 bono,
639 2195 697 2255 sed
707 2195 735 2255 ei
749 2195 886 2256 nondum
898 2211 1049 2257 summam
1058 2211 1119 2256 ma·

149 2297 221 2341 num
237 2280 385 2355 inposuit,
409 2279 450 2339 ibi
470 2279 589 2339 interim
610 2278 744 2340 cessabit
763 2286 794 2339 et
807 2280 937 2341 remittet
951 2278 1067 2355 aliquid
1081 2294 1119 2339 ex

149 2365 314 2425 intentione
328 2364 447 2424 mentis.
471 2363 607 2424 nondum
621 2362 699 2423 enim
712 2363 826 2424 incerta
836 2370 1048 2438 transgressus
1064 2370 1120 2424 est

150 2450 322 2508 etiamnunc
346 2453 488 2508 versatur
511 2447 543 2506 in
568 2445 684 2507 lubrico
702 2468 709 2501 ι
726 2446 835 2509 beatus
855 2462 930 2509 vero
952 2454 983 2509 et
1002 2447 1119 2508 virtutis

150 2540 277 2593 exactae
297 2539 367 2591 tunc
387 2546 422 2590 se
444 2532 576 2590 maxime
595 2537 690 2604 amat,
712 2545 781 2590 eum
794 2529 959 2592 fortissime
973 2536 1120 2607 expertus

151 2622 211 2689 est,
227 2622 258 2674 ct
273 2614 436 2675 metuenda
450 2614 574 2687 ceteris,
595 2613 622 2673 si
636 2614 765 2675 alicuius
780 2613 901 2674 honesti
915 2614 1010 2676 ollicii
1024 2614 1120 2690 pretia

150 2705 235 2771 sunt,
257 2712 320 2757 non
339 2702 454 2756 tanturn
468 2698 540 2770 lert,
565 2697 622 2757 sed
640 2699 830 2773 amplexatur
843 2700 1000 2773 multoque
1015 2697 1120 2758 audire

109 2781 278 2850 ppmavulb
300 2785 410 2839 tanto
431 2780 567 2840 melior
590 2797 681 2855 quam
698 2787 800 2854 [lanto]
816 2782 984 2843 felicior.
1019 2779 1119 2843 Venio

150 2878 233 2924 nunc
247 2863 314 2938 illo,
331 2879 392 2938 quo
407 2879 455 2923 me
469 2870 561 2924 vocat
574 2866 764 2939 exspectatio
779 2872 839 2927 tua
860 2865 905 2925 Ne
921 2872 1008 2927 extra
1019 2879 1122 2927 rerum

150 2952 287 3007 naturam
301 2947 407 3021 vagari
423 2947 518 3008 virtus
533 2954 639 3008 nostra
655 2948 806 3023 videatur,
827 2957 858 3012 et
873 2954 982 3010 tremet
995 2946 1121 3024 sapiens

150 3038 181 3090 et
196 3030 310 3091 dolebit
324 3038 354 3092 et
368 3033 564 3106 expallescet.
591 3030 623 3091 hi
638 3033 716 3092 enim
732 3048 839 3095 omnes
853 3031 994 3109 corporis
1009 3047 1122 3093 sensus

149 3123 229 3177 sunt.
264 3115 315 3175 ubi
330 3115 416 3189 origo
439 3115 637 3175 calamitatis?
657 3115 709 3175 ubi
723 3116 797 3177 illud
811 3119 923 3177 malum
937 3132 1043 3177 verum
1056 3121 1124 3176 estt

148 3198 210 3260 illic
221 3198 346 3273 scilicet,
362 3198 388 3258 si
400 3201 458 3259 ista
472 3199 603 3258 animum
619 3199 787 3272 detrahunt,
802 3201 830 3260 si
844 3201 884 3260 ad
897 3200 1124 3261 confessionem

66 3332 68 3336 -
107 3282 303 3346 soservitutis
318 3283 489 3356 adducunt,
510 3282 537 3342 si
557 3281 599 3341 illi
618 3283 834 3357 poenitentiam
851 3283 900 3344 sui
915 3284 1037 3344 faciunt.
1066 3281 1123 3343 Sa·

151 3367 240 3442 piens
262 3367 384 3443 quidem
407 3367 498 3426 vincit
518 3367 628 3426 virtute
642 3367 808 3440 fortunam,
832 3368 970 3428 etmulti
990 3365 1124 3442 prolessi

152 3451 332 3525 sapientiam
353 3449 519 3510 levissimis
540 3466 768 3525 nonnumquam
788 3451 877 3512 minis
892 3448 1029 3529 exterriti
1041 3455 1125 3511 sunt
