2468 3930
265 230 436 293 EPISTUL.
451 231 545 293 Mola.
568 231 717 292 LlB.Xll.
739 231 867 308 Ena(
904 236 926 305 .)
1021 233 1085 298 233

101 385 229 446 modum
244 383 402 445 tractanda
416 381 592 460 respublica
609 384 662 459 sit,
684 392 715 446 at
727 383 922 461 illuddocel,
940 388 1086 462 quemad·

100 469 229 530 modum
249 469 289 530 sit
308 469 466 529 tractanda
487 474 661 544 paupertas.
697 485 752 545 per
778 474 871 529 totam
891 470 983 532 vitam
1005 487 1087 546 opus

101 552 171 614 eius
186 553 369 614 extenditur.
397 554 442 614 lta
456 553 540 612 nulla
553 553 689 627 fortuna,
705 554 789 614 nulla
801 569 853 615 res
865 562 952 617 actus
963 555 1086 630 sapien-

102 638 141 699 tis
157 637 302 699 excludit.
329 635 363 696 id
376 637 456 697 enim
472 635 574 712 ipsum
589 638 667 712 agit,
683 654 744 713 quo
760 638 820 698 alia
834 655 926 713 agere
941 638 1086 715 prohibe·

100 728 159 782 tur.
187 722 240 783 Ad
252 728 404 797 utrosque
419 736 511 782 casus
525 727 614 795 aptus
630 729 692 796 est,
706 721 859 783 bonorum
870 730 971 784 rector
983 731 1013 784 et
1023 740 1080 785 mav

101 807 202 867 lorum
217 805 323 867 victor.
356 804 423 880 Sic,
443 807 584 881 inquam,
606 820 642 864 se
656 805 807 880 exercuit,
822 813 857 867 ut
870 807 1011 869 virtutem
1025 815 1125 876 lamas

101 888 132 950 in
161 890 307 950 secundis
334 905 426 964 quarn
450 890 480 950 in
502 888 643 949 adversis
667 889 826 950 exhiberet
845 906 904 951 nec
930 891 1087 952 materiam

102 974 185 1048 eius,
211 974 268 1036 sed
286 974 386 1048 ipsam
405 974 581 1034 intueretur.
617 974 721 1050 itaque
742 988 800 1033 nec
822 981 989 1050 paupertas
1004 976 1087 1036 illum

101 1073 159 1118 uec
173 1058 263 1119 dolor
277 1072 335 1117 nec
350 1057 497 1133 quicquid
512 1056 595 1117 aliud
610 1056 756 1133 inperitos
772 1058 882 1118 avertit
894 1064 924 1117 et
936 1057 1087 1134 praecipi·

100 1148 149 1202 les
168 1144 244 1218 agit,
267 1141 418 1217 prohibet.
455 1141 603 1202 Tullium
625 1141 721 1216 premi
740 1147 833 1216 putas
854 1141 963 1201 malisl
986 1142 1085 1201 utitur.

100 1225 168 1286 Non
189 1241 229 1286 ex
250 1226 344 1286 ebore
365 1232 480 1287 tantum
501 1224 624 1286 Phidias
646 1224 765 1286 sciebat
785 1225 887 1285 iacere
907 1225 1129 1288 simulacraalll

101 1310 235 1371 iaciebat
251 1325 290 1370 ex
306 1324 386 1369 aere.
416 1310 443 1370 si
458 1325 591 1369 marmor
607 1308 665 1382 illi,
680 1309 707 1369 si
724 1308 824 1371 adhuc
838 1309 977 1370 viliorem
991 1316 1085 1369 mata-

100 1394 176 1454 riam
191 1392 373 1468 obtulisses,
387 1393 527 1467 lecisset,
544 1395 634 1468 quale
649 1410 689 1454 ex
703 1393 754 1453 illa
771 1393 838 1454 lieri
854 1391 1000 1468 optimum
1013 1408 1085 1468 pos·

101 1485 164 1539 set:
186 1478 232 1538 sic
247 1478 374 1553 sapiens
389 1477 543 1552 amulam,
562 1476 589 1537 si
603 1476 721 1557 licebit,
735 1477 766 1538 in
782 1477 896 1538 divitiis
911 1475 1085 1552 explicabit,

101 1560 262 1635 siminus,
284 1563 315 1621 in
330 1569 521 1637 paupertate.
554 1561 581 1622 si
596 1561 721 1636 poterit,
742 1562 774 1621 in
788 1560 902 1637 patria,
926 1561 953 1620 si
974 1561 1084 1634 minus,

101 1647 131 1706 in
149 1647 251 1706 exilio.
281 1645 308 1706 si
324 1645 448 1721 poterit,
464 1647 643 1722 imperator,
658 1647 815 1718 siminus,
831 1646 929 1705 miles.
958 1645 984 1705 si
999 1651 1085 1721 pole

100 1730 153 1803 rit,
167 1729 294 1806 integer,
309 1730 335 1789 si
350 1730 460 1805 minus,
478 1729 598 1790 debilis.
629 1745 855 1806 quamcumque
869 1729 1020 1790 iortunam
1035 1743 1085 1789 ac-

102 1815 224 1890 ceperit,
242 1812 358 1889 aliquid
374 1830 414 1874 ex
428 1813 478 1873 illa
491 1814 688 1875 memorabile
703 1815 824 1875 alliciet.
853 1813 932 1875 certi
947 1820 1018 1875 sunt
1031 1813 1086 1872 do·
1093 1822 1128 1876 41

101 1897 225 1959 mitcres
241 1900 388 1972 terarum,
406 1897 458 1974 qui
473 1897 655 1959 saevissima
669 1898 811 1961 animalia
824 1904 855 1959 ct
867 1896 908 1958 ad
923 1911 1087 1958 occursum

101 1983 341 2058 expavescentia
364 1981 519 2044 hominem
546 1983 609 2058 pati
638 1984 784 2058 subigunt
806 1996 864 2042 nec
890 1980 1087 2058 asperitatem

101 2065 280 2127 excussisse
296 2067 429 2128 contenti
443 2083 544 2144 usque
558 2067 589 2127 in
605 2066 834 2129 contubernium
848 2066 1001 2140 mitigante
1023 2066 1085 2125 leo·

101 2150 193 2211 nibus
217 2151 363 2226 magister
389 2166 511 2212 manum
537 2152 673 2212 insertat.
708 2152 864 2211 osculatur
889 2147 989 2223 tigrim
1009 2165 1085 2209 suus

102 2242 218 2297 custos.
260 2235 452 2312 elephantem
472 2235 615 2296 minimus
633 2233 784 2309 Aethiops
813 2233 898 2295 iubet
923 2232 1086 2303 subsidere

100 2319 132 2380 in
150 2334 252 2395 genua
265 2327 296 2382 et
312 2317 468 2380 ambulare
488 2335 543 2396 per
558 2320 673 2380 lunam:
694 2318 740 2379 sic
760 2318 886 2393 sapiens
909 2317 1017 2377 artilex
1039 2323 1087 2377 est

100 2403 246 2464 domandi
259 2404 349 2464 mala.
377 2404 481 2479 dolor,
497 2411 630 2480 egestas,
642 2401 814 2477 ignominia,
833 2414 947 2474 carcer,
963 2398 1086 2460 exilium

101 2495 131 2550 et
150 2486 267 2564 ubique
281 2487 450 2565 horrenda,
473 2489 599 2550 eumad
618 2486 700 2547 hunc
721 2498 905 2566 pervenere,
927 2489 1087 2544 mansueta

100 2579 182 2635 sunt
225 2570 314 2633 Vale.
