2468 3930
173 246 236 310 200
410 336 414 343 Ι
482 246 515 306 L.
536 245 684 307 ANNAEI
706 244 881 306 SENECAE

174 401 204 460 in
226 400 296 476 ipsa
316 414 425 458 mensa
445 397 634 473 aperiuntur.
668 397 821 472 quianon
841 393 925 456 circa
938 397 1152 460 coemtionem

175 485 241 545 eius
261 483 407 542 tumultus
435 496 605 556 coquorum
632 486 680 540 est
703 480 790 555 ipsos
811 495 879 539 cum
900 478 1039 542 obsoniis
1062 482 1153 544 locos

174 565 432 629 transferentium.
465 565 526 624 hoc
545 564 625 623 enim
640 564 701 624 iarn
714 564 834 624 luxuria
849 571 1021 624 commenta
1035 573 1099 627 este
1112 582 1154 626 ne

176 651 245 726 quis
260 650 432 724 intepescat
447 649 550 720 cibus,
573 663 612 706 ne
628 647 701 723 quid
719 649 820 722 palato
835 649 896 706 iam
910 648 1028 710 calloso
1043 664 1154 724 param

133 731 299 807 ²⁴lerveat,
314 733 550 793 coenamculina
556 731 763 806 prosequitur.
778 730 983 805 „Oinlelicem
989 739 1154 806 aegrorum

174 819 267 891 Edet,
284 824 429 893 quantum
445 822 627 891 concoquat.
649 831 711 876 non
725 814 875 875 iacebitin
891 824 1063 891 conspectu
1078 833 1154 894 aper

174 910 209 963 ut
222 902 292 962 vilis
309 916 381 961 caro
402 916 542 960 amensa
560 901 729 973 relegatus,
750 913 808 957 nec
827 897 858 956 in
876 899 1063 974 repositorio
1084 901 1152 963 eiu

176 992 304 1060 pectora
324 984 425 1045 avium
444 988 538 1057 (totas
559 983 640 1042 enim
661 981 766 1042 videre
785 981 939 1042 fastidium
959 988 1021 1056 est)
1038 990 1152 1061 'conge

177 1076 225 1129 sta
238 1075 405 1144 ponentur:
430 1068 506 1143 quid
524 1067 578 1127 tibi
593 1065 663 1124 mali
678 1067 792 1126 lactum
805 1070 876 1126 esti
910 1068 1057 1129 coenabis
1077 1077 1153 1130 tam·

135 1164 168 1218 25
177 1169 269 1229 quarn
287 1168 395 1227 aeger,
417 1151 510 1212 immo
525 1149 690 1224 aliquando
704 1156 862 1225 tamquam
876 1160 981 1212 sanus.
1011 1150 1075 1213 Sed
1089 1170 1152 1214 orn·

177 1235 227 1297 nia
240 1238 300 1297 ista
321 1237 411 1295 facile
434 1236 641 1310 perferemus,
657 1232 870 1308 sorbitionem,
889 1250 1004 1309 aquam
1023 1236 1154 1298 calidam

177 1327 208 1381 et
226 1320 374 1395 quicquid
400 1320 483 1379 aliud
504 1316 693 1377 intolerabile
717 1317 838 1378 videtur
861 1318 999 1381 delicatis
1027 1326 1059 1381 et
1077 1321 1154 1382 luxu

176 1403 343 1464 fluentibus
357 1402 518 1477 magisque
532 1403 632 1461 animo
649 1416 741 1476 quam
756 1415 887 1477 corpore
906 1403 1068 1464 morbidisr
1085 1411 1151 1464 tan·

176 1496 240 1547 tum
261 1493 388 1546 mortem
410 1485 586 1546 desinamus
605 1485 741 1546 horrere.
783 1486 960 1547 desinemus
979 1493 1093 1561 autem,
1123 1488 1152 1548 si

178 1572 256 1630 lines
270 1569 421 1629 bonarum
433 1585 470 1628 ac
481 1570 629 1629 malorum
641 1570 892 1644 cognoverimus:
907 1571 949 1631 ita
959 1570 1079 1631 dentum
1092 1585 1152 1630 nec

137 1655 171 1708 26
180 1655 240 1714 vita
251 1653 353 1714 taedio
369 1652 425 1713 erit
436 1668 494 1711 nec
507 1668 591 1712 mors
605 1653 715 1714 timori.
736 1653 829 1714 vitam
844 1652 924 1713 enim
937 1669 1089 1729 occupem
1103 1668 1152 1714 aa·

179 1739 268 1798 tietas
287 1737 335 1796 sui
351 1753 412 1797 non
428 1743 530 1811 potest
543 1743 589 1798 tot
602 1752 653 1797 res
669 1737 780 1811 varias,
795 1753 931 1812 magnas,
949 1736 1071 1798 divinas
1084 1753 1153 1814 per·

181 1827 372 1881 censentem
384 1821 414 1879 in
428 1819 532 1881 odium
543 1821 624 1880 illam
636 1820 684 1881 sui
696 1821 851 1881 adducere
858 1822 939 1882 solet
952 1822 1035 1882 iners
1047 1822 1153 1882 atium

178 1921 279 1965 rerum
296 1910 434 1964 naturam
452 1904 629 1979 peragranti
640 1921 807 1980 numquam
821 1906 853 1965 in
866 1906 1022 1966 fastidium
1037 1906 1154 1966 veritas

137 1989 172 2044 27
179 1989 294 2048 veniet:
310 1988 389 2048 falsa
404 1987 566 2049 satiabant.
600 1990 720 2050 Rursus
737 1988 764 2048 si
779 2005 862 2049 mors
877 1988 995 2049 accedit
1008 1997 1039 2051 el
1053 1995 1153 2062 vocat,

178 2073 250 2131 licet
266 2072 415 2133 inmatura
436 2073 488 2144 sit,
510 2072 581 2132 licet
603 2074 732 2133 mediam
747 2073 905 2148 praecidat
919 2079 1063 2148 aetatem,
1085 2088 1154 2148 per·

180 2163 288 2230 ceptus
302 2155 482 2230 longissime
503 2157 621 2217 fructus
636 2164 693 2217 est.
727 2157 850 2232 cognita
868 2162 917 2218 est
929 2157 973 2217 illi
989 2172 1029 2217 ex
1043 2171 1154 2232 magna

180 2247 267 2314 parte
282 2248 399 2301 natura.
429 2241 487 2301 scit
502 2248 640 2316 tempore
651 2240 782 2301 honesta
796 2257 858 2302 non
867 2257 1022 2302 cresceres
1036 2241 1086 2301 his
1101 2255 1154 2300 ne·

182 2340 272 2384 cesse
293 2333 341 2385 est
360 2324 457 2386 videri
473 2341 595 2385 omnem
617 2325 710 2384 vitam
731 2325 870 2399 brevem,
893 2324 944 2401 qui
964 2325 1046 2385 illam
1066 2325 1154 2386 vola·

138 2404 313 2482 28ptatibus
329 2407 417 2470 vanis
439 2415 469 2468 et
482 2408 552 2468 ideo
575 2408 699 2470 infinitis
720 2406 892 2470 metiantur.
923 2408 978 2469 His
994 2415 1026 2470 te
1040 2408 1154 2484 cogita·

179 2493 313 2552 tionibus
328 2509 435 2553 recrea
445 2500 476 2553 et
486 2490 605 2552 interim
613 2490 752 2568 epistulis
764 2495 878 2554 nostris
890 2492 1039 2554 vacando.
1053 2492 1155 2554 veniet

180 2576 304 2649 aliquod
318 2584 449 2650 tempus,
461 2576 546 2651 quod
557 2593 615 2637 nos
627 2576 736 2636 iterum
747 2575 852 2652 iungat
859 2593 895 2637 ac
905 2578 1047 2639 misceam
1059 2590 1154 2653 quan·

179 2660 317 2718 tumlibet
331 2660 370 2719 sit
383 2659 473 2733 illud,
491 2660 615 2733 longum
632 2661 723 2720 laciet
736 2661 865 2722 scientia
879 2661 995 2722 utendi.
1022 2675 1108 2733 narn,
1122 2664 1156 2720 ut

179 2740 365 2801 Posidonius
380 2743 435 2814 ait,
450 2758 551 2815 „unus
564 2742 630 2803 dies
642 2743 799 2805 hominurn
813 2745 1000 2806 eruditorum
1014 2746 1087 2820 plus
1101 2758 1154 2818 pa·
1168 2803 1170 2810 ,

138 2823 223 2882 29tet
238 2839 329 2898 quam
350 2824 489 2901 inperitis
508 2826 688 2901 longissima
707 2834 824 2889 aetas.“
858 2829 980 2890 Interim
1000 2827 1061 2889 hoc
1077 2835 1155 2901 tene,

180 2907 241 2967 hoc
255 2908 376 2968 morde:
392 2910 531 2970 adversis
546 2927 607 2972 non
622 2914 831 2988 succumbere,
845 2913 933 2974 laetis
945 2927 1006 2973 non
1017 2911 1156 2986 crederet

183 3007 303 3051 omnem
328 2993 467 3054 fortunae
492 2993 644 3057 licentiam
668 2997 698 3055 in
720 2998 818 3058 oculis
845 2996 974 3070 habere,
1000 3003 1158 3071 tamquam

182 3076 328 3151 quicquid
343 3084 447 3151 potest
461 3079 577 3153 lacere,
601 3081 718 3140 lactura
732 3080 782 3141 sit.
818 3079 972 3156 Quicquid
993 3084 1156 3154 exspecta·

181 3168 244 3220 tum
260 3169 308 3222 est
322 3161 388 3237 diu,
403 3163 502 3223 levius
517 3163 645 3223 accedit.
674 3164 762 3225 Vale.

476 3300 692 3359 EPISTULA
716 3303 761 3358 ΙΙΙ.
786 3302 857 3375 (79.)

434 3393 544 3445 Snunca
559 3394 672 3446 Lucrum
688 3407 740 3447 suo
760 3407 900 3450 saturnu.

156 3501 168 3551 1
243 3493 442 3571 Exspecta
469 3496 664 3573 epistulas
691 3504 794 3573 tuas,
824 3495 969 3571 quibus
997 3494 1164 3561 indices
