2468 3930
180 319 184 324 .
227 240 397 301 EPISTUL.
411 241 506 301 MOR.
527 241 600 301 LlB.
611 241 661 302 lx.
682 240 739 301 ΕΡ.
749 250 776 306 3.
798 247 870 318 (74.)
973 243 1034 309 181

61 396 196 475 pinques
210 394 387 467 liberosque
402 393 561 467 dispensat
577 393 687 454 officia.
706 393 799 455 modo
811 400 877 455 arto
889 395 951 455 fine
962 411 1035 458 con-

60 480 192 541 cluditur
210 477 414 553 paupertatis,
436 475 531 549 exilii,
554 475 707 538 orbitatist
734 494 797 538 non
818 486 915 539 tamen
936 479 1035 542 minor

59 571 122 636 est,
142 561 170 622 si
186 576 226 620 ex
241 561 346 622 altiore
361 559 483 634 lastigie
498 560 528 618 in
544 561 708 634 privatum,
728 577 767 621 ex
781 563 866 637 regio
880 563 911 622 in
925 564 1037 644 humile

59 645 250 718 subducitur,
263 659 303 703 ex
313 643 435 720 publico
447 651 478 703 et
489 644 627 718 spatioso
638 644 703 704 iure
714 644 744 704 in
755 647 912 720 angustias
925 647 1035 709 domus

59 731 108 791 vel
130 730 233 804 anguli
255 728 325 788 coit.
345 742 445 802 aeque
464 743 576 802 magna
593 735 654 800 est,
681 727 799 789 etiarnsi
812 731 843 790 in
859 746 895 790 se
908 733 1080 795 recessitis

60 814 197 888 undique
219 813 355 872 exclusa.
378 811 574 872 nihilominus
594 813 673 871 enim
687 813 789 886 magni
803 815 928 888 spiritus
944 823 1037 878 estet

60 897 166 968 erecti,
190 902 318 957 exactae
333 897 527 971 prudentiae,
549 895 771 956 indeclinabilis
792 897 933 958 iustitiae.
961 915 1035 974 ergo

60 996 159 1057 aeque
173 980 264 1040 beata
277 985 333 1039 est.
361 980 483 1040 beatum
505 981 584 1039 enim
605 979 680 1038 illud
694 980 724 1038 in
739 997 801 1041 uno
815 981 884 1042 loco
903 983 1037 1057 positum

59 1072 115 1136 est,
130 1064 161 1123 in
176 1064 246 1139 ipsa
259 1074 369 1136 mente,
383 1065 509 1137 grande,
524 1061 641 1136 stabile,
655 1064 857 1139 tranquillum,
874 1066 958 1139 quod
970 1065 1037 1126 sine

60 1147 189 1208 scientia
203 1146 376 1207 divinorum
389 1147 655 1220 humanorumque
668 1163 729 1207 non
745 1153 847 1222 potest
862 1148 952 1208 ellici.
982 1147 1035 1209 Se-
1044 1156 1079 1212 30

59 1233 162 1307 quitur
175 1232 264 1305 illud,
288 1231 371 1306 quod
391 1247 440 1291 me
455 1246 677 1306 responsurum
693 1245 764 1291 esse
779 1231 927 1291 dicebam.
969 1232 1038 1293 Non

60 1313 215 1390 adfligitur
235 1316 360 1389 sapiens
380 1315 545 1376 liberorum
568 1314 748 1387 amissione,
776 1332 838 1375 non
860 1315 1036 1378 amicorum.

60 1399 169 1459 eodem
191 1398 271 1458 enim
293 1399 392 1458 animo
414 1401 470 1458 lert
493 1397 612 1459 illorum
635 1405 777 1472 mortem,
799 1416 859 1474 quo
881 1415 968 1464 suam
984 1415 1036 1458 ex-

60 1488 189 1558 spectat.
218 1499 281 1542 non
301 1481 398 1555 magis
418 1481 498 1541 hanc
519 1483 601 1542 timet
617 1498 708 1557 quam
726 1483 807 1541 illam
822 1483 914 1543 dolet.
940 1483 1036 1543 virtus

60 1566 140 1626 enim
162 1564 375 1627 convenientia
396 1573 530 1625 constat:
559 1567 660 1626 omnia
682 1582 777 1641 opera
799 1567 866 1628 eius
885 1568 1038 1643 cumipse

59 1650 250 1710 concordant
264 1656 293 1708 et
306 1656 486 1724 congruunt.
503 1649 581 1710 haec
593 1651 759 1711 concordia
770 1651 857 1726 perit,
870 1651 896 1710 si
908 1651 1036 1723 animus,

59 1749 150 1808 quern
169 1735 325 1793 excelsum
342 1750 414 1794 esse
428 1740 562 1809 oportet,
577 1735 661 1796 luctu
673 1741 726 1796 aut
741 1733 895 1795 desiderio
912 1736 1037 1796 submit-

57 1818 138 1879 titur.
181 1818 347 1877 Inhonesta
369 1825 417 1879 est
437 1817 535 1878 omnis
549 1819 710 1894 trepidatio
726 1824 757 1880 et
774 1817 947 1879 sollicitudo
963 1817 1037 1879 etin

57 1903 120 1962 ullo
137 1909 207 1960 actu
223 1901 352 1977 pigritia.
380 1901 541 1963 honestum
562 1901 642 1962 enim
657 1919 800 1964 securum
816 1909 846 1961 et
860 1903 1038 1977 expeditum

58 1992 121 2059 est,
142 1984 309 2045 interritum
331 1992 392 2055 est,
418 1987 447 2047 in
470 1986 629 2060 procinctu
648 1993 717 2046 stat.
763 1985 840 2060 Quid
861 1992 957 2060 ergot
978 1994 1079 2049 nontl

56 2068 176 2144 aliquid
197 2068 416 2143 perturbationi
437 2069 536 2129 simile
557 2068 709 2145 patietur?
736 2087 799 2131 non
820 2076 850 2128 et
867 2072 952 2129 color
970 2069 1037 2130 eius

56 2151 223 2212 mutabitur
242 2160 274 2212 et
293 2156 393 2213 voltus
415 2153 575 2228 agitabitur
597 2160 627 2213 et
647 2162 730 2215 artus
755 2152 978 2226 refrigescent?
1009 2161 1039 2213 et

57 2235 208 2311 quicquid
222 2237 303 2296 aliud
319 2254 380 2298 non
396 2252 435 2296 ex
450 2237 578 2310 imperio
591 2235 691 2310 animi,
707 2236 763 2297 sed
775 2235 947 2296 inconsulto
961 2251 1038 2312 quo-

57 2319 131 2379 dam
147 2327 274 2380 naturae
288 2319 394 2396 inpetu
407 2322 529 2395 geritur.
558 2321 665 2380 fateor.
695 2321 751 2380 sed
766 2319 899 2379 manebit
911 2319 953 2378 illi
968 2334 1037 2393 per·

58 2403 165 2464 suasio
181 2405 304 2478 eadem,
324 2403 398 2464 nihil
414 2405 534 2465 illorum
548 2403 659 2463 malum
676 2418 748 2463 esse
762 2418 819 2462 nec
834 2400 976 2476 dignum,
998 2402 1039 2461 ad

58 2488 145 2562 quod
165 2503 252 2547 mens
273 2503 350 2548 sana
370 2488 502 2548 deficiat.
536 2486 650 2559 omnia,
678 2502 757 2562 quae
778 2485 921 2546 iacienda
941 2490 1037 2559 erunt,

57 2571 207 2631 audacter
226 2570 300 2631 iacit
321 2579 351 2631 et
371 2579 521 2646 prompte.
549 2572 609 2631 hoc
626 2570 706 2631 enim
721 2571 863 2633 stultitiae
880 2567 1080 2644 propriumsa

56 2655 130 2730 quis
146 2654 272 2728 dixerit,
293 2656 403 2731 ignave
423 2663 453 2716 et
466 2654 686 2717 contumaciter
700 2658 817 2728 lacere,
840 2669 920 2729 quae
937 2654 1037 2728 lactat,

55 2746 88 2798 et
108 2738 171 2798 alio
191 2753 306 2813 corpus
328 2739 490 2816 inpellere,
516 2741 576 2801 alio
597 2740 728 2800 animum
751 2738 941 2813 distrahique
961 2738 1039 2797 inter

55 2821 289 2883 diversissimos
310 2832 420 2885 motus.
448 2841 518 2884 narn
539 2833 664 2900 propter
684 2823 736 2884 illa
751 2824 834 2898 ipsa,
857 2822 969 2899 quibus
985 2838 1038 2882 ex-

54 2905 137 2966 tollit
149 2921 187 2965 se
200 2906 396 2982 miraturque,
412 2914 585 2984 contempta
600 2915 648 2969 est
663 2915 693 2969 et
705 2924 744 2967 ne
758 2906 809 2967 illa
822 2906 956 2981 quidem,
973 2906 1039 2981 qui-

54 2988 118 3050 bus
133 2989 292 3064 gloriatur,
311 2991 439 3052 libenter
456 2993 535 3053 lacit.
562 2990 678 3052 sivero
697 2991 822 3066 aliquod
839 2992 958 3051 timetur
976 3005 1038 3048 ma-

54 3073 136 3146 lum,
151 3088 191 3133 ao
205 3074 349 3148 perinde,
364 3076 437 3135 dum
455 3081 629 3151 exspectat,
645 3075 734 3150 quasi
752 3073 897 3144 venisset,
914 3079 1039 3145 urgetur

55 3164 88 3217 ot
103 3156 254 3233 quicquid
269 3173 308 3217 ne
322 3159 452 3233 patiatur
463 3160 554 3233 timet,
571 3158 631 3220 iam
646 3166 727 3218 metu
738 3157 859 3232 patitur.
888 3154 1037 3229 Quemad-
1047 3161 1083 3217 33

54 3240 183 3302 modum
196 3241 228 3301 ln
244 3242 427 3317 corporibus
443 3244 599 3318 languoris
613 3242 700 3315 signa
712 3247 922 3316 praecurrunt.
946 3252 1042 3311 quae-

57 3323 128 3384 dam
143 3325 226 3385 enim
239 3326 369 3400 segnitia
381 3327 503 3387 enervis
519 3335 566 3387 est
577 3333 608 3387 et
619 3327 685 3386 sine
696 3324 801 3383 labore
812 3324 875 3384 ullo
888 3319 1038 3381 lassitudo

57 3413 89 3466 et
103 3404 246 3469 oscitatio
263 3416 294 3469 et
314 3409 425 3470 horror
445 3411 582 3470 membra
602 3423 801 3484 percurrens:
832 3405 877 3466 sic
900 3403 1041 3464 infirmus

55 3489 178 3552 animus
192 3493 289 3553 multo
303 3500 374 3554 ante
388 3508 480 3569 quarn
490 3492 679 3571 obprimatur
688 3491 776 3552 malis
790 3490 932 3566 quatitur.
951 3503 1039 3565 prae·
