2468 3930
237 235 407 300 urtswt.
421 237 515 299 MOB„
538 238 611 300 LIB.
622 239 700 300 XIII.
722 241 781 300 ΕΡ.
793 251 818 302 l.
830 246 903 318 (86.)
1000 239 1064 310 237

81 387 301 453 decentissime
315 390 468 452 diceretur
483 391 627 467 adspexit
646 408 704 453 nec
719 394 871 468 agricolas
886 395 1000 457 docere
1014 413 1069 458 vo·

81 476 153 549 tuit,
177 474 235 536 sed
253 475 390 549 legentes
406 476 569 537 delectare.
606 492 690 551 nam,
713 479 827 539 utalia
848 479 950 540 omnia
970 485 1111 542 trans-16

82 575 160 635 eam,
174 558 236 620 boc
251 559 335 635 quod
349 558 422 619 mihi
436 558 528 621 hodie
542 575 673 622 necesse
689 563 744 624 tuit
759 563 999 639 deprehendere,
1015 566 1069 626 ad-

82 643 231 705 scribam=

123 745 194 790 ccrc
204 728 289 801 sabab
301 729 377 789 soh’o
390 734 450 789 est:
470 733 540 788 tunc
556 733 585 788 te
601 745 729 805 quoque,
750 731 880 808 medica,
901 740 1006 809 putres

125 814 280 888 occipium
291 813 369 872 sulci
383 818 414 871 ct
427 813 508 873 mitio
522 814 602 874 venet
615 829 719 873 annua
732 830 819 874 carc.

82 895 133 957 Au
148 912 212 961 uno
226 901 367 971 tempore
380 895 440 957 ista
461 895 606 970 ponenda
626 897 686 957 sint
702 903 732 957 et
745 913 784 956 an
799 900 958 976 utriusque
975 917 1070 962 verna

84 980 123 1041 sit
144 978 240 1053 satio,
255 979 327 1039 hinc
342 979 487 1039 aestimes
502 979 586 1040 licet:
608 980 713 1041 Iunius
728 982 844 1042 mensis
860 991 922 1058 est,
938 1001 999 1059 quo
1014 983 1070 1046 tibi

83 1062 203 1137 comba,
235 1063 296 1122 iam
322 1063 478 1137 proclivus
500 1063 531 1123 in
544 1063 667 1125 Iullumz
698 1064 808 1125 eodem
823 1066 872 1126 die
891 1068 955 1127 vidi
969 1068 1070 1127 labam

83 1152 242 1221 metentes,
257 1146 370 1207 millum
385 1155 534 1209 serentes.
565 1147 616 1207 Ad
631 1148 811 1208 olivetum
826 1157 972 1224 revertar,
986 1151 1071 1226 quod
1078 1159 1112 1217 17

83 1230 165 1293 vidi
179 1230 334 1292 duobus
349 1231 473 1292 modis
489 1230 723 1307 depositum:
739 1248 917 1308 magnarum
927 1233 1070 1295 arborum

83 1321 211 1377 truncos
235 1314 423 1376 circumcisis
451 1317 544 1376 ramis
571 1324 601 1377 ct
626 1315 667 1375 ad
690 1333 783 1377 unum
804 1317 938 1380 redactis
959 1320 1070 1393 pedem

84 1414 154 1461 cam
167 1414 246 1475 rapo
260 1414 318 1461 suo
334 1399 487 1461 transtulit
506 1398 670 1475 amputatis
691 1401 861 1476 radicibus,
882 1403 987 1464 relicto
1004 1408 1070 1462 tan·

83 1491 147 1545 tum
162 1482 263 1559 capito
278 1483 358 1559 ipso,
372 1499 413 1544 ex
427 1501 489 1559 quo
505 1484 574 1545 illae
589 1485 809 1559 pependerant.
852 1486 912 1547 hoc
927 1486 1000 1546 fimo
1014 1485 1070 1547 tin-

84 1574 165 1628 ctum
189 1566 390 1633 inscrobem
411 1567 547 1643 demisit,
573 1567 686 1628 deinde
710 1574 823 1631 terram
845 1587 919 1635 non,
933 1570 1072 1646 adgessit

85 1657 214 1726 tantum,
240 1651 296 1712 sed
324 1652 453 1713 calcavit
477 1658 508 1712 et
532 1649 655 1726 pressit.
696 1652 793 1728 Negat
815 1655 978 1730 quicquam
1000 1667 1114 1723 assela

83 1735 159 1810 hac,
178 1743 212 1796 ut
225 1736 282 1808 ait,
305 1735 492 1811 spissatIonc
506 1734 679 1795 efficacius:
694 1736 837 1799 videlicet
850 1740 947 1814 frigus
967 1740 1070 1799 exolu-

85 1820 129 1881 dit
148 1826 179 1882 et
192 1825 326 1880 ventum.
365 1819 465 1881 minus
486 1828 646 1894 praeterea
665 1828 805 1884 movetur
824 1830 854 1884 et
876 1823 916 1884 ob
936 1822 997 1886 hoc
1017 1838 1069 1882 na·

84 1910 208 1963 scentes
227 1902 350 1964 radices
370 1904 497 1979 prodire
517 1904 685 1979 petiturae
707 1907 807 1967 sotum
827 1906 1069 1982 adprehendere,

86 2002 165 2062 quas
179 2000 312 2049 necesse
325 1993 374 2047 est
394 1987 621 2049 cereas'adhuc
641 1994 672 2048 et
694 1991 834 2065 precario
850 1991 1014 2051 haerentes
1029 1992 1069 2050 le·

85 2071 133 2131 vis
149 2086 273 2147 quoque
286 2071 414 2132 revellat
427 2072 559 2146 agitatio.
594 2088 704 2149 rapum
719 2081 819 2135 autem
834 2074 970 2146 arboris,
987 2081 1071 2134 ante·

86 2170 178 2232 quam
195 2154 312 2229 obruat,
325 2156 413 2216 radit.
452 2171 492 2216 ex
514 2156 596 2217 omni
612 2157 691 2216 enim
706 2154 847 2230 materia,
863 2174 943 2233 quae
957 2158 1072 2218 nudata

86 2245 141 2314 est,
156 2245 191 2301 ut
203 2236 253 2313 ait,
268 2239 390 2300 radices
406 2247 519 2301 exeunt
538 2255 647 2300 novae.
680 2240 747 2299 Non
768 2244 873 2316 plures
896 2246 997 2301 autem
1019 2257 1069 2300 su·

86 2330 264 2399 perterram
281 2323 414 2383 emiuere
436 2323 527 2384 debet
547 2330 673 2384 truncus
688 2340 780 2398 quam
795 2332 858 2386 tres
873 2332 926 2387 aut
942 2330 1072 2398 quatuor

85 2406 194 2484 pedes.
225 2405 430 2468 sannanim
456 2406 494 2467 ab
521 2406 582 2468 imo
609 2404 755 2468 vestietur
780 2424 839 2469 nec
862 2423 973 2483 magna
999 2422 1071 2482 pars

87 2491 344 2568 quemadmodum
372 2492 402 2551 in
427 2491 547 2552 olivetis
571 2491 727 2552 veteribus
755 2492 841 2553 arida
865 2499 896 2553 ct
922 2489 1073 2552 retorrida

86 2574 151 2637 erit
182 2575 269 2637 Alter
284 2574 420 2651 ponendi
433 2575 544 2635 modus
559 2575 610 2636 hic
623 2575 692 2635 fuit:
706 2592 810 2638 ramos
826 2578 921 2638 tortas
934 2591 992 2636 nec
1006 2590 1073 2635 cor·
1080 2587 1114 2642 19

85 2659 154 2721 licis
168 2656 248 2734 duri,
264 2661 372 2735 quales
387 2675 461 2720 asse
475 2661 663 2721 novellarum
679 2660 823 2722 arborum
837 2662 946 2735 solent,
962 2660 1073 2722 codem

85 2757 200 2819 genera
215 2743 370 2820 deposuit
400 2743 431 2803 hi
447 2745 539 2818 paulo
552 2745 669 2805 tardius
684 2752 828 2820 surgunt,
843 2745 900 2807 sed
914 2761 983 2806 cum
997 2750 1070 2804 tam·

88 2842 180 2903 quam
194 2843 215 2887 a
228 2829 332 2902 planta
347 2829 562 2904 processerint,
585 2828 659 2888 nihii
674 2829 787 2892 habent
807 2829 838 2890 in
860 2845 895 2892 se
914 2829 1072 2890 horridum

87 2911 249 2972 auttriste.
281 2913 383 2973 illud
400 2912 620 2973 etiamnunc
639 2913 736 2990 vidi,
756 2915 870 2992 vitem
892 2929 937 2973 ex
957 2914 1116 2979 artu-at

86 3001 148 3056 sto
174 3010 246 3057 auo
272 3011 454 3058 annosam
478 2995 703 3058 transferri.
745 2997 836 3059 huius
859 2997 1073 3072 capillamenta

88 3094 224 3155 quoque,
240 3079 266 3140 si
281 3079 348 3140 fieri
361 3086 473 3156 potest,
490 3079 663 3156 colliganda
677 3088 757 3141 sunt.
791 3081 902 3142 deiude
916 3079 1072 3141 liberalius

87 3162 254 3225 sternenda
270 3163 359 3239 vilIs,
380 3171 414 3225 ut
434 3164 524 3225 etiam
537 3180 577 3225 ex
592 3179 724 3240 corpore
737 3165 925 3226 radicescatc
954 3170 984 3223 et
1011 3159 1073 3221 vidi

87 3262 150 3308 nou
162 3253 280 3309 tantum
299 3263 406 3310 mense
423 3247 589 3309 Februario
610 3249 745 3324 positas,
775 3248 832 3308 scd
853 3247 944 3307 etiam
963 3245 1072 3305 Martio

88 3337 213 3392 exacto=
234 3337 340 3392 tenent
358 3338 389 3392 et
410 3334 581 3409 conplexae
597 3340 669 3393 sunt
688 3348 750 3392 non
766 3348 840 3392 suas
855 3331 966 3391 ulmos.
1004 3328 1072 3389 Om·
1080 3337 1113 3390 21

88 3429 144 3475 nes
157 3414 348 3477 autemistas
360 3416 497 3490 arbores,
514 3433 602 3493 quae,
618 3423 652 3476 ut
661 3416 703 3476 ita
714 3416 822 3490 dicam,
837 3413 1072 3490 grandiscapiae

88 3505 167 3574 aaut,
181 3499 224 3560 ait
237 3514 321 3574 aqua
334 3500 525 3563 adiuvandas
540 3499 712 3574 claternina,
730 3501 850 3577 quaesi
866 3500 1003 3575 prodest,
1019 3498 1072 3560 ha·
