2468 3930
465 239 698 297 FRAGMENTA.
1016 232 1079 298 425

100 395 231 452 induunt:
246 394 361 449 numina
374 398 492 462 vocant,
507 408 580 464 quae
596 393 621 448 si
634 392 732 465 spiritu
748 396 865 464 accepto
877 390 968 448 subito
982 407 1078 448 occur·

100 484 208 548 reront,
223 484 349 533 monstra
359 477 561 532 haberentur.“

162 562 272 618 Deinde
286 562 427 632 aliquanto
438 568 504 633 post
517 576 603 632 quum
613 558 785 633 theologiam
797 557 954 616 naturalem
968 559 1082 631 praedi·
1092 563 1127 618 32

101 663 169 703 cans
184 645 361 718 quorundam
374 643 610 717 philosophorum
625 645 778 701 sententias
791 643 973 716 digessisset,
991 659 1080 717 oppo-

101 731 155 786 suit
169 731 222 785 sibi
237 728 431 800 quaestionem
446 735 473 784 et
486 730 538 784 ait:

163 813 241 884 „Hoc
261 815 325 869 loco
346 813 421 868 dicct
441 813 556 883 aliquis=
583 812 698 868 credam
719 828 773 883 ego
795 812 906 867 coelum
926 817 953 868 et
976 818 1081 869 terram

101 900 171 955 deos
193 914 257 954 esse
272 904 300 954 et
320 912 407 969 snpra
420 896 516 952 lunam
530 897 616 962 alios,
638 896 710 952 inira
730 895 823 951 aliosi
849 912 903 967 ego
925 896 1014 951 ieram
1034 900 1082 950 aut

101 984 242 1038 Platonem
253 981 520 1052 autPeripateticum
526 978 699 1051 Stratonem,
713 995 831 1051 quorum
844 981 914 1035 alter
925 979 990 1035 iecit
997 979 1081 1036 deum

102 1067 162 1122 sinc
177 1081 312 1138 corpore,
327 1067 398 1121 alter
411 1065 473 1120 sine
490 1063 632 1120 animoi“

163 1149 198 1204 Et
212 1150 250 1206 ad
264 1148 318 1205 hoc
333 1148 525 1221 respondens:

161 1232 253 1304 „Quid
270 1249 339 1305 ergo
353 1233 489 1289 tandem?
517 1232 621 1303 inquit,
641 1231 755 1288 veriora
775 1231 823 1288 tibi
836 1230 967 1288 videntur
979 1229 1012 1287 T.
1028 1229 1081 1286 Ta·
1092 1235 1128 1289 33

101 1319 130 1374 tii
143 1322 190 1374 aut
203 1315 314 1373 Romuli
328 1323 375 1373 aut
389 1316 460 1372 Tulli
471 1315 579 1372 Hostilii
592 1315 722 1372 somniat
748 1314 907 1372 Cloacinam
921 1314 1016 1370 Tatius
1031 1313 1081 1370 dc-

102 1401 206 1459 dicavit
219 1401 318 1468 deam,
339 1402 435 1457 Picum
449 1401 666 1471 Tiberinumque
679 1397 830 1470 Romulus,
845 1399 978 1454 Hostilius
990 1398 1082 1455 Pavo·

101 1501 161 1541 rem
178 1492 260 1556 atque
281 1486 434 1555 Pallorem,
453 1484 610 1541 teterrimos
631 1483 775 1539 hominum
796 1484 938 1554 adiectus,
963 1498 1082 1554 quorum

102 1571 171 1625 alter
185 1570 285 1624 mentis
300 1571 412 1626 territae
427 1575 518 1625 motus
534 1573 590 1639 est,
611 1570 681 1625 alter
697 1570 823 1641 corporis
838 1584 875 1623 ne
889 1569 1003 1623 morbus
1021 1566 1082 1637 qui·

103 1653 167 1708 dcrn
183 1653 234 1708 sed
250 1655 341 1709 color:
356 1653 428 1709 haec
440 1653 552 1708 numina
565 1654 658 1725 polius
670 1652 770 1709 credes
783 1653 899 1710 ctcoelo
911 1647 1081 1724 recipiest“

165 1737 206 1792 Dc
237 1738 307 1811 Ipsis
334 1754 404 1795 vero
431 1738 528 1794 ritibus
553 1737 702 1794 crudeliter
732 1738 860 1810 turpibus
886 1751 970 1807 quam
993 1736 1128 1799 liberem

104 1822 229 1893 scripsit!

166 1905 248 1976 „llle,
269 1907 372 1978 inquit,
393 1906 489 1964 viriles
505 1906 557 1963 sibi
572 1912 667 1979 partes
682 1910 822 1978 amputat,
844 1905 890 1961 ille
901 1906 1023 1962 lacertos
1037 1920 1082 1958 se-

103 1995 162 2044 cat:
177 1990 224 2045 ubi
238 1991 324 2046 iratos
340 1991 410 2046 deos
423 1992 534 2060 timent,
552 1991 601 2062 qui
616 1991 657 2047 sic
670 1990 806 2062 propitios
827 1988 946 2065 [habere
971 2004 1082 2044 mereu-

103 2076 168 2127 turi
184 2072 222 2127 dii
235 2078 329 2130 autem
339 2075 415 2130 nullo
427 2074 533 2130 debent
543 2074 596 2130 coli
608 2090 730 2146 genere,
745 2074 769 2128 si
783 2078 812 2128 et
826 2071 882 2129 hoc
895 2075 1007 2130 volunt:
1022 2078 1083 2127 tan-

103 2163 147 2211 tus
163 2162 206 2209 est
221 2158 400 2227 perturbatae
415 2158 515 2212 mentis
530 2162 558 2212 et
576 2156 691 2212 sedibus
706 2157 766 2212 suis
779 2157 879 2228 pulsae
894 2158 986 2226 furor,
998 2161 1028 2212 ut
1042 2155 1083 2210 sic

104 2239 143 2294 dii
157 2240 318 2310 placentur,
340 2239 579 2311 quemadmodum
598 2255 634 2294 ne
655 2238 784 2295 homines
808 2238 922 2309 quidem
943 2240 1082 2295 saeviunt.

104 2322 249 2378 Teterrimi
272 2330 300 2379 et
320 2324 349 2379 in
368 2324 476 2381 fabulas
493 2322 612 2378 traditae
627 2322 797 2378 crudelitatis
812 2322 924 2394 manni
936 2323 1083 2379 lacerave-

104 2413 167 2462 runt
181 2407 339 2478 aliquorum
356 2401 499 2478 membra,
521 2407 661 2463 neminem
676 2421 728 2462 sua
741 2407 874 2475 lacerare·
883 2405 1035 2460 iusserunt.
1055 2405 1084 2459 in

104 2577 170 2646 sibi,
193 2592 229 2632 ne
250 2578 295 2634 vir
317 2583 407 2648 essct,
428 2577 540 2634 iubente
561 2575 675 2631 domino
697 2591 796 2630 manus
812 2574 914 2629 intulit:
933 2590 964 2629 se
986 2572 1041 2644 ipsi
1055 2572 1084 2627 in

103 2661 214 2731 templis
232 2663 438 2730 contrucidant,
458 2660 622 2719 vulneribus
636 2660 695 2714 suis
712 2675 747 2716 ac
763 2659 901 2731 sanguine
916 2657 1083 2730 supplicant.

105 2741 135 2798 Si
150 2744 195 2798 cui
210 2744 309 2801 intueri
323 2752 421 2816 vacet,
437 2762 510 2816 qnae
525 2745 630 2801 iaciunt
645 2759 775 2815 quaeque
789 2743 944 2817 patiuntur,
960 2740 1085 2799 inveniet

105 2832 161 2880 tam
181 2826 316 2884 indecora
333 2829 474 2899 honestis,
498 2837 555 2885 tam
577 2828 695 2901 indigne
719 2828 829 2898 liberis,
854 2832 910 2883 tam
938 2825 1085 2883 dissimilia

106 2910 198 2978 sanis,
213 2915 243 2964 ut
256 2926 339 2966 nomo
354 2913 435 2968 inerit
449 2913 623 2969 dubitaturus
637 2916 731 2969 furere
747 2930 813 2981 eos,
829 2913 929 2968 sicum
943 2909 1084 2982 pauciori·

105 2996 157 3049 bus
181 2993 321 3048 interemta
344 3011 418 3052 nunc
439 2997 564 3054 sanitatis
584 2997 771 3069 patrocinium
789 2995 988 3052 insanientium
1004 2994 1085 3048 turba

106 3078 177 3133 est“
495 3085 497 3088 ’

168 3163 227 3217 lana
242 3163 304 3236 illa,
325 3178 398 3232 quac
418 3162 447 3216 in
463 3162 526 3234 ipso
541 3161 676 3235 Capitolio
697 3161 759 3218 lieri
778 3163 871 3218 solere
886 3164 1130 3225 commemoratas

106 3251 133 3301 ct
146 3246 285 3318 intrepide
301 3248 414 3303 omnino
432 3247 574 3318 coarguit,
594 3247 657 3318 quis
672 3245 770 3301 credat
782 3245 835 3300 nisi
853 3246 888 3302 ab
904 3242 1083 3299 irridentibus

107 3336 153 3386 aut
167 3331 321 3387 furentibus
335 3332 420 3387 fieri?
435 3347 501 3387 narn
515 3347 601 3401 quum
614 3331 643 3385 in
657 3330 745 3385 sacris
759 3328 909 3402 Aegyptiis
926 3326 1028 3383 Osirim
1042 3328 1083 3382 lu-

107 3415 166 3485 geri
194 3414 351 3486 perditum,
381 3432 448 3472 mox
468 3422 562 3472 autem
589 3416 734 3473 inventum
760 3429 864 3485 magno
889 3428 953 3467 esse
979 3410 1084 3483 gaudio

107 3496 264 3570 derisisset,
282 3515 367 3572 quum
381 3499 501 3573 perditio
519 3501 579 3558 cius
598 3500 779 3572 inventioque
793 3496 929 3570 fingatur,
949 3496 1031 3552 dolor
1044 3500 1086 3551 ta-
