2468 3930
269 239 439 302 EPISTUL.
453 234 548 300 MOR.
569 239 721 300 LIB.VII.
742 240 800 300 ΕΡ.
811 249 838 303 3.
860 247 932 316 (65.)
1019 241 1079 306 141

101 393 148 456 sui
170 398 257 471 perte
276 392 365 454 abest
380 398 411 452 et
426 392 627 467 cogitationes
644 395 720 454 sud's
734 393 773 454 ad
788 393 929 454 sublimia
942 393 1080 454 intendit.

101 478 186 539 velut
207 482 400 547 sacramento
420 480 546 552 rogatus
569 466 646 549 hcc,
677 477 762 552 quod
785 477 871 552 vivit,
895 477 1080 552 stipendium

100 562 196 640 ptrtdt.
229 567 261 622 et
286 561 328 621 ita
354 560 501 622 formatus
527 564 646 635 est,t1t
670 561 712 621 llll
737 574 795 621 nee
816 570 901 624 antor
920 562 1003 622 vitae
1022 576 1080 622 nec

101 646 208 708 odium
230 643 285 718 sit,
309 645 485 720 patiturque
501 644 658 718 mortalia,-
680 646 819 720 quamvis
841 646 919 706 sciat
933 646 1081 722 ampliora

100 744 280 805 superesse.
316 728 476 789 Interdicis
493 728 565 787 mihi
580 728 774 802 inspectione
788 745 888 790 rerum
903 734 1045 804 naturae,
1061 729 1123 789 aro

100 821 166 874 toto
180 812 345 874 abductum
360 811 475 888 redigis
489 809 520 870 in
532 817 671 887 parternt
685 827 743 886 ego
756 829 817 873 non
828 829 984 888 quaeram,
1002 828 1081 888 quac

102 899 163 958 sint
183 895 269 957 initia
282 896 518 957 universorum?
539 895 608 973 quis
624 911 726 975 rerum
741 897 911 957 formatori
932 897 1001 972 quis
1017 913 1080 958 om·

100 981 151 1041 nia
170 980 201 1040 in
216 995 279 1040 uno
295 994 396 1039 mersa
411 986 441 1039 et
454 979 581 1039 materia
595 976 683 1037 inerti
698 979 862 1040 convoluta
880 980 1082 1039 discreverit?

100 1070 163 1125 non
179 1070 342 1138 quaeram,
363 1063 431 1138 quis
454 1063 493 1122 sit
506 1063 594 1122 istius
610 1060 718 1121 artifex
733 1062 860 1121 mundi?
883 1069 944 1137 que
964 1062 1082 1123 ratione

100 1154 184 1209 tanta
194 1147 374 1222 magnitudo
384 1146 414 1205 in
429 1147 527 1221 legem
542 1154 571 1206 et
583 1145 720 1206 ordinem
732 1146 870 1206 venerit?
886 1146 955 1220 quis
971 1160 1082 1220 sparsa

101 1231 276 1306 collegerit,
299 1232 430 1291 contusa
444 1229 630 1304 distinxerit,
652 1230 683 1288 in
703 1240 767 1290 una·
780 1228 972 1289 deformitate
986 1230 1080 1289 taten-

101 1315 185 1376 tibus
210 1315 320 1376 taciem
344 1314 506 1375 diviseritt·
528 1314 611 1374 dn'de
630 1313 684 1372 lux
705 1319 789 1372 tanta
809 1313 977 1373 tendatur?
1001 1311 1080 1386 ignis

101 1399 156 1471 sit,
178 1415 217 1458 an
240 1398 355 1474 aliquid
375 1398 447 1472 igne
466 1397 621 1458 lucidiust
663 1397 728 1472 Ego
749 1398 808 1457 ista
827 1402 888 1459 non
912 1399 1124 1472 quaeramtto

102 1498 162 1558 ego
185 1481 336 1556 nesciam,
360 1481 443 1542 unde
466 1479 703 1542 descenderint
729 1482 825 1541 semel
845 1481 922 1540 haec
945 1480 1017 1540 milri
1036 1481 1080 1540 vi-

101 1565 204 1628 denda
225 1566 301 1641 sint,
323 1572 361 1625 ari
383 1581 478 1640 saepe
495 1565 706 1625 nascendumt
727 1572 789 1639 quc
804 1565 875 1624 hinc
890 1565 987 1625 ituitis
1002 1561 1084 1625 simi

102 1658 184 1726 quae
200 1649 293 1710 sedes
310 1654 470 1725 exspecter
490 1649 620 1708 adimam
643 1651 775 1711 solutam
788 1649 909 1724 legibus
925 1649 1080 1710 servitutis

101 1735 275 1794 humanae?
298 1740 383 1794 vetas
398 1749 447 1792 me
468 1734 557 1793 coeio
571 1733 737 1806 interesse,
760 1733 792 1793 id
806 1740 854 1793 e's't
868 1733 956 1812 iulies'
972 1744 1023 1792 me
1034 1735 1076 1791 vi-

101 1834 177 1878 vere
198 1818 298 1893 capite
319 1817 480 1878 remissor
507 1817 606 1876 Maior
627 1832 693 1878 sum
715 1820 747 1877 el
765 1818 804 1878 ad
818 1819 935 1877 maiore
948 1816 1119 1892 genitus,21

103 1916 197 1978 quam
209 1908 242 1962 ut
252 1900 437 1976 mancipium
454 1901 511 1961 sirn
524 1902 664 1975 corporis
675 1901 750 1976 mei,
767 1902 851 1976 qnod
863 1901 1006 1977 equidem
1018 1917 1078 1961 non

101 1986 188 2047 aliter
205 1984 346 2060 adspicio
368 1995 458 2062 quarn
477 1985 609 2045 vinclum
630 1984 757 2062 aliquod
776 1983 907 2045 libertati
920 1998 1009 2044 meae
1023 1985 1079 2043 cir-

102 2066 291 2130 crnndatuni=
312 2068 372 2129 hoc
387 2070 489 2144 itaque
506 2069 631 2144 obpono
646 2070 802 2142 fortunae,
824 2068 856 2128 irt
871 2083 933 2144 quo
946 2068 1078 2140 resistat,

101 2160 162 2212 nee
175 2164 234 2229 per
244 2152 318 2213 illud
333 2152 373 2212 ad
384 2168 434 2212 me
447 2154 542 2213 ullum
558 2151 688 2214 transire
702 2156 812 2213 volnus
829 2153 907 2212 sino.
929 2151 1080 2227 Quicquid

101 2236 131 2295 in
145 2250 195 2296 mc
208 2241 312 2312 potest
325 2236 464 2297 iniuriam
479 2237 557 2312 pati,
580 2235 641 2296 lroc
655 2243 711 2296 est.
748 2234 778 2294 in
798 2235 859 2295 hoo
874 2235 1009 2296 obnoxio
1025 2237 1079 2296 do-

101 2319 214 2381 micilio
240 2321 360 2381 artimus
383 2321 461 2381 liber
485 2320 610 2379 habitat.
649 2319 821 2393 Numquam
847 2324 899 2378 me
922 2334 995 2379 caro
1021 2318 1122 2378 istaut

102 2403 257 2479 conpellet
276 2403 456 2479 admotum,
478 2412 645 2478 numquam
664 2404 705 2462 ad
718 2401 873 2477 indignam
887 2400 970 2462 bono
986 2402 1078 2462 simu-

101 2487 257 2549 lationem.
289 2504 455 2564 numquam
477 2489 507 2546 in
528 2487 677 2547 honorem
696 2485 787 2547 huius
802 2483 979 2561 corpusculi
995 2499 1078 2545 men·

101 2572 169 2632 tiar.
196 2578 266 2632 curri
287 2571 388 2633 visum
408 2572 477 2644 erit,
501 2570 668 2632 distrahent
683 2585 752 2631 curn
767 2571 818 2631 illo
835 2569 1030 2632 societatem:
1050 2577 1080 2630 et

99 2670 183 2716 nunc
196 2662 312 2731 temen,
328 2656 399 2716 dum
415 2655 591 2729 haeremus,
611 2671 672 2715 non
689 2653 803 2715 erimus
818 2651 929 2729 aequis·
940 2652 1078 2730 partitus

102 2737 197 2800 socii:
220 2739 338 2800 animus
359 2740 398 2800 ad
420 2755 455 2800 se
475 2754 569 2801 omne
588 2741 636 2799 ius
660 2740 761 2799 ducet.
798 2745 990 2813 contemptus
1011 2754 1079 2800 eor-

100 2821 188 2898 poris
211 2823 258 2882 sui
277 2832 359 2885 certa
375 2823 499 2884 libertas
520 2830 576 2884 est.
611 2824 651 2885 Ut
671 2823 711 2883 ad
726 2824 920 2899 propositum¹
932 2830 1122 2897 revertente

100 2905 173 2966 huic
186 2904 317 2968 libertati
331 2909 456 2968 multum
468 2908 603 2968 conteret
617 2914 647 2968 et
661 2908 718 2979 ilia,
736 2907 775 2967 de
791 2924 852 2983 qua
865 2908 957 2970 inodo
969 2907 1075 2983 loque-

100 2988 224 3065 bantur,
247 2991 414 3066 inspectio:
433 3007 544 3066 nempe
564 2991 708 3051 universa
722 3001 761 3052 en
776 2992 902 3052 materia
917 2998 947 3051 et
963 2998 1002 3051 ex
1017 2991 1076 3052 deo

100 3079 253 3137 constant.
288 3075 364 3135 deus
378 3074 438 3135 ista
452 3082 616 3150 temperat,
634 3080 714 3151 qnae
729 3075 913 3135 circumfusa
927 3079 1077 3133 rectorem

101 3166 273 3234 sequuntur
292 3166 322 3220 et
342 3159 461 3220 ducem.
499 3160 652 3234 potentius
668 3165 768 3218 autem
784 3165 832 3218 est
847 3172 883 3217 ae
900 3157 1075 3232 pretiosius

102 3243 186 3319 qnod
210 3241 297 3316 fecit,
319 3242 401 3316 quod
429 3249 477 3302 cst
502 3245 595 3317 deus,
617 3248 706 3318 quarn
729 3239 854 3302 materia
875 3240 995 3316 patiens
1018 3240 1076 3299 dei.

101 3322 197 3400 Quem
212 3327 243 3387 in
258 3326 319 3386 hoc
334 3325 449 3387 mundo
463 3328 563 3388 locum
580 3327 657 3388 deus
669 3325 798 3397 obtinet,
814 3325 896 3384 hunc
910 3322 940 3381 in
956 3322 1121 3386 homineet

102 3409 232 3472 animus.
271 3411 354 3485 quod
371 3417 419 3471 est
439 3410 500 3471 illic
516 3411 656 3483 materia,
679 3407 711 3469 id
732 3409 761 3468 in
778 3409 867 3468 notis
882 3412 996 3482 corpus
1016 3415 1077 3469 est=

103 3493 239 3556 sentiant
259 3506 332 3568 ergo
354 3495 507 3556 deteriora
526 3494 712 3556 melioribus.
748 3494 842 3554 fortes
857 3492 953 3554 sinius
970 3492 1078 3553 adver·
