2468 3930
247 200 418 262 Eilst‘ttb.
432 200 526 262 MOR.
548 201 825 263 LIB.X1x.EP.5.
847 207 936 276 (114.)
1019 199 1083 265 at5

99 359 158 433 nis,
173 356 276 431 magni
291 355 421 416 nominis
436 352 550 414 virum:
573 353 680 427 dicam,
696 353 770 428 quid
781 353 822 412 illi
833 360 918 414 oetas
930 369 987 415 sua
997 355 1083 430 igno-

100 440 188 516 verit,
205 441 279 515 quid
293 441 324 500 in
338 438 391 499 illo
408 439 510 498 sciens
526 437 773 497 dissimulaverit.
796 439 907 497 multos
924 438 976 498 tibi
991 438 1081 512 dabo,

100 525 215 602 quibus
230 524 302 584 vitia
315 539 377 583 non
393 522 567 595 nocuerint,
589 522 758 596 quosdam,
774 521 886 596 quibus
902 521 1082 596 profuerint.

101 608 193 683 dabo,
208 607 341 682 inquam,
358 606 508 666 maximae
523 607 622 666 famae
637 612 667 665 et
680 605 758 666 inter
773 605 952 665 admiranda
967 621 1083 682 propo·

100 694 187 765 sitos,
202 708 291 767 quos,
308 692 333 751 si
347 691 417 765 quis
430 688 562 764 corrigit,
575 689 670 749 delet:
686 689 731 748 sic
744 688 823 747 enim
834 690 906 749 vitia
921 690 1082 750 virtutibus

100 777 226 836 inmixta
246 782 331 849 sunt,
352 780 385 834 ut
404 773 471 834 illos
492 789 599 833 secum
618 779 751 831 tractura
766 772 835 832 sint.
879 772 977 832 Adice
992 776 1128 848 nunniti.

101 860 187 936 quod
203 860 300 920 oratio
317 865 431 918 certam
441 859 577 932 regulam
591 872 653 916 non
668 855 776 915 habat:
798 857 988 917 consuetudo
1000 858 1082 918 illam

101 944 240 1017 civitatis,
259 958 338 1016 quae
354 957 519 1016 numquam
535 941 565 1000 in
578 940 688 1000 eodem
700 939 752 998 diu
763 940 854 1013 stetit,
865 947 981 1000 versat:
997 942 1082 1002 multi

100 1045 140 1088 ex
156 1028 255 1087 alieno
272 1028 376 1086 seculo
393 1031 498 1099 petunt
511 1023 619 1083 verba:
643 1021 805 1083 duodecim
820 1022 941 1083 tabulas
951 1024 1081 1098 loquun-

100 1121 157 1173 tur.
202 1110 359 1171 Gracchus
376 1109 434 1168 illis
455 1115 485 1168 et
502 1108 633 1168 Crassus
646 1114 676 1167 ot
691 1105 781 1165 Curio
796 1104 885 1166 nimis
903 1106 973 1166 culti
989 1113 1019 1166 et
1034 1123 1082 1167 re-

100 1201 207 1255 centes
218 1194 345 1267 suntad
357 1193 493 1268 Appium
503 1207 605 1266 usque
617 1199 646 1251 et
657 1188 927 1250 adcoruncanium
938 1190 1081 1251 redeunt=

101 1279 225 1354 quidam
247 1284 368 1348 contra,
391 1277 463 1336 dum
485 1275 560 1335 nihil
574 1274 633 1334 uisi
648 1273 750 1334 tritum
764 1280 794 1333 et
808 1273 950 1334 usitatum
964 1275 1081 1348 volunt,

99 1363 130 1423 in
145 1360 257 1422 sordes
273 1361 418 1420 incidunt.
453 1360 623 1434 Utrumque
637 1357 761 1419 diverso
776 1373 891 1431 genere
906 1365 1082 1433 corruptum
1090 1360 1125 1414 14

99 1454 156 1519 est,
172 1453 233 1505 tam
250 1445 440 1505 mehercules
457 1459 550 1519 quam
564 1443 646 1504 nolle
661 1440 720 1502 nisi
735 1440 908 1517 splendidis
922 1441 965 1501 uti
981 1458 1016 1502 ac
1031 1459 1082 1504 so-

99 1527 242 1590 nantibus
258 1535 288 1588 ct
302 1529 440 1603 poeticis,
453 1529 630 1587 necessaria
641 1534 735 1601 atque
749 1526 780 1585 in
792 1541 851 1585 usu
863 1525 965 1599 posita
975 1526 1081 1586 vitare.

99 1621 161 1674 tam
176 1612 257 1673 hunc
273 1612 372 1672 dicam
388 1627 519 1686 peccare
540 1626 631 1685 quam
652 1610 750 1669 illum:
774 1609 851 1668 alter
865 1625 901 1668 se
914 1611 985 1684 plus
1001 1610 1081 1671 iusto

100 1697 186 1769 colit,
209 1697 285 1756 atter
307 1696 376 1771 plus
397 1698 478 1756 iusto
493 1695 635 1769 neglegit.
663 1694 713 1753 ille
730 1701 761 1752 et
774 1709 879 1766 crura,
899 1693 949 1753 hic
963 1709 1003 1753 ne
1016 1695 1082 1755 alas

100 1780 223 1855 quidem
240 1779 333 1841 vellit.
377 1779 428 1839 Ad
449 1777 694 1854 conpositionem
707 1784 914 1837 transeamus:
938 1785 1013 1853 quot
1030 1779 1124 1853 gell

100 1880 174 1924 nera
188 1863 240 1925 tibi
256 1865 286 1923 in
304 1864 362 1924 hac
377 1863 471 1938 dabo,
493 1863 604 1938 quibus
620 1868 785 1938 peccetur?
807 1859 931 1936 quidam
948 1863 1082 1937 praefra-

99 1956 179 2008 ctam
194 1955 224 2008 et
238 1964 380 2023 asperam
396 1948 535 2023 probant.
557 1946 727 2008 disturbant
741 1946 779 2005 de
794 1945 952 2020 industria,
969 1944 1083 2021 siquid

99 2032 252 2107 placidius
279 2031 407 2092 effluxit.
440 2033 546 2090 nolunt
574 2030 640 2090 sine
662 2029 783 2089 salebra
803 2045 876 2088 esse
900 2030 1080 2090 iuncturam.

99 2116 216 2175 virilem
237 2122 345 2190 putant
365 2123 395 2176 et
414 2116 537 2187 fortem,
564 2129 643 2189 quae
658 2129 762 2174 aurem
779 2111 996 2187 inaequalitate
1012 2128 1081 2187 per·

100 2200 202 2260 eutiat.
232 2199 435 2275 quorumdam
455 2192 517 2258 non
539 2205 588 2256 est
611 2196 800 2270 conpositio,
824 2196 991 2257 modulatio
1018 2204 1081 2256 est:

100 2284 180 2343 adeo
202 2283 356 2343 blanditur
378 2291 408 2343 et
429 2282 560 2342 molliter
578 2280 697 2340 labitur.
742 2278 820 2352 Quid
843 2279 882 2338 de
896 2279 947 2338 illa
961 2280 1082 2352 loquar,
1090 2274 1125 2330 16

100 2367 130 2426 'm
149 2385 210 2441 qua
228 2368 323 2427 verba
337 2366 518 2426 differuntur
532 2371 563 2424 ct
577 2363 628 2422 diu
643 2368 822 2436 exspectata
836 2362 888 2421 vix
906 2361 946 2420 ad
961 2363 1082 2422 clausu-

99 2451 146 2510 las
162 2453 312 2511 redeunti
334 2451 407 2525 quid
424 2450 475 2509 illa
489 2449 519 2508 in
535 2445 619 2507 exitu
632 2449 723 2519 lenta,
740 2445 839 2520 qualis
853 2445 1008 2505 Ciceronis
1023 2453 1081 2519 est,

100 2535 221 2594 deverm
238 2543 267 2595 et
281 2536 412 2595 molliter
426 2533 567 2594 detinens
582 2547 638 2591 nec
653 2530 740 2590 aliter
754 2545 845 2605 quam
859 2531 946 2603 solet,
962 2529 1002 2588 ad
1017 2545 1082 2589 mn·

99 2635 163 2678 rem
179 2636 267 2679 suum
285 2619 460 2694 pedemque
474 2616 692 2692 respondenst
712 2614 779 2674 Non
793 2620 909 2674 tantum
923 2613 954 2672 in
968 2627 1082 2687 genere

100 2701 319 2763 sententiarum
336 2702 439 2763 vitium
461 2709 522 2775 est,
543 2702 570 2760 si
589 2708 643 2761 aut
662 2699 794 2774 pusillae
810 2704 881 2759 sunt
899 2704 929 2758 et
945 2697 1081 2772 pueriles

100 2794 153 2847 aut
167 2787 316 2860 inprobae
331 2795 361 2847 at
377 2789 447 2861 plus
463 2801 558 2847 ausae
575 2800 666 2859 quam
680 2784 800 2859 pudore
814 2786 901 2843 salvo
918 2780 1001 2843 licet:
1025 2780 1083 2841 sed

101 2869 129 2929 si
144 2869 274 2927 floridae
291 2877 361 2930 sunt
375 2877 406 2930 et
425 2869 515 2930 nimis
535 2869 656 2940 dulces,
684 2867 710 2927 si
736 2867 766 2926 in
787 2883 896 2927 vanum
919 2871 1082 2927 excurtet

103 2954 170 3011 sine
185 2951 297 3010 effectu
311 2951 383 3010 nihil
398 2954 528 3027 amplius
544 2968 637 3028 quam
650 2960 770 3012 sonant
814 2951 898 3010 Haec
913 2949 985 3010 vitia
1002 2965 1082 3009 unus
1091 2947 1124 3006 ll

103 3035 214 3109 aliquis
230 3033 359 3107 inducit,
383 3037 441 3095 sub
461 3053 523 3111 quo
542 3044 615 3097 tunc
635 3035 810 3110 eloquentia
824 3041 886 3094 est:
911 3031 1003 3092 ceteri
1017 3031 1082 3090 imi-

100 3127 203 3182 tantur
224 3124 253 3177 et
272 3118 348 3177 alter
368 3119 454 3178 alteri
468 3119 605 3180 tradunt:
628 3119 673 3178 sic
689 3117 832 3177 Sallustio
848 3114 1082 3191 vigenteanpu-

101 3211 182 3265 tatae
203 3200 372 3263 sententiae
392 3209 422 3262 et
445 3202 541 3262 verba
559 3207 630 3261 ante
651 3207 862 3275 exspectatum
888 3197 1028 3258 cadentia
1054 3203 1085 3259 et

103 3289 237 3350 obscura
251 3286 384 3346 brevitas
400 3285 486 3345 fuere
502 3300 557 3359 pro
574 3285 664 3345 cultu.
687 3285 720 3342 L.
735 3281 959 3356 Arruntius,
975 3280 1083 3342 vir'ra-
1193 3276 1213 3285 ''

101 3388 155 3434 rae
170 3369 364 3446 frugalitatis,
382 3368 432 3444 qui
448 3366 748 3428 historiasbelti
761 3365 896 3426 Punici
911 3364 1084 3441 scripsit,

105 3454 180 3516 fuit
195 3454 465 3516 Sallustianus
485 3459 517 3514 et
530 3452 560 3511 in
575 3451 649 3512 illud
663 3467 761 3528 genus
775 3451 886 3512 nitens.
929 3449 985 3512 Est
1001 3448 1086 3526 apud
