2468 3930
268 244 439 307 EPISTUL.
452 244 546 306 Mox.
567 245 640 306 LIB.
650 245 718 305 XV.
736 245 795 306 ΕΡ.
806 254 833 308 3.
856 251 927 321 (95.)
1024 246 1088 312 303

104 405 192 471 sunt,
226 402 339 474 quanta
366 397 448 456 circa
472 405 618 472 nepotum
642 398 730 459 iocos
756 398 897 460 iuventus
924 399 1085 476 premitur!

102 484 243 544 beneco
258 495 423 557 puerorum
437 481 601 541 infelicium
615 497 735 556 greges,
752 499 832 558 quos
848 491 920 559 post
933 490 1131 547 transactam

107 565 249 626 convivia
268 565 347 624 aliae
368 565 498 625 cubiculi
519 567 720 626 contumeliae
740 574 930 643 exspectant.
962 575 1086 630 transeo

105 649 228 725 agmina
242 651 432 709 exoletorum
450 664 507 725 per
521 651 661 710 nationes
677 650 861 726 coloresque
874 651 1038 728 descripta,
1055 661 1088 715 ut

106 733 215 794 eadem
232 731 373 792 omnibus
387 734 514 793 laevitas
530 734 576 804 sit,
593 734 701 793 eadem
716 733 833 809 primae
846 751 990 797 mensura
1000 739 1086 800 lanu·

105 816 202 892 ginis,
223 814 331 876 eadem
347 817 469 891 species
485 818 679 892 capillorum,
695 833 734 877 ne
750 818 835 893 quis,
851 820 899 879 cui
913 823 1025 880 rectior
1039 827 1088 882 est

107 916 210 975 coma,
243 901 385 975 crispulis
417 901 590 961 misceatur.
626 909 749 962 transeo
785 902 932 976 pistorum
956 904 1086 977 turbam,

104 991 230 1044 tmnseo
244 983 488 1058 ministratorum,
505 1001 561 1060 per
571 1002 651 1059 quos
661 983 750 1059 signo
763 985 834 1047 dato
845 987 886 1045 ad
897 987 1087 1046 inserendam

106 1082 235 1128 coenam
259 1067 447 1128 discurritur.
478 1068 509 1128 di
535 1069 623 1142 boni,
656 1075 802 1143 quantum
826 1069 980 1129 hominum
1004 1086 1085 1130 unus

107 1159 211 1213 venter
225 1159 364 1213 exercet!
409 1151 508 1225 Quid?
525 1160 559 1213 tu
575 1154 646 1212 illos
660 1151 797 1226 boletos,
811 1153 1017 1227 voluptarium
1031 1163 1129 1220 veae

104 1246 231 1308 uenum,
255 1234 329 1295 nibil
350 1237 461 1297 occulti
475 1237 579 1311 operis
595 1237 714 1296 iudicas
730 1238 846 1309 iacere,
864 1238 982 1297 etiamsi
997 1253 1085 1311 prae-

105 1320 244 1380 sentanei
259 1336 320 1380 non
337 1319 478 1381 luerunt?
499 1319 595 1395 quidt
616 1328 648 1381 tu
662 1321 743 1380 illem
754 1321 900 1381 aestivam
914 1321 1012 1381 nivem
1023 1336 1086 1382 non

104 1409 195 1479 putas
221 1404 331 1464 callum
355 1403 541 1465 iocineribus
565 1405 741 1464 obduceret
769 1405 862 1479 quido
894 1403 945 1464 illa
973 1412 1085 1480 ostrea,

103 1485 319 1548 inertissimam
343 1503 466 1548 carnem
492 1505 589 1550 coeno
615 1488 800 1562 saginatam,
829 1487 902 1548 nibil
927 1488 1085 1549 existimas

103 1571 232 1632 limosae
246 1570 403 1646 gravitatis
418 1573 551 1633 inferret
567 1572 662 1646 quid‘i
675 1571 749 1631 illud
761 1573 935 1647 „sociorum
946 1577 1085 1647 garum,“

102 1654 271 1730 pretiosam
296 1657 443 1716 malorum
469 1657 599 1731 piscium
624 1656 754 1727 saniem,
782 1674 843 1717 non
870 1657 971 1716 credis
994 1672 1085 1717 urere

104 1739 188 1799 salsa
202 1740 274 1800 tabe
294 1741 497 1814 praecordia?
520 1741 613 1815 quido
634 1739 685 1799 illa
703 1742 864 1814 purulenta
879 1747 910 1800 et
926 1757 1006 1815 quae
1019 1747 1084 1800 tan-

103 1829 165 1883 tum
186 1828 249 1884 uon
270 1823 399 1899 abipso
423 1824 492 1897 igne
513 1823 544 1883 in
565 1841 602 1884 os
624 1825 862 1898 transferuntur,
883 1823 1002 1884 iudicas
1017 1823 1085 1885 sine

101 1922 184 1967 noxa
208 1907 238 1966 in
264 1907 341 1982 ipsis
368 1908 537 1968 visceribus
563 1909 720 1982 extinguit
756 1925 848 1983 quam
874 1908 956 1967 foedi
982 1909 1085 1983 itaque

101 1991 346 2066 pestilentesque
360 1998 464 2052 ructus
480 1998 567 2065 sunt,
589 1999 734 2066 quantum
756 1992 910 2052 fastidium
926 1993 974 2052 sui
989 1992 1084 2054 exba-

101 2075 237 2136 lantibus
251 2077 407 2150 crapulam
422 2083 571 2136 veteremt
595 2077 677 2136 scias
691 2084 868 2150 putrescere
878 2084 1008 2151 sumpta,
1023 2091 1084 2134 non

103 2160 267 2233 concoqui.
310 2159 432 2227 Memini
454 2160 551 2219 luisse
573 2161 726 2234 quondam
748 2159 778 2218 in
795 2175 937 2219 sermone
952 2159 1126 2220 nobilemxb

100 2243 246 2318 patinam,
258 2242 288 2301 in
302 2259 400 2319 quam,
414 2244 560 2318 quicquid
572 2244 655 2317 apud
666 2244 766 2303 lautos
779 2243 859 2302 solet
870 2243 950 2301 diem
962 2243 1084 2316 ducere,

100 2342 276 2402 properans
296 2328 325 2386 in
347 2328 490 2387 damnum
512 2343 602 2388 suum
620 2326 733 2401 popina
754 2331 970 2399 congesserat:
993 2341 1085 2385 vene·
1162 2380 1171 2389 .

101 2410 166 2472 riae
182 2412 391 2488 spondylique
406 2419 437 2472 et
452 2418 555 2472 ostrea
569 2416 696 2470 eatenus
709 2409 899 2483 circumcisa,
917 2425 978 2483 qua
989 2409 1085 2469 edun·

100 2501 156 2555 tur:
173 2495 443 2555 intervenientibus
465 2493 728 2569 distinguebantur
749 2493 874 2554 echinis.
902 2499 995 2552 totam
1015 2493 1085 2553 torti

102 2579 313 2655 destructique
328 2579 394 2639 sine
409 2580 479 2640 ullis
495 2580 621 2639 ossibus
636 2578 719 2639 mulli
734 2584 975 2639 constraverant.
1002 2576 1126 2650 rigetur

101 2662 160 2722 iam
176 2676 249 2722 esse
269 2664 404 2736 singula:
432 2671 582 2738 coguntur
601 2663 631 2722 in
653 2679 746 2722 unum
767 2678 906 2736 sapores.
933 2661 963 2720 in
988 2676 1087 2721 coena

102 2745 150 2820 tlt,
173 2748 259 2820 quod
276 2747 343 2807 lieri
364 2746 456 2808 debet
473 2756 576 2808 saturo
591 2747 621 2806 in
637 2754 758 2806 ventre:
787 2753 936 2822 exspecto
956 2746 1033 2820 iam,
1053 2754 1087 2806 ut

102 2832 286 2892 manducata
312 2839 473 2907 ponantur.
511 2833 657 2907 quantulo
686 2837 787 2891 autem
814 2831 875 2891 hoc
902 2831 1002 2892 minus
1028 2837 1084 2904 est,

103 2921 199 2975 testas
224 2931 393 2990 excerpere
417 2921 510 2991 atque
536 2932 611 2976 ossa
631 2922 660 2975 et
681 2916 815 2977 dentium
837 2931 931 2991 opera
952 2930 1085 2991 coquum

102 2999 210 3073 iungit
236 3016 351 3074 „grave
373 3007 420 3060 est
436 3001 582 3060 luxuriari
598 3015 654 3075 per
671 3000 804 3075 singulas
828 3000 929 3061 omnia
945 2999 1040 3058 semel
1056 3005 1087 3057 ct

102 3080 132 3142 in
146 3084 288 3144 cumdem
304 3101 447 3160 saporem
459 3101 550 3144 versa
562 3091 722 3160 ponantur·
747 3099 842 3159 quare
857 3099 930 3158 ergo
943 3081 982 3140 ad
995 3096 1086 3140 unam

101 3182 167 3226 rem
189 3184 312 3229 manum
333 3171 508 3244 porrigant
540 3171 628 3244 plura
655 3169 776 3228 veniant
800 3167 898 3227 simul.
924 3165 1086 3224 multorum

102 3250 286 3313 ferculorum
302 3261 481 3314 ornamenta
495 3258 605 3313 coeant
619 3261 649 3311 et
663 3250 877 3311 cohaereant.“
898 3247 1002 3308 Sciant
1014 3255 1128 3322 pro-28

101 3333 184 3396 tinus
205 3336 252 3410 bi,
276 3338 327 3412 qui
347 3338 539 3398 iactationem
554 3352 593 3395 ex
610 3335 677 3395 istis
693 3335 755 3408 peti
769 3341 800 3394 et
813 3332 940 3408 gloriam
953 3331 1086 3405 aiebant,

102 3433 165 3478 non
178 3422 300 3481 ostendi
312 3421 379 3497 ista,
393 3423 449 3482 sed
461 3418 669 3481 conscientiae
680 3417 756 3478 dari.
778 3418 912 3494 „pariter
924 3416 993 3485 sint,
1006 3431 1087 3490 quae

104 3501 230 3580 disponi
251 3508 367 3582 solent,
387 3522 449 3567 uno
470 3505 535 3565 iure
555 3504 690 3581 perlusa.
720 3501 794 3564 nihil
814 3499 946 3564 intersit:
973 3507 1087 3577 ostrea,
