<?xml version="1.0" encoding="UTF-8"?>
<!DOCTYPE html PUBLIC "-//W3C//DTD XHTML 1.0 Transitional//EN"
    "http://www.w3.org/TR/xhtml1/DTD/xhtml1-transitional.dtd">
<html xmlns="http://www.w3.org/1999/xhtml" xml:lang="en" lang="en">
 <head>
  <title>
</title>
<meta http-equiv="Content-Type" content="text/html;charset=utf-8" />
  <meta name='ocr-system' content='tesseract 3.04.00' />
  <meta name='ocr-capabilities' content='ocr_page ocr_carea ocr_par ocr_line ocrx_word'/>
</head>
<body>
  <div class='ocr_page' id='page_1' title='image "./lannaeisenecaeo00haasgoog_0092.png"; bbox 0 0 2468 3930; ppageno 0'>
   <div class='ocr_carea' id='block_1_1' title="bbox 215 245 1081 324">
    <p class='ocr_par' dir='ltr' id='par_1_1' title="bbox 215 245 1081 324">
     <span class='ocr_line' id='line_1_1' title="bbox 215 245 1081 324; baseline 0.003 -17"><span class='ocrx_word' id='word_1_1' title='bbox 215 245 386 308; x_wconf 79' lang='lat' dir='ltr'>unsrun.</span> <span class='ocrx_word' id='word_1_2' title='bbox 400 245 495 308; x_wconf 85' lang='lat' dir='ltr'>non.</span> <span class='ocrx_word' id='word_1_3' title='bbox 514 247 587 308; x_wconf 83' lang='lat' dir='ltr'>cre.</span> <span class='ocrx_word' id='word_1_4' title='bbox 602 247 652 307; x_wconf 89' lang='lat'><em>111.</em></span> <span class='ocrx_word' id='word_1_5' title='bbox 673 247 730 324; x_wconf 81' lang='lat' dir='ltr'>ap.</span> <span class='ocrx_word' id='word_1_6' title='bbox 745 255 773 311; x_wconf 82' lang='lat'>4.</span> <span class='ocrx_word' id='word_1_7' title='bbox 788 256 815 310; x_wconf 80' lang='lat' dir='ltr'>a.</span> <span class='ocrx_word' id='word_1_8' title='bbox 839 253 896 318; x_wconf 81' lang='lat' dir='ltr'>oa</span> <span class='ocrx_word' id='word_1_9' title='bbox 911 251 969 321; x_wconf 80' lang='lat' dir='ltr'>re.)</span> <span class='ocrx_word' id='word_1_10' title='bbox 1038 245 1081 310; x_wconf 80' lang='lat'>59</span> 
     </span>
    </p>
   </div>
   <div class='ocr_carea' id='block_1_2' title="bbox 99 397 1081 563">
    <p class='ocr_par' dir='ltr' id='par_1_2' title="bbox 99 397 1081 563">
     <span class='ocr_line' id='line_1_2' title="bbox 101 397 1081 473; baseline -0.005 -10"><span class='ocrx_word' id='word_1_11' title='bbox 101 418 193 463; x_wconf 91' lang='lat' dir='ltr'>suum</span> <span class='ocrx_word' id='word_1_12' title='bbox 208 399 312 473; x_wconf 87' lang='lat' dir='ltr'>clusit,</span> <span class='ocrx_word' id='word_1_13' title='bbox 329 414 398 458; x_wconf 92' lang='lat' dir='ltr'>cum</span> <span class='ocrx_word' id='word_1_14' title='bbox 414 398 483 472; x_wconf 91' lang='lat' dir='ltr'>ipso</span> <span class='ocrx_word' id='word_1_15' title='bbox 497 399 572 459; x_wconf 91' lang='lat' dir='ltr'>love</span> <span class='ocrx_word' id='word_1_16' title='bbox 586 399 626 458; x_wconf 91' lang='lat' dir='ltr'>de</span> <span class='ocrx_word' id='word_1_17' title='bbox 640 399 782 461; x_wconf 82' lang='lat' dir='ltr'>felicitate</span> <span class='ocrx_word' id='word_1_18' title='bbox 797 400 976 471; x_wconf 72' lang='lat' dir='ltr'>contendat,</span> <span class='ocrx_word' id='word_1_19' title='bbox 992 405 1025 458; x_wconf 89' lang='lat' dir='ltr'>ut</span> <span class='ocrx_word' id='word_1_20' title='bbox 1039 397 1081 458; x_wconf 90' lang='lat' dir='ltr'>ait</span> 
     </span>
     <span class='ocr_line' id='line_1_3' title="bbox 99 481 1078 563; baseline -0.008 -16"><span class='ocrx_word' id='word_1_21' title='bbox 99 486 270 563; x_wconf 82' lang='lat' dir='ltr'><strong>Epicurus,</strong></span> <span class='ocrx_word' id='word_1_22' title='bbox 294 481 381 542; x_wconf 94' lang='lat' dir='ltr'>cuius</span> <span class='ocrx_word' id='word_1_23' title='bbox 396 482 529 558; x_wconf 81' lang='lat' dir='ltr'>aliquam</span> <span class='ocrx_word' id='word_1_24' title='bbox 544 497 652 543; x_wconf 91' lang='lat' dir='ltr'>vocem</span> <span class='ocrx_word' id='word_1_25' title='bbox 665 482 735 544; x_wconf 94' lang='lat' dir='ltr'>huic</span> <span class='ocrx_word' id='word_1_26' title='bbox 750 483 901 558; x_wconf 78' lang='lat' dir='ltr'><strong>epistulae</strong></span> <span class='ocrx_word' id='word_1_27' title='bbox 915 482 1078 543; x_wconf 88' lang='lat' dir='ltr'><strong>involvam.</strong></span> 
     </span>
    </p>
   </div>
   <div class='ocr_carea' id='block_1_3' title="bbox 99 565 1111 2485">
    <p class='ocr_par' dir='ltr' id='par_1_3' title="bbox 99 565 1111 2485">
     <span class='ocr_line' id='line_1_4' title="bbox 161 565 1111 643; baseline -0.006 -15"><span class='ocrx_word' id='word_1_28' title='bbox 161 565 1111 643; x_wconf 83' lang='lat' dir='ltr'>,‚Siciac,inquit‚omnia,tamquamspectetEpi·5</span> 
     </span>
     <span class='ocr_line' id='line_1_5' title="bbox 100 648 1080 725; baseline -0.007 -10"><span class='ocrx_word' id='word_1_29' title='bbox 100 655 251 715; x_wconf 86' lang='lat' dir='ltr'>curus.“</span> <span class='ocrx_word' id='word_1_30' title='bbox 286 649 416 710; x_wconf 78' lang='lat' dir='ltr'><strong>Prodest</strong></span> <span class='ocrx_word' id='word_1_31' title='bbox 437 651 504 710; x_wconf 90' lang='lat' dir='ltr'>sine</span> <span class='ocrx_word' id='word_1_32' title='bbox 525 649 618 710; x_wconf 92' lang='lat' dir='ltr'>dubio</span> <span class='ocrx_word' id='word_1_33' title='bbox 641 651 801 710; x_wconf 73' lang='lat' dir='ltr'>custodem</span> <span class='ocrx_word' id='word_1_34' title='bbox 822 649 880 710; x_wconf 87' lang='lat' dir='ltr'>sibi</span> <span class='ocrx_word' id='word_1_35' title='bbox 901 648 1080 725; x_wconf 85' lang='lat' dir='ltr'>inposuisse</span> 
     </span>
     <span class='ocr_line' id='line_1_6' title="bbox 100 732 1079 813; baseline -0.006 -15"><span class='ocrx_word' id='word_1_36' title='bbox 100 744 131 798; x_wconf 89' lang='lat' dir='ltr'>et</span> <span class='ocrx_word' id='word_1_37' title='bbox 144 736 270 806; x_wconf 88' lang='lat' dir='ltr'>habere,</span> <span class='ocrx_word' id='word_1_38' title='bbox 287 748 378 809; x_wconf 91' lang='lat' dir='ltr'>quem</span> <span class='ocrx_word' id='word_1_39' title='bbox 392 732 552 809; x_wconf 82' lang='lat' dir='ltr'>respicias,</span> <span class='ocrx_word' id='word_1_40' title='bbox 577 748 668 807; x_wconf 88' lang='lat' dir='ltr'>quem</span> <span class='ocrx_word' id='word_1_41' title='bbox 679 733 833 813; x_wconf 88' lang='lat' dir='ltr'>interesse</span> <span class='ocrx_word' id='word_1_42' title='bbox 845 732 1079 808; x_wconf 79' lang='lat' dir='ltr'>cogitationibus</span> 
     </span>
     <span class='ocr_line' id='line_1_7' title="bbox 100 816 1079 892; baseline -0.007 -10"><span class='ocrx_word' id='word_1_43' title='bbox 100 821 160 882; x_wconf 89' lang='lat' dir='ltr'>tuis</span> <span class='ocrx_word' id='word_1_44' title='bbox 174 818 305 880; x_wconf 90' lang='lat' dir='ltr'>iudices.</span> <span class='ocrx_word' id='word_1_45' title='bbox 324 817 385 876; x_wconf 94' lang='lat' dir='ltr'>hoc</span> <span class='ocrx_word' id='word_1_46' title='bbox 400 817 522 892; x_wconf 91' lang='lat' dir='ltr'>quidem</span> <span class='ocrx_word' id='word_1_47' title='bbox 537 818 629 892; x_wconf 79' lang='lat' dir='ltr'>longe</span> <span class='ocrx_word' id='word_1_48' title='bbox 643 817 888 892; x_wconf 79' lang='lat' dir='ltr'>magnificentius</span> <span class='ocrx_word' id='word_1_49' title='bbox 903 824 959 891; x_wconf 91' lang='lat' dir='ltr'>est,</span> <span class='ocrx_word' id='word_1_50' title='bbox 975 816 1021 876; x_wconf 92' lang='lat' dir='ltr'>sic</span> <span class='ocrx_word' id='word_1_51' title='bbox 1035 816 1079 875; x_wconf 86' lang='lat' dir='ltr'>vi·</span> 
     </span>
     <span class='ocr_line' id='line_1_8' title="bbox 100 900 1080 977; baseline -0.005 -13"><span class='ocrx_word' id='word_1_52' title='bbox 100 919 175 964; x_wconf 88' lang='lat' dir='ltr'>vere</span> <span class='ocrx_word' id='word_1_53' title='bbox 189 910 344 976; x_wconf 87' lang='lat' dir='ltr'>tamquam</span> <span class='ocrx_word' id='word_1_54' title='bbox 359 901 417 961; x_wconf 91' lang='lat' dir='ltr'>sub</span> <span class='ocrx_word' id='word_1_55' title='bbox 439 900 567 960; x_wconf 90' lang='lat' dir='ltr'>alicuius</span> <span class='ocrx_word' id='word_1_56' title='bbox 581 900 655 961; x_wconf 92' lang='lat' dir='ltr'>boni</span> <span class='ocrx_word' id='word_1_57' title='bbox 669 901 727 960; x_wconf 92' lang='lat' dir='ltr'>viri</span> <span class='ocrx_word' id='word_1_58' title='bbox 742 917 779 960; x_wconf 91' lang='lat' dir='ltr'>ac</span> <span class='ocrx_word' id='word_1_59' title='bbox 795 917 920 976; x_wconf 88' lang='lat' dir='ltr'>semper</span> <span class='ocrx_word' id='word_1_60' title='bbox 934 915 1080 977; x_wconf 89' lang='lat' dir='ltr'>praesen-</span> 
     </span>
     <span class='ocr_line' id='line_1_9' title="bbox 100 983 1079 1059; baseline -0.006 -11"><span class='ocrx_word' id='word_1_61' title='bbox 100 987 139 1048; x_wconf 92' lang='lat' dir='ltr'>tis</span> <span class='ocrx_word' id='word_1_62' title='bbox 155 986 269 1047; x_wconf 81' lang='lat' dir='ltr'>oculis=</span> <span class='ocrx_word' id='word_1_63' title='bbox 293 983 350 1045; x_wconf 88' lang='lat' dir='ltr'>sed</span> <span class='ocrx_word' id='word_1_64' title='bbox 367 1000 424 1059; x_wconf 81' lang='lat' dir='ltr'>ego</span> <span class='ocrx_word' id='word_1_65' title='bbox 449 983 539 1044; x_wconf 89' lang='lat' dir='ltr'>etiam</span> <span class='ocrx_word' id='word_1_66' title='bbox 558 984 619 1044; x_wconf 91' lang='lat' dir='ltr'>hoc</span> <span class='ocrx_word' id='word_1_67' title='bbox 642 991 803 1045; x_wconf 90' lang='lat' dir='ltr'>contentus</span> <span class='ocrx_word' id='word_1_68' title='bbox 819 1001 901 1056; x_wconf 89' lang='lat' dir='ltr'>sum,</span> <span class='ocrx_word' id='word_1_69' title='bbox 926 992 959 1046; x_wconf 91' lang='lat' dir='ltr'>ut</span> <span class='ocrx_word' id='word_1_70' title='bbox 972 984 1018 1044; x_wconf 90' lang='lat' dir='ltr'>sic</span> <span class='ocrx_word' id='word_1_71' title='bbox 1036 983 1079 1043; x_wconf 90' lang='lat' dir='ltr'>ia·</span> 
     </span>
     <span class='ocr_line' id='line_1_10' title="bbox 101 1066 1079 1146; baseline -0.007 -14"><span class='ocrx_word' id='word_1_72' title='bbox 101 1072 180 1144; x_wconf 90' lang='lat' dir='ltr'>cias,</span> <span class='ocrx_word' id='word_1_73' title='bbox 197 1084 411 1146; x_wconf 88' lang='lat' dir='ltr'>quaecumque</span> <span class='ocrx_word' id='word_1_74' title='bbox 427 1068 538 1141; x_wconf 88' lang='lat' dir='ltr'>iacies,</span> <span class='ocrx_word' id='word_1_75' title='bbox 561 1073 716 1142; x_wconf 86' lang='lat' dir='ltr'>tamquam</span> <span class='ocrx_word' id='word_1_76' title='bbox 732 1073 851 1142; x_wconf 83' lang='lat' dir='ltr'>spectet</span> <span class='ocrx_word' id='word_1_77' title='bbox 865 1066 992 1143; x_wconf 83' lang='lat' dir='ltr'>aliquis:</span> <span class='ocrx_word' id='word_1_78' title='bbox 1015 1083 1079 1127; x_wconf 91' lang='lat' dir='ltr'>om-</span> 
     </span>
     <span class='ocr_line' id='line_1_11' title="bbox 99 1149 1109 1225; baseline -0.006 -10"><span class='ocrx_word' id='word_1_79' title='bbox 99 1155 151 1215; x_wconf 93' lang='lat' dir='ltr'>nia</span> <span class='ocrx_word' id='word_1_80' title='bbox 167 1153 257 1215; x_wconf 91' lang='lat' dir='ltr'>nobis</span> <span class='ocrx_word' id='word_1_81' title='bbox 278 1153 357 1212; x_wconf 90' lang='lat' dir='ltr'>mala</span> <span class='ocrx_word' id='word_1_82' title='bbox 377 1151 510 1214; x_wconf 91' lang='lat' dir='ltr'>solitudo</span> <span class='ocrx_word' id='word_1_83' title='bbox 534 1151 709 1225; x_wconf 87' lang='lat' dir='ltr'>persuadet.</span> <span class='ocrx_word' id='word_1_84' title='bbox 742 1149 815 1210; x_wconf 77' lang='lat' dir='ltr'>Cum</span> <span class='ocrx_word' id='word_1_85' title='bbox 836 1151 897 1211; x_wconf 94' lang='lat' dir='ltr'>iam</span> <span class='ocrx_word' id='word_1_86' title='bbox 912 1149 1109 1225; x_wconf 83' lang='lat' dir='ltr'>profeceriso</span> 
     </span>
     <span class='ocr_line' id='line_1_12' title="bbox 99 1231 1079 1309; baseline -0.006 -11"><span class='ocrx_word' id='word_1_87' title='bbox 99 1245 231 1309; x_wconf 90' lang='lat' dir='ltr'>tantum,</span> <span class='ocrx_word' id='word_1_88' title='bbox 259 1243 293 1296; x_wconf 90' lang='lat' dir='ltr'>ut</span> <span class='ocrx_word' id='word_1_89' title='bbox 312 1234 352 1296; x_wconf 89' lang='lat' dir='ltr'>sit</span> <span class='ocrx_word' id='word_1_90' title='bbox 370 1235 422 1296; x_wconf 85' lang='lat' dir='ltr'>tibi</span> <span class='ocrx_word' id='word_1_91' title='bbox 442 1234 532 1296; x_wconf 89' lang='lat' dir='ltr'>etiam</span> <span class='ocrx_word' id='word_1_92' title='bbox 551 1234 594 1294; x_wconf 91' lang='lat' dir='ltr'>tui</span> <span class='ocrx_word' id='word_1_93' title='bbox 614 1233 800 1305; x_wconf 89' lang='lat' dir='ltr'>reverentia,</span> <span class='ocrx_word' id='word_1_94' title='bbox 826 1231 929 1295; x_wconf 86' lang='lat' dir='ltr'>licebit</span> <span class='ocrx_word' id='word_1_95' title='bbox 947 1233 1079 1293; x_wconf 80' lang='lat' dir='ltr'>dimittas</span> 
     </span>
     <span class='ocr_line' id='line_1_13' title="bbox 100 1316 1079 1399; baseline -0.006 -17"><span class='ocrx_word' id='word_1_96' title='bbox 100 1323 333 1399; x_wconf 80' lang='lat' dir='ltr'>paedagogum:</span> <span class='ocrx_word' id='word_1_97' title='bbox 359 1319 479 1380; x_wconf 87' lang='lat' dir='ltr'>interim</span> <span class='ocrx_word' id='word_1_98' title='bbox 499 1319 671 1392; x_wconf 90' lang='lat' dir='ltr'>aliquorum</span> <span class='ocrx_word' id='word_1_99' title='bbox 693 1326 723 1380; x_wconf 90' lang='lat' dir='ltr'>te</span> <span class='ocrx_word' id='word_1_100' title='bbox 744 1318 923 1379; x_wconf 87' lang='lat' dir='ltr'>auctoritate</span> <span class='ocrx_word' id='word_1_101' title='bbox 948 1316 1079 1378; x_wconf 91' lang='lat' dir='ltr'>custodi.</span> 
     </span>
     <span class='ocr_line' id='line_1_14' title="bbox 100 1400 1080 1477; baseline -0.008 -11"><span class='ocrx_word' id='word_1_102' title='bbox 100 1412 154 1466; x_wconf 89' lang='lat' dir='ltr'>aut</span> <span class='ocrx_word' id='word_1_103' title='bbox 176 1405 249 1466; x_wconf 85' lang='lat' dir='ltr'>Cato</span> <span class='ocrx_word' id='word_1_104' title='bbox 271 1404 322 1463; x_wconf 94' lang='lat' dir='ltr'>ille</span> <span class='ocrx_word' id='word_1_105' title='bbox 340 1400 379 1463; x_wconf 92' lang='lat' dir='ltr'>sit</span> <span class='ocrx_word' id='word_1_106' title='bbox 401 1409 453 1464; x_wconf 86' lang='lat' dir='ltr'>aut</span> <span class='ocrx_word' id='word_1_107' title='bbox 476 1401 579 1477; x_wconf 83' lang='lat' dir='ltr'>Scipio</span> <span class='ocrx_word' id='word_1_108' title='bbox 600 1408 652 1462; x_wconf 88' lang='lat' dir='ltr'>aut</span> <span class='ocrx_word' id='word_1_109' title='bbox 670 1400 793 1463; x_wconf 88' lang='lat' dir='ltr'>Laelius</span> <span class='ocrx_word' id='word_1_110' title='bbox 815 1408 868 1461; x_wconf 92' lang='lat' dir='ltr'>aut</span> <span class='ocrx_word' id='word_1_111' title='bbox 887 1400 974 1462; x_wconf 92' lang='lat' dir='ltr'>cuius</span> <span class='ocrx_word' id='word_1_112' title='bbox 990 1400 1080 1461; x_wconf 89' lang='lat' dir='ltr'>inter-</span> 
     </span>
     <span class='ocr_line' id='line_1_15' title="bbox 100 1484 1080 1563; baseline -0.005 -14"><span class='ocrx_word' id='word_1_113' title='bbox 100 1496 195 1549; x_wconf 88' lang='lat' dir='ltr'>ventu</span> <span class='ocrx_word' id='word_1_114' title='bbox 216 1485 325 1563; x_wconf 90' lang='lat' dir='ltr'>perditi</span> <span class='ocrx_word' id='word_1_115' title='bbox 347 1502 472 1563; x_wconf 86' lang='lat' dir='ltr'>quoque</span> <span class='ocrx_word' id='word_1_116' title='bbox 492 1487 633 1548; x_wconf 90' lang='lat' dir='ltr'>homines</span> <span class='ocrx_word' id='word_1_117' title='bbox 653 1486 727 1546; x_wconf 90' lang='lat' dir='ltr'>vitia</span> <span class='ocrx_word' id='word_1_118' title='bbox 740 1485 980 1561; x_wconf 90' lang='lat' dir='ltr'>subprimerent,</span> <span class='ocrx_word' id='word_1_119' title='bbox 1007 1484 1080 1545; x_wconf 90' lang='lat' dir='ltr'>dum</span> 
     </span>
     <span class='ocr_line' id='line_1_16' title="bbox 99 1568 1079 1646; baseline -0.004 -14"><span class='ocrx_word' id='word_1_120' title='bbox 99 1580 131 1634; x_wconf 89' lang='lat' dir='ltr'>te</span> <span class='ocrx_word' id='word_1_121' title='bbox 146 1573 244 1633; x_wconf 89' lang='lat' dir='ltr'>etiicis</span> <span class='ocrx_word' id='word_1_122' title='bbox 260 1587 343 1643; x_wconf 90' lang='lat' dir='ltr'>eum,</span> <span class='ocrx_word' id='word_1_123' title='bbox 372 1587 440 1631; x_wconf 89' lang='lat' dir='ltr'>curn</span> <span class='ocrx_word' id='word_1_124' title='bbox 462 1586 523 1646; x_wconf 92' lang='lat' dir='ltr'>quo</span> <span class='ocrx_word' id='word_1_125' title='bbox 545 1585 676 1645; x_wconf 89' lang='lat' dir='ltr'>peecare</span> <span class='ocrx_word' id='word_1_126' title='bbox 695 1586 756 1630; x_wconf 91' lang='lat' dir='ltr'>non</span> <span class='ocrx_word' id='word_1_127' title='bbox 779 1571 912 1631; x_wconf 82' lang='lat' dir='ltr'>audeas:</span> <span class='ocrx_word' id='word_1_128' title='bbox 938 1568 1079 1631; x_wconf 90' lang='lat' dir='ltr'>cumhoc</span> 
     </span>
     <span class='ocr_line' id='line_1_17' title="bbox 101 1652 1080 1732; baseline -0.007 -15"><span class='ocrx_word' id='word_1_129' title='bbox 101 1655 252 1730; x_wconf 81' lang='lat' dir='ltr'>effeceris,</span> <span class='ocrx_word' id='word_1_130' title='bbox 268 1662 298 1716; x_wconf 90' lang='lat' dir='ltr'>et</span> <span class='ocrx_word' id='word_1_131' title='bbox 312 1655 415 1732; x_wconf 82' lang='lat' dir='ltr'>aliqua</span> <span class='ocrx_word' id='word_1_132' title='bbox 426 1654 563 1729; x_wconf 87' lang='lat' dir='ltr'>coeperit</span> <span class='ocrx_word' id='word_1_133' title='bbox 577 1654 660 1729; x_wconf 90' lang='lat' dir='ltr'>apud</span> <span class='ocrx_word' id='word_1_134' title='bbox 673 1660 704 1714; x_wconf 89' lang='lat' dir='ltr'>te</span> <span class='ocrx_word' id='word_1_135' title='bbox 717 1654 761 1715; x_wconf 92' lang='lat' dir='ltr'>tui</span> <span class='ocrx_word' id='word_1_136' title='bbox 775 1669 848 1715; x_wconf 90' lang='lat' dir='ltr'>esse</span> <span class='ocrx_word' id='word_1_137' title='bbox 861 1652 1013 1728; x_wconf 77' lang='lat' dir='ltr'>dignatio,</span> <span class='ocrx_word' id='word_1_138' title='bbox 1036 1652 1080 1711; x_wconf 93' lang='lat' dir='ltr'>in·</span> 
     </span>
     <span class='ocr_line' id='line_1_18' title="bbox 102 1736 1080 1815; baseline -0.008 -15"><span class='ocrx_word' id='word_1_139' title='bbox 102 1740 212 1815; x_wconf 91' lang='lat' dir='ltr'>cipiam</span> <span class='ocrx_word' id='word_1_140' title='bbox 240 1740 293 1799; x_wconf 87' lang='lat' dir='ltr'>tibi</span> <span class='ocrx_word' id='word_1_141' title='bbox 323 1738 512 1814; x_wconf 86' lang='lat' dir='ltr'>permittere,</span> <span class='ocrx_word' id='word_1_142' title='bbox 547 1739 630 1813; x_wconf 87' lang='lat' dir='ltr'>quod</span> <span class='ocrx_word' id='word_1_143' title='bbox 646 1737 740 1798; x_wconf 86' lang='lat' dir='ltr'>¹idern</span> <span class='ocrx_word' id='word_1_144' title='bbox 768 1738 878 1800; x_wconf 86' lang='lat' dir='ltr'>suadet</span> <span class='ocrx_word' id='word_1_145' title='bbox 908 1736 1080 1811; x_wconf 81' lang='lat' dir='ltr'>Epicurus:</span> 
     </span>
     <span class='ocr_line' id='line_1_19' title="bbox 102 1820 1080 1899; baseline -0.005 -16"><span class='ocrx_word' id='word_1_146' title='bbox 102 1831 214 1897; x_wconf 84' lang='lat' dir='ltr'>„tune</span> <span class='ocrx_word' id='word_1_147' title='bbox 237 1824 452 1899; x_wconf 87' lang='lat' dir='ltr'>praecipue</span> <span class='ocrx_word' id='word_1_148' title='bbox 470 1820 509 1882; x_wconf 91' lang='lat' dir='ltr'>in</span> <span class='ocrx_word' id='word_1_149' title='bbox 528 1830 568 1883; x_wconf 92' lang='lat' dir='ltr'>te</span> <span class='ocrx_word' id='word_1_150' title='bbox 591 1822 678 1897; x_wconf 89' lang='lat' dir='ltr'>ipse</span> <span class='ocrx_word' id='word_1_151' title='bbox 705 1822 864 1893; x_wconf 89' lang='lat' dir='ltr'>secede,</span> <span class='ocrx_word' id='word_1_152' title='bbox 890 1835 971 1881; x_wconf 90' lang='lat' dir='ltr'>cum</span> <span class='ocrx_word' id='word_1_153' title='bbox 990 1834 1080 1880; x_wconf 91' lang='lat' dir='ltr'>esse</span> 
     </span>
     <span class='ocr_line' id='line_1_20' title="bbox 103 1901 1109 1982; baseline -0.01 -14"><span class='ocrx_word' id='word_1_154' title='bbox 103 1907 259 1982; x_wconf 81' lang='lat' dir='ltr'>cogeris</span> <span class='ocrx_word' id='word_1_155' title='bbox 273 1906 311 1967; x_wconf 92' lang='lat' dir='ltr'>in</span> <span class='ocrx_word' id='word_1_156' title='bbox 329 1905 472 1968; x_wconf 88' lang='lat' dir='ltr'>turba.“</span> <span class='ocrx_word' id='word_1_157' title='bbox 506 1905 691 1967; x_wconf 85' lang='lat' dir='ltr'>Dissimilem</span> <span class='ocrx_word' id='word_1_158' title='bbox 706 1913 736 1965; x_wconf 88' lang='lat' dir='ltr'>te</span> <span class='ocrx_word' id='word_1_159' title='bbox 751 1905 816 1966; x_wconf 90' lang='lat' dir='ltr'>fieri</span> <span class='ocrx_word' id='word_1_160' title='bbox 830 1903 931 1965; x_wconf 89' lang='lat' dir='ltr'>multis</span> <span class='ocrx_word' id='word_1_161' title='bbox 949 1908 1079 1979; x_wconf 90' lang='lat' dir='ltr'>oportet.</span> <span class='ocrx_word' id='word_1_162' title='bbox 1092 1901 1109 1958; x_wconf 85' lang='grc'><strong>7</strong></span> 
     </span>
     <span class='ocr_line' id='line_1_21' title="bbox 102 1987 1079 2063; baseline -0.007 -11"><span class='ocrx_word' id='word_1_163' title='bbox 102 1993 176 2052; x_wconf 91' lang='lat' dir='ltr'>dum</span> <span class='ocrx_word' id='word_1_164' title='bbox 191 1998 287 2052; x_wconf 90' lang='lat' dir='ltr'>tutum</span> <span class='ocrx_word' id='word_1_165' title='bbox 301 1989 355 2051; x_wconf 90' lang='lat' dir='ltr'>tibi</span> <span class='ocrx_word' id='word_1_166' title='bbox 370 2006 431 2050; x_wconf 94' lang='lat' dir='ltr'>non</span> <span class='ocrx_word' id='word_1_167' title='bbox 447 1990 548 2050; x_wconf 90' lang='lat' dir='ltr'>estad</span> <span class='ocrx_word' id='word_1_168' title='bbox 563 1997 593 2050; x_wconf 91' lang='lat' dir='ltr'>te</span> <span class='ocrx_word' id='word_1_169' title='bbox 613 1989 774 2063; x_wconf 88' lang='lat' dir='ltr'>recedere,</span> <span class='ocrx_word' id='word_1_170' title='bbox 803 1987 1005 2063; x_wconf 90' lang='lat' dir='ltr'>circumspice</span> <span class='ocrx_word' id='word_1_171' title='bbox 1019 1987 1079 2046; x_wconf 93' lang='lat' dir='ltr'>sin·</span> 
     </span>
     <span class='ocr_line' id='line_1_22' title="bbox 102 2071 1080 2151; baseline -0.004 -19"><span class='ocrx_word' id='word_1_172' title='bbox 102 2076 208 2151; x_wconf 78' lang='lat' dir='ltr'>gulosr</span> <span class='ocrx_word' id='word_1_173' title='bbox 230 2090 320 2134; x_wconf 90' lang='lat' dir='ltr'>nemo</span> <span class='ocrx_word' id='word_1_174' title='bbox 342 2081 403 2146; x_wconf 89' lang='lat' dir='ltr'>est,</span> <span class='ocrx_word' id='word_1_175' title='bbox 431 2073 483 2134; x_wconf 73' lang='lat' dir='ltr'>cui·</span> <span class='ocrx_word' id='word_1_176' title='bbox 501 2090 561 2134; x_wconf 91' lang='lat' dir='ltr'>non</span> <span class='ocrx_word' id='word_1_177' title='bbox 583 2074 679 2134; x_wconf 88' lang='lat' dir='ltr'>satius</span> <span class='ocrx_word' id='word_1_178' title='bbox 703 2073 743 2134; x_wconf 91' lang='lat' dir='ltr'>sit</span> <span class='ocrx_word' id='word_1_179' title='bbox 762 2088 830 2133; x_wconf 91' lang='lat' dir='ltr'>cum</span> <span class='ocrx_word' id='word_1_180' title='bbox 853 2071 988 2147; x_wconf 86' lang='lat' dir='ltr'>quolibet</span> <span class='ocrx_word' id='word_1_181' title='bbox 1009 2084 1080 2132; x_wconf 91' lang='lat' dir='ltr'>esse</span> 
     </span>
     <span class='ocr_line' id='line_1_23' title="bbox 103 2155 1081 2235; baseline -0.004 -17"><span class='ocrx_word' id='word_1_182' title='bbox 103 2174 195 2235; x_wconf 92' lang='lat' dir='ltr'>quam</span> <span class='ocrx_word' id='word_1_183' title='bbox 211 2174 327 2219; x_wconf 88' lang='lat' dir='ltr'>secum.</span> <span class='ocrx_word' id='word_1_184' title='bbox 362 2159 467 2232; x_wconf 91' lang='lat' dir='ltr'>„Tunc</span> <span class='ocrx_word' id='word_1_185' title='bbox 482 2158 648 2233; x_wconf 89' lang='lat' dir='ltr'>praecipue</span> <span class='ocrx_word' id='word_1_186' title='bbox 667 2155 699 2216; x_wconf 90' lang='lat' dir='ltr'>in</span> <span class='ocrx_word' id='word_1_187' title='bbox 719 2165 750 2217; x_wconf 91' lang='lat' dir='ltr'>te</span> <span class='ocrx_word' id='word_1_188' title='bbox 769 2158 838 2231; x_wconf 91' lang='lat' dir='ltr'>ipse</span> <span class='ocrx_word' id='word_1_189' title='bbox 857 2155 985 2227; x_wconf 89' lang='lat' dir='ltr'>secede,</span> <span class='ocrx_word' id='word_1_190' title='bbox 1012 2169 1081 2214; x_wconf 90' lang='lat' dir='ltr'>cum</span> 
     </span>
     <span class='ocr_line' id='line_1_24' title="bbox 102 2239 1080 2317; baseline -0.005 -15"><span class='ocrx_word' id='word_1_191' title='bbox 102 2258 175 2302; x_wconf 90' lang='lat' dir='ltr'>csse</span> <span class='ocrx_word' id='word_1_192' title='bbox 196 2242 316 2317; x_wconf 80' lang='lat' dir='ltr'>cogeris</span> <span class='ocrx_word' id='word_1_193' title='bbox 337 2240 368 2302; x_wconf 92' lang='lat' dir='ltr'>in</span> <span class='ocrx_word' id='word_1_194' title='bbox 388 2242 516 2303; x_wconf 81' lang='lat' dir='ltr'>turba“=</span> <span class='ocrx_word' id='word_1_195' title='bbox 538 2239 566 2300; x_wconf 93' lang='lat' dir='ltr'>si</span> <span class='ocrx_word' id='word_1_196' title='bbox 579 2241 681 2301; x_wconf 91' lang='lat' dir='ltr'>bonus</span> <span class='ocrx_word' id='word_1_197' title='bbox 698 2239 759 2311; x_wconf 89' lang='lat' dir='ltr'>vir,</span> <span class='ocrx_word' id='word_1_198' title='bbox 775 2240 802 2299; x_wconf 94' lang='lat' dir='ltr'>si</span> <span class='ocrx_word' id='word_1_199' title='bbox 817 2239 948 2315; x_wconf 73' lang='lat' dir='ltr'>quietus</span> <span class='ocrx_word' id='word_1_200' title='bbox 965 2239 992 2298; x_wconf 94' lang='lat' dir='ltr'>si</span> <span class='ocrx_word' id='word_1_201' title='bbox 1006 2244 1080 2298; x_wconf 91' lang='lat' dir='ltr'>tem·</span> 
     </span>
     <span class='ocr_line' id='line_1_25' title="bbox 103 2321 1079 2401; baseline -0.009 -16"><span class='ocrx_word' id='word_1_202' title='bbox 103 2341 232 2401; x_wconf 80' lang='lat' dir='ltr'>perans=</span> <span class='ocrx_word' id='word_1_203' title='bbox 263 2326 397 2401; x_wconf 91' lang='lat' dir='ltr'>alioquin</span> <span class='ocrx_word' id='word_1_204' title='bbox 421 2323 453 2385; x_wconf 92' lang='lat' dir='ltr'>in</span> <span class='ocrx_word' id='word_1_205' title='bbox 477 2323 596 2386; x_wconf 88' lang='lat' dir='ltr'>turbam</span> <span class='ocrx_word' id='word_1_206' title='bbox 619 2321 674 2384; x_wconf 94' lang='lat' dir='ltr'>tibi</span> <span class='ocrx_word' id='word_1_207' title='bbox 699 2339 717 2383; x_wconf 92' lang='lat' dir='ltr'>a</span> <span class='ocrx_word' id='word_1_208' title='bbox 740 2330 770 2383; x_wconf 90' lang='lat' dir='ltr'>te</span> <span class='ocrx_word' id='word_1_209' title='bbox 789 2321 997 2383; x_wconf 90' lang='lat' dir='ltr'>recedendum</span> <span class='ocrx_word' id='word_1_210' title='bbox 1017 2326 1079 2380; x_wconf 78' lang='lat' dir='ltr'>est:</span> 
     </span>
     <span class='ocr_line' id='line_1_26' title="bbox 102 2407 677 2485; baseline -0.009 -15"><span class='ocrx_word' id='word_1_211' title='bbox 102 2408 172 2471; x_wconf 89' lang='lat' dir='ltr'>istic</span> <span class='ocrx_word' id='word_1_212' title='bbox 189 2410 268 2470; x_wconf 96' lang='lat' dir='ltr'>malo</span> <span class='ocrx_word' id='word_1_213' title='bbox 282 2409 350 2471; x_wconf 89' lang='lat' dir='ltr'>viro</span> <span class='ocrx_word' id='word_1_214' title='bbox 368 2407 497 2485; x_wconf 91' lang='lat' dir='ltr'>propius</span> <span class='ocrx_word' id='word_1_215' title='bbox 512 2424 557 2468; x_wconf 91' lang='lat' dir='ltr'>es.</span> <span class='ocrx_word' id='word_1_216' title='bbox 588 2407 677 2467; x_wconf 87' lang='lat' dir='ltr'>Vale.</span> 
     </span>
    </p>
   </div>
   <div class='ocr_carea' id='block_1_4' title="bbox 356 2543 822 2692">
    <p class='ocr_par' dir='ltr' id='par_1_4' title="bbox 356 2543 822 2692">
     <span class='ocr_line' id='line_1_27' title="bbox 406 2543 775 2615; baseline 0.003 -13"><span class='ocrx_word' id='word_1_217' title='bbox 406 2545 625 2604; x_wconf 88' lang='lat' dir='ltr'><strong>EPISTULA</strong></span> <span class='ocrx_word' id='word_1_218' title='bbox 645 2544 681 2600; x_wconf 84' lang='lat' dir='ltr'>V.</span> <span class='ocrx_word' id='word_1_219' title='bbox 703 2543 775 2615; x_wconf 76' lang='lat'><strong>(26.)</strong></span> 
     </span>
     <span class='ocr_line' id='line_1_28' title="bbox 356 2640 822 2692; baseline -0.009 0"><span class='ocrx_word' id='word_1_220' title='bbox 356 2640 467 2692; x_wconf 70' lang='lat' dir='ltr'>spurca</span> <span class='ocrx_word' id='word_1_221' title='bbox 481 2642 595 2692; x_wconf 83' lang='lat' dir='ltr'>Lucum</span> <span class='ocrx_word' id='word_1_222' title='bbox 612 2651 664 2691; x_wconf 88' lang='lat' dir='ltr'>suc</span> <span class='ocrx_word' id='word_1_223' title='bbox 682 2649 822 2690; x_wconf 73' lang='lat' dir='ltr'>sacurem.</span> 
     </span>
    </p>
   </div>
   <div class='ocr_carea' id='block_1_5' title="bbox 100 2739 1168 3573">
    <p class='ocr_par' dir='ltr' id='par_1_5' title="bbox 100 2739 1168 3573">
     <span class='ocr_line' id='line_1_29' title="bbox 166 2739 1110 2819; baseline 0 -17"><span class='ocrx_word' id='word_1_224' title='bbox 166 2742 259 2803; x_wconf 86' lang='lat' dir='ltr'>Modo</span> <span class='ocrx_word' id='word_1_225' title='bbox 277 2742 416 2804; x_wconf 91' lang='lat' dir='ltr'>dicebam</span> <span class='ocrx_word' id='word_1_226' title='bbox 430 2743 498 2817; x_wconf 86' lang='lat' dir='ltr'>tibi,</span> <span class='ocrx_word' id='word_1_227' title='bbox 519 2744 549 2803; x_wconf 94' lang='lat' dir='ltr'>in</span> <span class='ocrx_word' id='word_1_228' title='bbox 566 2751 735 2819; x_wconf 91' lang='lat' dir='ltr'>conspectu</span> <span class='ocrx_word' id='word_1_229' title='bbox 750 2757 822 2803; x_wconf 90' lang='lat' dir='ltr'>esse</span> <span class='ocrx_word' id='word_1_230' title='bbox 835 2755 884 2801; x_wconf 90' lang='lat' dir='ltr'>me</span> <span class='ocrx_word' id='word_1_231' title='bbox 900 2739 1080 2801; x_wconf 82' lang='lat' dir='ltr'>senectutis:</span> <span class='ocrx_word' id='word_1_232' title='bbox 1095 2749 1110 2802; x_wconf 89' lang='lat' dir='ltr'>l</span> 
     </span>
     <span class='ocr_line' id='line_1_30' title="bbox 102 2821 1081 2902; baseline -0.002 -17"><span class='ocrx_word' id='word_1_233' title='bbox 102 2824 162 2885; x_wconf 87' lang='lat' dir='ltr'>iam</span> <span class='ocrx_word' id='word_1_234' title='bbox 177 2842 297 2898; x_wconf 86' lang='lat' dir='ltr'>vereor,</span> <span class='ocrx_word' id='word_1_235' title='bbox 312 2842 352 2887; x_wconf 90' lang='lat' dir='ltr'>ne</span> <span class='ocrx_word' id='word_1_236' title='bbox 367 2832 554 2888; x_wconf 90' lang='lat' dir='ltr'>senectutem</span> <span class='ocrx_word' id='word_1_237' title='bbox 569 2834 641 2902; x_wconf 89' lang='lat' dir='ltr'>post</span> <span class='ocrx_word' id='word_1_238' title='bbox 655 2842 704 2887; x_wconf 90' lang='lat' dir='ltr'>me</span> <span class='ocrx_word' id='word_1_239' title='bbox 718 2824 902 2902; x_wconf 86' lang='lat' dir='ltr'>reliquerim.</span> <span class='ocrx_word' id='word_1_240' title='bbox 924 2822 1008 2884; x_wconf 88' lang='lat' dir='ltr'>aliud</span> <span class='ocrx_word' id='word_1_241' title='bbox 1021 2821 1081 2883; x_wconf 90' lang='lat' dir='ltr'>iam</span> 
     </span>
     <span class='ocr_line' id='line_1_31' title="bbox 102 2908 1081 2986; baseline 0 -17"><span class='ocrx_word' id='word_1_242' title='bbox 102 2909 150 2969; x_wconf 92' lang='lat' dir='ltr'>his</span> <span class='ocrx_word' id='word_1_243' title='bbox 165 2910 264 2985; x_wconf 90' lang='lat' dir='ltr'>annis,</span> <span class='ocrx_word' id='word_1_244' title='bbox 281 2918 363 2971; x_wconf 89' lang='lat' dir='ltr'>certe</span> <span class='ocrx_word' id='word_1_245' title='bbox 376 2910 448 2972; x_wconf 90' lang='lat' dir='ltr'>huic</span> <span class='ocrx_word' id='word_1_246' title='bbox 463 2911 602 2986; x_wconf 89' lang='lat' dir='ltr'>corpori,</span> <span class='ocrx_word' id='word_1_247' title='bbox 620 2912 804 2972; x_wconf 84' lang='lat' dir='ltr'>vocabulum</span> <span class='ocrx_word' id='word_1_248' title='bbox 821 2908 980 2979; x_wconf 86' lang='lat' dir='ltr'>convenit,</span> <span class='ocrx_word' id='word_1_249' title='bbox 1005 2923 1081 2983; x_wconf 89' lang='lat' dir='ltr'>quo-</span> 
     </span>
     <span class='ocr_line' id='line_1_32' title="bbox 101 2994 1168 3083; baseline -0.003 -30"><span class='ocrx_word' id='word_1_250' title='bbox 101 2994 184 3054; x_wconf 89' lang='lat' dir='ltr'>niam</span> <span class='ocrx_word' id='word_1_251' title='bbox 200 2995 323 3070; x_wconf 91' lang='lat' dir='ltr'>quidem</span> <span class='ocrx_word' id='word_1_252' title='bbox 340 3002 481 3055; x_wconf 90' lang='lat' dir='ltr'>senectus</span> <span class='ocrx_word' id='word_1_253' title='bbox 495 2996 598 3056; x_wconf 89' lang='lat' dir='ltr'>lassae</span> <span class='ocrx_word' id='word_1_254' title='bbox 613 2995 731 3067; x_wconf 80' lang='lat' dir='ltr'>aetads,</span> <span class='ocrx_word' id='word_1_255' title='bbox 747 3010 810 3054; x_wconf 90' lang='lat' dir='ltr'>non</span> <span class='ocrx_word' id='word_1_256' title='bbox 823 2995 954 3065; x_wconf 87' lang='lat' dir='ltr'>tractae,</span> <span class='ocrx_word' id='word_1_257' title='bbox 971 3007 1081 3052; x_wconf 91' lang='lat' dir='ltr'>nomen</span> <span class='ocrx_word' id='word_1_258' title='bbox 1162 3058 1168 3083; x_wconf 51' lang='lat'>‚</span> 
     </span>
     <span class='ocr_line' id='line_1_33' title="bbox 102 3078 1080 3152; baseline -0.008 -14"><span class='ocrx_word' id='word_1_259' title='bbox 102 3085 165 3138; x_wconf 86' lang='lat' dir='ltr'>cst:</span> <span class='ocrx_word' id='word_1_260' title='bbox 193 3079 271 3137; x_wconf 87' lang='lat' dir='ltr'>inter</span> <span class='ocrx_word' id='word_1_261' title='bbox 290 3078 464 3152; x_wconf 91' lang='lat' dir='ltr'>decrepitos</span> <span class='ocrx_word' id='word_1_262' title='bbox 487 3094 536 3138; x_wconf 93' lang='lat' dir='ltr'>me</span> <span class='ocrx_word' id='word_1_263' title='bbox 556 3094 683 3139; x_wconf 88' lang='lat' dir='ltr'>numera</span> <span class='ocrx_word' id='word_1_264' title='bbox 703 3083 733 3138; x_wconf 90' lang='lat' dir='ltr'>ct</span> <span class='ocrx_word' id='word_1_265' title='bbox 755 3085 891 3138; x_wconf 87' lang='lat' dir='ltr'>extrema</span> <span class='ocrx_word' id='word_1_266' title='bbox 910 3081 1080 3149; x_wconf 83' lang='lat' dir='ltr'>tangentes.</span> 
     </span>
     <span class='ocr_line' id='line_1_34' title="bbox 102 3159 1110 3238; baseline -0.001 -17"><span class='ocrx_word' id='word_1_267' title='bbox 102 3159 223 3222; x_wconf 90' lang='lat' dir='ltr'>Gratias</span> <span class='ocrx_word' id='word_1_268' title='bbox 237 3169 337 3221; x_wconf 86' lang='lat' dir='ltr'>tamen</span> <span class='ocrx_word' id='word_1_269' title='bbox 353 3162 424 3221; x_wconf 90' lang='lat' dir='ltr'>mihi</span> <span class='ocrx_word' id='word_1_270' title='bbox 441 3162 523 3237; x_wconf 91' lang='lat' dir='ltr'>apud</span> <span class='ocrx_word' id='word_1_271' title='bbox 538 3170 568 3223; x_wconf 91' lang='lat' dir='ltr'>te</span> <span class='ocrx_word' id='word_1_272' title='bbox 581 3179 656 3238; x_wconf 85' lang='lat' dir='ltr'>ago=</span> <span class='ocrx_word' id='word_1_273' title='bbox 679 3162 852 3222; x_wconf 84' lang='lat' dir='ltr'>consentio</span> <span class='ocrx_word' id='word_1_274' title='bbox 866 3161 898 3219; x_wconf 94' lang='lat' dir='ltr'>in</span> <span class='ocrx_word' id='word_1_275' title='bbox 915 3159 1014 3218; x_wconf 90' lang='lat' dir='ltr'>animo</span> <span class='ocrx_word' id='word_1_276' title='bbox 1030 3167 1110 3220; x_wconf 74' lang='lat' dir='ltr'>aet</span> 
     </span>
     <span class='ocr_line' id='line_1_35' title="bbox 100 3239 1083 3322; baseline -0.003 -17"><span class='ocrx_word' id='word_1_277' title='bbox 100 3246 171 3305; x_wconf 88' lang='lat' dir='ltr'>tatis</span> <span class='ocrx_word' id='word_1_278' title='bbox 192 3243 350 3319; x_wconf 89' lang='lat' dir='ltr'>iniuriam,</span> <span class='ocrx_word' id='word_1_279' title='bbox 377 3261 445 3305; x_wconf 92' lang='lat' dir='ltr'>cum</span> <span class='ocrx_word' id='word_1_280' title='bbox 466 3245 595 3306; x_wconf 91' lang='lat' dir='ltr'>sentiam</span> <span class='ocrx_word' id='word_1_281' title='bbox 616 3245 645 3305; x_wconf 92' lang='lat' dir='ltr'>in</span> <span class='ocrx_word' id='word_1_282' title='bbox 669 3260 809 3322; x_wconf 92' lang='lat' dir='ltr'>corpore.</span> <span class='ocrx_word' id='word_1_283' title='bbox 831 3249 945 3303; x_wconf 88' lang='lat' dir='ltr'>tanturn</span> <span class='ocrx_word' id='word_1_284' title='bbox 965 3239 1038 3301; x_wconf 85' lang='lat' dir='ltr'>vitia</span> <span class='ocrx_word' id='word_1_285' title='bbox 1053 3248 1083 3302; x_wconf 91' lang='lat' dir='ltr'>et</span> 
     </span>
     <span class='ocr_line' id='line_1_36' title="bbox 100 3327 1081 3404; baseline -0.003 -16"><span class='ocrx_word' id='word_1_286' title='bbox 100 3327 245 3390; x_wconf 85' lang='lat' dir='ltr'>vitiorum</span> <span class='ocrx_word' id='word_1_287' title='bbox 260 3327 428 3390; x_wconf 89' lang='lat' dir='ltr'>ministeria</span> <span class='ocrx_word' id='word_1_288' title='bbox 442 3336 624 3390; x_wconf 81' lang='lat' dir='ltr'>senuerunt:</span> <span class='ocrx_word' id='word_1_289' title='bbox 648 3329 754 3404; x_wconf 81' lang='lat' dir='ltr'>viget</span> <span class='ocrx_word' id='word_1_290' title='bbox 774 3327 924 3387; x_wconf 91' lang='lat' dir='ltr'>animus</span> <span class='ocrx_word' id='word_1_291' title='bbox 946 3332 1081 3399; x_wconf 86' lang='lat' dir='ltr'>ctgau-</span> 
     </span>
     <span class='ocr_line' id='line_1_37' title="bbox 102 3412 1080 3484; baseline -0.006 -10"><span class='ocrx_word' id='word_1_292' title='bbox 102 3412 517 3474; x_wconf 89' lang='lat' dir='ltr'>detnonmultumsibi</span> <span class='ocrx_word' id='word_1_293' title='bbox 533 3427 623 3473; x_wconf 88' lang='lat' dir='ltr'>esse</span> <span class='ocrx_word' id='word_1_294' title='bbox 644 3428 724 3471; x_wconf 89' lang='lat' dir='ltr'>curn</span> <span class='ocrx_word' id='word_1_295' title='bbox 741 3425 915 3484; x_wconf 90' lang='lat' dir='ltr'>corpore.</span> <span class='ocrx_word' id='word_1_296' title='bbox 939 3424 1080 3484; x_wconf 79' lang='lat' dir='ltr'>magnam</span> 
     </span>
     <span class='ocr_line' id='line_1_38' title="bbox 101 3492 1078 3573; baseline -0.004 -15"><span class='ocrx_word' id='word_1_297' title='bbox 101 3504 221 3573; x_wconf 88' lang='lat' dir='ltr'>partem</span> <span class='ocrx_word' id='word_1_298' title='bbox 243 3495 348 3557; x_wconf 90' lang='lat' dir='ltr'>oneris</span> <span class='ocrx_word' id='word_1_299' title='bbox 372 3497 420 3556; x_wconf 92' lang='lat' dir='ltr'>sui</span> <span class='ocrx_word' id='word_1_300' title='bbox 444 3497 556 3571; x_wconf 90' lang='lat' dir='ltr'>posuit.</span> <span class='ocrx_word' id='word_1_301' title='bbox 579 3496 753 3558; x_wconf 89' lang='lat' dir='ltr'>exsultatet</span> <span class='ocrx_word' id='word_1_302' title='bbox 771 3494 843 3555; x_wconf 92' lang='lat' dir='ltr'>mihi</span> <span class='ocrx_word' id='word_1_303' title='bbox 865 3492 937 3554; x_wconf 89' lang='lat' dir='ltr'>tacit</span> <span class='ocrx_word' id='word_1_304' title='bbox 958 3500 1078 3554; x_wconf 91' lang='lat' dir='ltr'>contro·</span> 
     </span>
    </p>
   </div>
   <div class='ocr_carea' id='block_1_6' title="bbox 0 0 1240 3930">
    <p class='ocr_par' dir='ltr' id='par_1_6' title="bbox 0 0 1240 3930">
     <span class='ocr_line' id='line_1_39' title="bbox 0 0 1240 3930; baseline 0 0"><span class='ocrx_word' id='word_1_305' title='bbox 0 0 1240 3930; x_wconf 95' lang='lat' dir='ltr'> </span> 
     </span>
    </p>
   </div>
  </div>
 </body>
</html>
