<?xml version="1.0" encoding="UTF-8"?>
<!DOCTYPE html PUBLIC "-//W3C//DTD XHTML 1.0 Transitional//EN"
    "http://www.w3.org/TR/xhtml1/DTD/xhtml1-transitional.dtd">
<html xmlns="http://www.w3.org/1999/xhtml" xml:lang="en" lang="en">
 <head>
  <title>
</title>
<meta http-equiv="Content-Type" content="text/html;charset=utf-8" />
  <meta name='ocr-system' content='tesseract 3.04.00' />
  <meta name='ocr-capabilities' content='ocr_page ocr_carea ocr_par ocr_line ocrx_word'/>
</head>
<body>
  <div class='ocr_page' id='page_1' title='image "./lannaeisenecaeo00haasgoog_0491.png"; bbox 0 0 2468 3930; ppageno 0'>
   <div class='ocr_carea' id='block_1_1' title="bbox 336 538 1015 750">
    <p class='ocr_par' dir='ltr' id='par_1_1' title="bbox 336 538 1015 750">
     <span class='ocr_line' id='line_1_1' title="bbox 443 538 909 624; baseline -0.006 -2"><span class='ocrx_word' id='word_1_1' title='bbox 443 541 506 623; x_wconf 75' lang='lat' dir='ltr'>ii</span> <span class='ocrx_word' id='word_1_2' title='bbox 542 538 909 624; x_wconf 69' lang='lat' dir='ltr'>incitantia.</span> 
     </span>
     <span class='ocr_line' id='line_1_2' title="bbox 336 684 1015 750; baseline -0.01 0"><span class='ocrx_word' id='word_1_3' title='bbox 336 687 540 750; x_wconf 71' lang='lat' dir='ltr'>memma</span> <span class='ocrx_word' id='word_1_4' title='bbox 560 687 586 747; x_wconf 82' lang='lat' dir='ltr'>u</span> <span class='ocrx_word' id='word_1_5' title='bbox 608 686 785 748; x_wconf 75' lang='lat' dir='ltr'>suanum</span> <span class='ocrx_word' id='word_1_6' title='bbox 806 684 1015 747; x_wconf 74' lang='lat' dir='ltr'>urrsumis.</span> 
     </span>
    </p>
   </div>
   <div class='ocr_carea' id='block_1_2' title="bbox 587 879 749 889">
    <p class='ocr_par' dir='ltr' id='par_1_2' title="bbox 587 879 749 889">
     <span class='ocr_line' id='line_1_3' title="bbox 587 879 749 889; baseline -0.019 0"><span class='ocrx_word' id='word_1_7' title='bbox 587 879 749 889; x_wconf 83' lang='lat'><strong>——-——</strong></span> 
     </span>
    </p>
   </div>
   <div class='ocr_carea' id='block_1_3' title="bbox 101 1048 1166 3470">
    <p class='ocr_par' dir='ltr' id='par_1_3' title="bbox 128 1048 1165 1707">
     <span class='ocr_line' id='line_1_4' title="bbox 128 1048 1164 1126; baseline -0.004 -14"><span class='ocrx_word' id='word_1_8' title='bbox 128 1061 174 1126; x_wconf 61' lang='lat'>25</span> <span class='ocrx_word' id='word_1_9' title='bbox 249 1052 388 1120; x_wconf 75' lang='lat' dir='ltr'>Honesta,</span> <span class='ocrx_word' id='word_1_10' title='bbox 398 1049 487 1120; x_wconf 89' lang='lat' dir='ltr'>inquit</span> <span class='ocrx_word' id='word_1_11' title='bbox 499 1048 652 1121; x_wconf 81' lang='lat' dir='ltr'>Epicurus,</span> <span class='ocrx_word' id='word_1_12' title='bbox 668 1063 715 1103; x_wconf 89' lang='lat' dir='ltr'>res</span> <span class='ocrx_word' id='word_1_13' title='bbox 726 1052 769 1104; x_wconf 88' lang='lat' dir='ltr'>est</span> <span class='ocrx_word' id='word_1_14' title='bbox 778 1054 931 1120; x_wconf 71' lang='lat' dir='ltr'><strong>paupertas</strong></span> <span class='ocrx_word' id='word_1_15' title='bbox 941 1049 1024 1106; x_wconf 83' lang='lat' dir='ltr'>laeta.</span> <span class='ocrx_word' id='word_1_16' title='bbox 1036 1050 1084 1106; x_wconf 85' lang='lat' dir='ltr'>iila</span> <span class='ocrx_word' id='word_1_17' title='bbox 1093 1067 1164 1108; x_wconf 83' lang='lat' dir='ltr'>vero</span> 
     </span>
     <span class='ocr_line' id='line_1_5' title="bbox 187 1130 1164 1208; baseline -0.002 -14"><span class='ocrx_word' id='word_1_18' title='bbox 187 1139 243 1194; x_wconf 86' lang='lat' dir='ltr'>iam</span> <span class='ocrx_word' id='word_1_19' title='bbox 253 1140 406 1208; x_wconf 71' lang='lat' dir='ltr'>paupertas</span> <span class='ocrx_word' id='word_1_20' title='bbox 416 1139 544 1202; x_wconf 85' lang='lat' dir='ltr'>nonest,</span> <span class='ocrx_word' id='word_1_21' title='bbox 563 1132 589 1188; x_wconf 86' lang='lat' dir='ltr'>si</span> <span class='ocrx_word' id='word_1_22' title='bbox 606 1133 681 1189; x_wconf 87' lang='lat' dir='ltr'>laeta</span> <span class='ocrx_word' id='word_1_23' title='bbox 697 1137 750 1188; x_wconf 78' lang='lat' dir='ltr'>est</span> <span class='ocrx_word' id='word_1_24' title='bbox 773 1130 824 1187; x_wconf 80' lang='lat' dir='ltr'>Cui</span> <span class='ocrx_word' id='word_1_25' title='bbox 841 1140 1080 1206; x_wconf 82' lang='lat' dir='ltr'>cumpaupertate</span> <span class='ocrx_word' id='word_1_26' title='bbox 1090 1136 1164 1193; x_wconf 82' lang='lat' dir='ltr'>bane</span> 
     </span>
     <span class='ocr_line' id='line_1_6' title="bbox 187 1214 1164 1291; baseline -0.002 -15"><span class='ocrx_word' id='word_1_27' title='bbox 187 1219 332 1288; x_wconf 85' lang='lat' dir='ltr'>convenit,</span> <span class='ocrx_word' id='word_1_28' title='bbox 345 1218 426 1275; x_wconf 82' lang='lat' dir='ltr'>dives</span> <span class='ocrx_word' id='word_1_29' title='bbox 438 1224 488 1273; x_wconf 83' lang='lat' dir='ltr'>est</span> <span class='ocrx_word' id='word_1_30' title='bbox 514 1217 577 1272; x_wconf 88' lang='lat' dir='ltr'>Nun</span> <span class='ocrx_word' id='word_1_31' title='bbox 589 1217 636 1289; x_wconf 86' lang='lat' dir='ltr'>qui</span> <span class='ocrx_word' id='word_1_32' title='bbox 645 1231 746 1289; x_wconf 87' lang='lat' dir='ltr'>parurn</span> <span class='ocrx_word' id='word_1_33' title='bbox 756 1214 854 1285; x_wconf 83' lang='lat' dir='ltr'>habet,</span> <span class='ocrx_word' id='word_1_34' title='bbox 864 1215 918 1272; x_wconf 78' lang='lat' dir='ltr'>sed</span> <span class='ocrx_word' id='word_1_35' title='bbox 929 1218 977 1288; x_wconf 81' lang='lat' dir='ltr'>qui</span> <span class='ocrx_word' id='word_1_36' title='bbox 987 1219 1070 1290; x_wconf 72' lang='lat' dir='ltr'>pinta</span> <span class='ocrx_word' id='word_1_37' title='bbox 1080 1220 1164 1291; x_wconf 86' lang='lat' dir='ltr'>cupit,</span> 
     </span>
     <span class='ocr_line' id='line_1_7' title="bbox 185 1299 1165 1377; baseline -0.001 -17"><span class='ocrx_word' id='word_1_38' title='bbox 185 1316 295 1377; x_wconf 78' lang='lat' dir='ltr'>pauper</span> <span class='ocrx_word' id='word_1_39' title='bbox 309 1307 360 1358; x_wconf 88' lang='lat' dir='ltr'>est.</span> <span class='ocrx_word' id='word_1_40' title='bbox 383 1301 451 1373; x_wconf 85' lang='lat' dir='ltr'>quid</span> <span class='ocrx_word' id='word_1_41' title='bbox 461 1301 534 1358; x_wconf 90' lang='lat' dir='ltr'>enim</span> <span class='ocrx_word' id='word_1_42' title='bbox 547 1303 646 1370; x_wconf 71' lang='lat' dir='ltr'>refert,</span> <span class='ocrx_word' id='word_1_43' title='bbox 660 1306 793 1371; x_wconf 79' lang='lat' dir='ltr'>quantum</span> <span class='ocrx_word' id='word_1_44' title='bbox 804 1299 843 1356; x_wconf 87' lang='lat' dir='ltr'>illi</span> <span class='ocrx_word' id='word_1_45' title='bbox 855 1300 884 1354; x_wconf 90' lang='lat' dir='ltr'>iu</span> <span class='ocrx_word' id='word_1_46' title='bbox 894 1316 979 1372; x_wconf 78' lang='lat' dir='ltr'>arca,</span> <span class='ocrx_word' id='word_1_47' title='bbox 992 1308 1127 1373; x_wconf 73' lang='lat' dir='ltr'>quantum</span> <span class='ocrx_word' id='word_1_48' title='bbox 1135 1304 1165 1359; x_wconf 92' lang='lat' dir='ltr'>in</span> 
     </span>
     <span class='ocr_line' id='line_1_8' title="bbox 186 1385 1164 1459; baseline -0.001 -16"><span class='ocrx_word' id='word_1_49' title='bbox 186 1387 296 1443; x_wconf 85' lang='lat' dir='ltr'>horreis</span> <span class='ocrx_word' id='word_1_50' title='bbox 305 1386 403 1455; x_wconf 86' lang='lat' dir='ltr'>lateat,</span> <span class='ocrx_word' id='word_1_51' title='bbox 421 1391 552 1456; x_wconf 87' lang='lat' dir='ltr'>quantum</span> <span class='ocrx_word' id='word_1_52' title='bbox 565 1391 679 1458; x_wconf 82' lang='lat' dir='ltr'>pascat,</span> <span class='ocrx_word' id='word_1_53' title='bbox 694 1389 743 1439; x_wconf 85' lang='lat' dir='ltr'>aut</span> <span class='ocrx_word' id='word_1_54' title='bbox 756 1385 878 1454; x_wconf 78' lang='lat' dir='ltr'>feneret,</span> <span class='ocrx_word' id='word_1_55' title='bbox 889 1385 914 1440; x_wconf 86' lang='lat' dir='ltr'>si</span> <span class='ocrx_word' id='word_1_56' title='bbox 926 1385 1018 1441; x_wconf 82' lang='lat' dir='ltr'>alieno</span> <span class='ocrx_word' id='word_1_57' title='bbox 1030 1385 1164 1459; x_wconf 86' lang='lat' dir='ltr'>imminet,</span> 
     </span>
     <span class='ocr_line' id='line_1_9' title="bbox 187 1467 1163 1542; baseline 0.002 -16"><span class='ocrx_word' id='word_1_58' title='bbox 187 1472 212 1526; x_wconf 90' lang='lat' dir='ltr'>si</span> <span class='ocrx_word' id='word_1_59' title='bbox 222 1486 280 1526; x_wconf 89' lang='lat' dir='ltr'>non</span> <span class='ocrx_word' id='word_1_60' title='bbox 296 1469 446 1542; x_wconf 83' lang='lat' dir='ltr'>acquisita,</span> <span class='ocrx_word' id='word_1_61' title='bbox 464 1468 517 1526; x_wconf 78' lang='lat' dir='ltr'>sed</span> <span class='ocrx_word' id='word_1_62' title='bbox 532 1467 705 1540; x_wconf 68' lang='lat' dir='ltr'>acquirenda</span> <span class='ocrx_word' id='word_1_63' title='bbox 717 1467 911 1540; x_wconf 68' lang='lat' dir='ltr'>concupiscit?</span> <span class='ocrx_word' id='word_1_64' title='bbox 930 1468 997 1537; x_wconf 77' lang='lat' dir='ltr'>Quis</span> <span class='ocrx_word' id='word_1_65' title='bbox 1009 1469 1163 1528; x_wconf 69' lang='lat' dir='ltr'>sitdivffia·</span> 
     </span>
     <span class='ocr_line' id='line_1_10' title="bbox 186 1550 1164 1625; baseline 0.001 -16"><span class='ocrx_word' id='word_1_66' title='bbox 186 1570 250 1609; x_wconf 90' lang='lat' dir='ltr'>rum</span> <span class='ocrx_word' id='word_1_67' title='bbox 259 1553 377 1622; x_wconf 84' lang='lat' dir='ltr'>modus,</span> <span class='ocrx_word' id='word_1_68' title='bbox 388 1552 523 1625; x_wconf 76' lang='lat' dir='ltr'>quaerist</span> <span class='ocrx_word' id='word_1_69' title='bbox 541 1553 636 1608; x_wconf 82' lang='lat' dir='ltr'>Primo</span> <span class='ocrx_word' id='word_1_70' title='bbox 650 1551 756 1608; x_wconf 82' lang='lat' dir='ltr'>habere</span> <span class='ocrx_word' id='word_1_71' title='bbox 768 1550 845 1623; x_wconf 81' lang='lat' dir='ltr'>quod</span> <span class='ocrx_word' id='word_1_72' title='bbox 856 1568 976 1610; x_wconf 80' lang='lat' dir='ltr'>necesse</span> <span class='ocrx_word' id='word_1_73' title='bbox 987 1559 1044 1608; x_wconf 71' lang='lat' dir='ltr'>estc</span> <span class='ocrx_word' id='word_1_74' title='bbox 1061 1563 1164 1610; x_wconf 75' lang='lat' dir='ltr'>secun·</span> 
     </span>
     <span class='ocr_line' id='line_1_11' title="bbox 187 1635 474 1707; baseline -0.014 -13"><span class='ocrx_word' id='word_1_75' title='bbox 187 1637 241 1707; x_wconf 83' lang='lat' dir='ltr'>do,</span> <span class='ocrx_word' id='word_1_76' title='bbox 256 1635 333 1707; x_wconf 85' lang='lat' dir='ltr'>quod</span> <span class='ocrx_word' id='word_1_77' title='bbox 343 1635 411 1690; x_wconf 86' lang='lat' dir='ltr'>satis</span> <span class='ocrx_word' id='word_1_78' title='bbox 420 1641 474 1691; x_wconf 76' lang='lat' dir='ltr'>est</span> 
     </span>
    </p>

    <p class='ocr_par' dir='ltr' id='par_1_4' title="bbox 132 1719 1162 1874">
     <span class='ocr_line' id='line_1_12' title="bbox 132 1719 1162 1802; baseline 0.003 -28"><span class='ocrx_word' id='word_1_79' title='bbox 132 1734 177 1802; x_wconf 53' lang='grc' dir='ltr'>μ</span> <span class='ocrx_word' id='word_1_80' title='bbox 247 1719 321 1775; x_wconf 82' lang='lat' dir='ltr'>Nulli</span> <span class='ocrx_word' id='word_1_81' title='bbox 333 1723 427 1790; x_wconf 80' lang='lat' dir='ltr'>potest</span> <span class='ocrx_word' id='word_1_82' title='bbox 437 1735 538 1774; x_wconf 88' lang='lat' dir='ltr'>secura</span> <span class='ocrx_word' id='word_1_83' title='bbox 550 1719 608 1775; x_wconf 85' lang='lat' dir='ltr'>vita</span> <span class='ocrx_word' id='word_1_84' title='bbox 620 1721 799 1792; x_wconf 76' lang='lat' dir='ltr'>contingere,</span> <span class='ocrx_word' id='word_1_85' title='bbox 816 1719 864 1790; x_wconf 78' lang='lat' dir='ltr'>qui</span> <span class='ocrx_word' id='word_1_86' title='bbox 876 1719 913 1776; x_wconf 77' lang='lat' dir='ltr'>tie</span> <span class='ocrx_word' id='word_1_87' title='bbox 924 1719 1110 1793; x_wconf 73' lang='lat' dir='ltr'>producenda</span> <span class='ocrx_word' id='word_1_88' title='bbox 1118 1722 1162 1777; x_wconf 74' lang='lat' dir='ltr'>ni-</span> 
     </span>
     <span class='ocr_line' id='line_1_13' title="bbox 185 1802 1043 1874; baseline -0.005 -14"><span class='ocrx_word' id='word_1_89' title='bbox 185 1804 239 1860; x_wconf 90' lang='lat' dir='ltr'>mis</span> <span class='ocrx_word' id='word_1_90' title='bbox 251 1802 362 1874; x_wconf 78' lang='lat' dir='ltr'>cogitat.</span> <span class='ocrx_word' id='word_1_91' title='bbox 1036 1856 1043 1870; x_wconf 74' lang='lat'>‚</span> 
     </span>
    </p>

    <p class='ocr_par' dir='ltr' id='par_1_5' title="bbox 129 1885 1163 2045">
     <span class='ocr_line' id='line_1_14' title="bbox 129 1885 1163 1964; baseline 0.003 -23"><span class='ocrx_word' id='word_1_92' title='bbox 129 1902 174 1964; x_wconf 52' lang='lat'>&amp;6</span> <span class='ocrx_word' id='word_1_93' title='bbox 249 1886 362 1942; x_wconf 85' lang='lat' dir='ltr'>Nullum</span> <span class='ocrx_word' id='word_1_94' title='bbox 377 1887 482 1942; x_wconf 86' lang='lat' dir='ltr'>bunum</span> <span class='ocrx_word' id='word_1_95' title='bbox 503 1885 580 1943; x_wconf 86' lang='lat' dir='ltr'>iuvat</span> <span class='ocrx_word' id='word_1_96' title='bbox 594 1886 759 1958; x_wconf 86' lang='lat' dir='ltr'>habentem,</span> <span class='ocrx_word' id='word_1_97' title='bbox 776 1887 830 1943; x_wconf 86' lang='lat' dir='ltr'>nisi</span> <span class='ocrx_word' id='word_1_98' title='bbox 844 1886 883 1944; x_wconf 82' lang='lat' dir='ltr'>ad</span> <span class='ocrx_word' id='word_1_99' title='bbox 894 1887 973 1944; x_wconf 87' lang='lat' dir='ltr'>cuius</span> <span class='ocrx_word' id='word_1_100' title='bbox 982 1886 1163 1944; x_wconf 82' lang='lat' dir='ltr'>amissionem</span> 
     </span>
     <span class='ocr_line' id='line_1_15' title="bbox 185 1971 566 2045; baseline -0.003 -18"><span class='ocrx_word' id='word_1_101' title='bbox 185 1976 370 2045; x_wconf 85' lang='lat' dir='ltr'>praeparatus</span> <span class='ocrx_word' id='word_1_102' title='bbox 389 1976 432 2026; x_wconf 87' lang='lat' dir='ltr'>est</span> <span class='ocrx_word' id='word_1_103' title='bbox 448 1971 566 2026; x_wconf 83' lang='lat' dir='ltr'>animus.</span> 
     </span>
    </p>

    <p class='ocr_par' dir='ltr' id='par_1_6' title="bbox 113 2054 1163 2630">
     <span class='ocr_line' id='line_1_16' title="bbox 113 2054 1161 2133; baseline 0 -23"><span class='ocrx_word' id='word_1_104' title='bbox 113 2071 175 2133; x_wconf 49' lang='lat'>210</span> <span class='ocrx_word' id='word_1_105' title='bbox 248 2055 371 2128; x_wconf 78' lang='lat' dir='ltr'>Magnae</span> <span class='ocrx_word' id='word_1_106' title='bbox 393 2054 507 2112; x_wconf 82' lang='lat' dir='ltr'>divitiae</span> <span class='ocrx_word' id='word_1_107' title='bbox 527 2062 592 2110; x_wconf 89' lang='lat' dir='ltr'>sunt</span> <span class='ocrx_word' id='word_1_108' title='bbox 612 2057 677 2127; x_wconf 78' lang='lat' dir='ltr'>lege</span> <span class='ocrx_word' id='word_1_109' title='bbox 697 2062 813 2112; x_wconf 86' lang='lat' dir='ltr'>naturae</span> <span class='ocrx_word' id='word_1_110' title='bbox 829 2055 985 2126; x_wconf 84' lang='lat' dir='ltr'>composita</span> <span class='ocrx_word' id='word_1_111' title='bbox 1000 2060 1161 2130; x_wconf 83' lang='lat' dir='ltr'>paupertas.</span> 
     </span>
     <span class='ocr_line' id='line_1_17' title="bbox 185 2138 1163 2210; baseline -0.004 -14"><span class='ocrx_word' id='word_1_112' title='bbox 185 2143 233 2196; x_wconf 83' lang='lat' dir='ltr'>lex</span> <span class='ocrx_word' id='word_1_113' title='bbox 259 2146 352 2196; x_wconf 83' lang='lat' dir='ltr'>autem</span> <span class='ocrx_word' id='word_1_114' title='bbox 379 2146 510 2209; x_wconf 89' lang='lat' dir='ltr'>naturae,</span> <span class='ocrx_word' id='word_1_115' title='bbox 536 2139 593 2194; x_wconf 85' lang='lat' dir='ltr'>seis</span> <span class='ocrx_word' id='word_1_116' title='bbox 616 2155 688 2210; x_wconf 85' lang='lat' dir='ltr'>ques</span> <span class='ocrx_word' id='word_1_117' title='bbox 710 2139 844 2196; x_wconf 88' lang='lat' dir='ltr'>terminos</span> <span class='ocrx_word' id='word_1_118' title='bbox 866 2138 947 2195; x_wconf 88' lang='lat' dir='ltr'>nobis</span> <span class='ocrx_word' id='word_1_119' title='bbox 970 2138 1081 2196; x_wconf 62' lang='lat' dir='ltr'>statuit!</span> <span class='ocrx_word' id='word_1_120' title='bbox 1107 2153 1163 2193; x_wconf 90' lang='lat' dir='ltr'>non</span> 
     </span>
     <span class='ocr_line' id='line_1_18' title="bbox 186 2221 1163 2295; baseline -0.003 -15"><span class='ocrx_word' id='word_1_121' title='bbox 186 2225 309 2293; x_wconf 85' lang='lat' dir='ltr'>esurire,</span> <span class='ocrx_word' id='word_1_122' title='bbox 326 2240 383 2279; x_wconf 91' lang='lat' dir='ltr'>non</span> <span class='ocrx_word' id='word_1_123' title='bbox 397 2224 489 2294; x_wconf 91' lang='lat' dir='ltr'>sitire,</span> <span class='ocrx_word' id='word_1_124' title='bbox 505 2238 562 2278; x_wconf 84' lang='lat' dir='ltr'>nen</span> <span class='ocrx_word' id='word_1_125' title='bbox 572 2224 678 2295; x_wconf 78' lang='lat' dir='ltr'>algere.</span> <span class='ocrx_word' id='word_1_126' title='bbox 703 2223 749 2279; x_wconf 87' lang='lat' dir='ltr'>Uti</span> <span class='ocrx_word' id='word_1_127' title='bbox 760 2225 862 2280; x_wconf 80' lang='lat' dir='ltr'>famem</span> <span class='ocrx_word' id='word_1_128' title='bbox 881 2223 1011 2294; x_wconf 80' lang='lat' dir='ltr'>sitimque</span> <span class='ocrx_word' id='word_1_129' title='bbox 1028 2221 1163 2295; x_wconf 84' lang='lat' dir='ltr'>depellas,</span> 
     </span>
     <span class='ocr_line' id='line_1_19' title="bbox 185 2306 1163 2378; baseline -0.002 -16"><span class='ocrx_word' id='word_1_130' title='bbox 185 2324 242 2365; x_wconf 87' lang='lat' dir='ltr'>nnn</span> <span class='ocrx_word' id='word_1_131' title='bbox 260 2315 303 2364; x_wconf 86' lang='lat' dir='ltr'>est</span> <span class='ocrx_word' id='word_1_132' title='bbox 322 2324 441 2363; x_wconf 88' lang='lat' dir='ltr'>necesse</span> <span class='ocrx_word' id='word_1_133' title='bbox 459 2308 548 2365; x_wconf 82' lang='lat' dir='ltr'>maria</span> <span class='ocrx_word' id='word_1_134' title='bbox 562 2313 684 2378; x_wconf 88' lang='lat' dir='ltr'>tentare,</span> <span class='ocrx_word' id='word_1_135' title='bbox 700 2323 753 2362; x_wconf 88' lang='lat' dir='ltr'>nee</span> <span class='ocrx_word' id='word_1_136' title='bbox 765 2313 857 2364; x_wconf 86' lang='lat' dir='ltr'>castra</span> <span class='ocrx_word' id='word_1_137' title='bbox 870 2307 960 2378; x_wconf 80' lang='lat' dir='ltr'>sequi.</span> <span class='ocrx_word' id='word_1_138' title='bbox 973 2306 1100 2363; x_wconf 83' lang='lat' dir='ltr'>Parabile</span> <span class='ocrx_word' id='word_1_139' title='bbox 1113 2310 1163 2375; x_wconf 80' lang='lat' dir='ltr'>eat,</span> 
     </span>
     <span class='ocr_line' id='line_1_20' title="bbox 185 2387 1162 2463; baseline -0.002 -16"><span class='ocrx_word' id='word_1_140' title='bbox 185 2392 262 2463; x_wconf 86' lang='lat' dir='ltr'>quod</span> <span class='ocrx_word' id='word_1_141' title='bbox 273 2398 373 2447; x_wconf 90' lang='lat' dir='ltr'>natura</span> <span class='ocrx_word' id='word_1_142' title='bbox 383 2390 543 2462; x_wconf 80' lang='lat' dir='ltr'>desiderat,</span> <span class='ocrx_word' id='word_1_143' title='bbox 557 2396 585 2447; x_wconf 89' lang='lat' dir='ltr'>et</span> <span class='ocrx_word' id='word_1_144' title='bbox 596 2391 649 2446; x_wconf 88' lang='lat' dir='ltr'>cito</span> <span class='ocrx_word' id='word_1_145' title='bbox 661 2390 823 2463; x_wconf 76' lang='lat' dir='ltr'>apponitur:</span> <span class='ocrx_word' id='word_1_146' title='bbox 841 2387 879 2446; x_wconf 85' lang='lat' dir='ltr'>ud</span> <span class='ocrx_word' id='word_1_147' title='bbox 890 2406 1068 2462; x_wconf 84' lang='lat' dir='ltr'>supervacua</span> <span class='ocrx_word' id='word_1_148' title='bbox 1078 2387 1162 2445; x_wconf 85' lang='lat' dir='ltr'>suda·</span> 
     </span>
     <span class='ocr_line' id='line_1_21' title="bbox 184 2475 1162 2547; baseline 0.001 -18"><span class='ocrx_word' id='word_1_149' title='bbox 184 2482 243 2530; x_wconf 74' lang='lat' dir='ltr'>turs</span> <span class='ocrx_word' id='word_1_150' title='bbox 267 2475 313 2530; x_wconf 89' lang='lat' dir='ltr'>illa</span> <span class='ocrx_word' id='word_1_151' title='bbox 327 2481 407 2542; x_wconf 89' lang='lat' dir='ltr'>sunt,</span> <span class='ocrx_word' id='word_1_152' title='bbox 429 2490 503 2544; x_wconf 84' lang='lat' dir='ltr'>quae</span> <span class='ocrx_word' id='word_1_153' title='bbox 513 2480 609 2547; x_wconf 78' lang='lat' dir='ltr'>togam</span> <span class='ocrx_word' id='word_1_154' title='bbox 620 2481 725 2545; x_wconf 89' lang='lat' dir='ltr'>terunt,</span> <span class='ocrx_word' id='word_1_155' title='bbox 739 2491 812 2546; x_wconf 88' lang='lat' dir='ltr'>quae</span> <span class='ocrx_word' id='word_1_156' title='bbox 823 2491 876 2530; x_wconf 86' lang='lat' dir='ltr'>nus</span> <span class='ocrx_word' id='word_1_157' title='bbox 889 2491 1041 2531; x_wconf 79' lang='lat' dir='ltr'>senescere</span> <span class='ocrx_word' id='word_1_158' title='bbox 1052 2477 1162 2546; x_wconf 77' lang='lat' dir='ltr'>cogunt,</span> 
     </span>
     <span class='ocr_line' id='line_1_22' title="bbox 185 2556 1162 2630; baseline -0.001 -17"><span class='ocrx_word' id='word_1_159' title='bbox 185 2574 258 2629; x_wconf 89' lang='lat' dir='ltr'>quae</span> <span class='ocrx_word' id='word_1_160' title='bbox 269 2558 297 2613; x_wconf 92' lang='lat' dir='ltr'>in</span> <span class='ocrx_word' id='word_1_161' title='bbox 310 2557 402 2613; x_wconf 87' lang='lat' dir='ltr'>aliena</span> <span class='ocrx_word' id='word_1_162' title='bbox 411 2558 502 2612; x_wconf 88' lang='lat' dir='ltr'>littora</span> <span class='ocrx_word' id='word_1_163' title='bbox 513 2558 676 2630; x_wconf 75' lang='lat' dir='ltr'>impingunt</span> <span class='ocrx_word' id='word_1_164' title='bbox 693 2556 741 2614; x_wconf 84' lang='lat' dir='ltr'>Ad</span> <span class='ocrx_word' id='word_1_165' title='bbox 751 2575 864 2615; x_wconf 88' lang='lat' dir='ltr'>manum</span> <span class='ocrx_word' id='word_1_166' title='bbox 876 2564 934 2628; x_wconf 88' lang='lat' dir='ltr'>est,</span> <span class='ocrx_word' id='word_1_167' title='bbox 946 2557 1022 2630; x_wconf 81' lang='lat' dir='ltr'>quod</span> <span class='ocrx_word' id='word_1_168' title='bbox 1033 2557 1100 2614; x_wconf 86' lang='lat' dir='ltr'>satis</span> <span class='ocrx_word' id='word_1_169' title='bbox 1111 2562 1162 2612; x_wconf 77' lang='lat' dir='ltr'>est</span> 
     </span>
    </p>

    <p class='ocr_par' dir='ltr' id='par_1_7' title="bbox 110 2638 1164 2947">
     <span class='ocr_line' id='line_1_23' title="bbox 110 2638 1163 2714; baseline 0.001 -19"><span class='ocrx_word' id='word_1_170' title='bbox 110 2647 174 2710; x_wconf 63' lang='grc'>930</span> <span class='ocrx_word' id='word_1_171' title='bbox 247 2638 278 2695; x_wconf 86' lang='lat' dir='ltr'>Si</span> <span class='ocrx_word' id='word_1_172' title='bbox 295 2641 340 2694; x_wconf 90' lang='lat' dir='ltr'>cui</span> <span class='ocrx_word' id='word_1_173' title='bbox 355 2656 408 2695; x_wconf 85' lang='lat' dir='ltr'>sua</span> <span class='ocrx_word' id='word_1_174' title='bbox 417 2655 474 2694; x_wconf 84' lang='lat' dir='ltr'>nau</span> <span class='ocrx_word' id='word_1_175' title='bbox 486 2640 616 2696; x_wconf 87' lang='lat' dir='ltr'>videntur</span> <span class='ocrx_word' id='word_1_176' title='bbox 626 2642 812 2714; x_wconf 82' lang='lat' dir='ltr'>amplissima,</span> <span class='ocrx_word' id='word_1_177' title='bbox 830 2643 987 2699; x_wconf 85' lang='lat' dir='ltr'>licettotius</span> <span class='ocrx_word' id='word_1_178' title='bbox 1001 2641 1099 2698; x_wconf 82' lang='lat' dir='ltr'>mundi</span> <span class='ocrx_word' id='word_1_179' title='bbox 1113 2641 1163 2697; x_wconf 71' lang='lat' dir='ltr'>du</span> 
     </span>
     <span class='ocr_line' id='line_1_24' title="bbox 185 2723 1164 2796; baseline 0.004 -20"><span class='ocrx_word' id='word_1_180' title='bbox 185 2723 276 2777; x_wconf 87' lang='lat' dir='ltr'>miuus</span> <span class='ocrx_word' id='word_1_181' title='bbox 287 2723 336 2791; x_wconf 89' lang='lat' dir='ltr'>sit,</span> <span class='ocrx_word' id='word_1_182' title='bbox 347 2723 433 2777; x_wconf 89' lang='lat' dir='ltr'>miser</span> <span class='ocrx_word' id='word_1_183' title='bbox 445 2729 496 2779; x_wconf 88' lang='lat' dir='ltr'>est.</span> <span class='ocrx_word' id='word_1_184' title='bbox 519 2724 606 2779; x_wconf 74' lang='lat' dir='ltr'>Miser</span> <span class='ocrx_word' id='word_1_185' title='bbox 616 2731 670 2791; x_wconf 77' lang='lat' dir='ltr'>ast,</span> <span class='ocrx_word' id='word_1_186' title='bbox 684 2725 732 2796; x_wconf 88' lang='lat' dir='ltr'>qui</span> <span class='ocrx_word' id='word_1_187' title='bbox 743 2743 775 2781; x_wconf 87' lang='lat' dir='ltr'>se</span> <span class='ocrx_word' id='word_1_188' title='bbox 784 2725 977 2782; x_wconf 88' lang='lat' dir='ltr'>beatissimum</span> <span class='ocrx_word' id='word_1_189' title='bbox 985 2742 1042 2782; x_wconf 89' lang='lat' dir='ltr'>non</span> <span class='ocrx_word' id='word_1_190' title='bbox 1052 2724 1164 2794; x_wconf 85' lang='lat' dir='ltr'>iudicat,</span> 
     </span>
     <span class='ocr_line' id='line_1_25' title="bbox 183 2805 1164 2882; baseline 0 -20"><span class='ocrx_word' id='word_1_191' title='bbox 183 2807 249 2862; x_wconf 87' lang='lat' dir='ltr'>licet</span> <span class='ocrx_word' id='word_1_192' title='bbox 263 2805 313 2860; x_wconf 90' lang='lat' dir='ltr'>toti</span> <span class='ocrx_word' id='word_1_193' title='bbox 328 2805 433 2862; x_wconf 87' lang='lat' dir='ltr'>mundo</span> <span class='ocrx_word' id='word_1_194' title='bbox 448 2807 574 2880; x_wconf 87' lang='lat' dir='ltr'>imperet</span> <span class='ocrx_word' id='word_1_195' title='bbox 605 2808 668 2864; x_wconf 83' lang='lat' dir='ltr'>Nou</span> <span class='ocrx_word' id='word_1_196' title='bbox 687 2816 730 2865; x_wconf 78' lang='lat' dir='ltr'>ast</span> <span class='ocrx_word' id='word_1_197' title='bbox 743 2811 857 2882; x_wconf 76' lang='lat' dir='ltr'>beatus,</span> <span class='ocrx_word' id='word_1_198' title='bbox 878 2811 926 2881; x_wconf 89' lang='lat' dir='ltr'>qui</span> <span class='ocrx_word' id='word_1_199' title='bbox 942 2828 975 2867; x_wconf 86' lang='lat' dir='ltr'>se</span> <span class='ocrx_word' id='word_1_200' title='bbox 992 2809 1024 2866; x_wconf 77' lang='lat' dir='ltr'>ii</span> <span class='ocrx_word' id='word_1_201' title='bbox 1040 2825 1098 2866; x_wconf 89' lang='lat' dir='ltr'>non</span> <span class='ocrx_word' id='word_1_202' title='bbox 1111 2824 1164 2882; x_wconf 88' lang='lat' dir='ltr'>pu·</span> 
     </span>
     <span class='ocr_line' id='line_1_26' title="bbox 182 2896 311 2947; baseline -0.016 0"><span class='ocrx_word' id='word_1_203' title='bbox 182 2896 222 2947; x_wconf 89' lang='lat' dir='ltr'>tat</span> <span class='ocrx_word' id='word_1_204' title='bbox 235 2906 311 2946; x_wconf 86' lang='lat' dir='ltr'>esse.</span> 
     </span>
    </p>

    <p class='ocr_par' dir='ltr' id='par_1_8' title="bbox 112 2973 1166 3383">
     <span class='ocr_line' id='line_1_27' title="bbox 112 2973 1164 3050; baseline 0.002 -20"><span class='ocrx_word' id='word_1_205' title='bbox 112 2983 172 3043; x_wconf 55' lang='lat'>129</span> <span class='ocrx_word' id='word_1_206' title='bbox 245 2973 318 3030; x_wconf 85' lang='lat' dir='ltr'>Nihil</span> <span class='ocrx_word' id='word_1_207' title='bbox 333 2973 505 3048; x_wconf 83' lang='lat' dir='ltr'>habeamus,</span> <span class='ocrx_word' id='word_1_208' title='bbox 521 2976 676 3050; x_wconf 81' lang='lat' dir='ltr'>quodcum</span> <span class='ocrx_word' id='word_1_209' title='bbox 691 2994 795 3050; x_wconf 75' lang='lat' dir='ltr'>magno</span> <span class='ocrx_word' id='word_1_210' title='bbox 809 2979 996 3035; x_wconf 81' lang='lat' dir='ltr'>emolumento</span> <span class='ocrx_word' id='word_1_211' title='bbox 1009 2975 1164 3033; x_wconf 84' lang='lat' dir='ltr'>insidiantia</span> 
     </span>
     <span class='ocr_line' id='line_1_28' title="bbox 183 3059 1164 3135; baseline 0 -20"><span class='ocrx_word' id='word_1_212' title='bbox 183 3059 255 3131; x_wconf 88' lang='lat' dir='ltr'>eripi</span> <span class='ocrx_word' id='word_1_213' title='bbox 276 3059 375 3130; x_wconf 87' lang='lat' dir='ltr'>possit.</span> <span class='ocrx_word' id='word_1_214' title='bbox 408 3075 493 3130; x_wconf 90' lang='lat' dir='ltr'>quam</span> <span class='ocrx_word' id='word_1_215' title='bbox 515 3061 658 3117; x_wconf 88' lang='lat' dir='ltr'>minimum</span> <span class='ocrx_word' id='word_1_216' title='bbox 682 3061 711 3116; x_wconf 89' lang='lat' dir='ltr'>in</span> <span class='ocrx_word' id='word_1_217' title='bbox 736 3078 857 3135; x_wconf 85' lang='lat' dir='ltr'>corpure</span> <span class='ocrx_word' id='word_1_218' title='bbox 877 3068 926 3117; x_wconf 80' lang='lat' dir='ltr'>uro</span> <span class='ocrx_word' id='word_1_219' title='bbox 947 3061 984 3116; x_wconf 86' lang='lat' dir='ltr'>sit</span> <span class='ocrx_word' id='word_1_220' title='bbox 1001 3061 1164 3134; x_wconf 84' lang='lat' dir='ltr'>spoliorum.</span> 
     </span>
     <span class='ocr_line' id='line_1_29' title="bbox 183 3141 1165 3219; baseline 0.001 -21"><span class='ocrx_word' id='word_1_221' title='bbox 183 3144 272 3199; x_wconf 85' lang='lat' dir='ltr'>Nemo</span> <span class='ocrx_word' id='word_1_222' title='bbox 293 3143 331 3198; x_wconf 83' lang='lat' dir='ltr'>ad</span> <span class='ocrx_word' id='word_1_223' title='bbox 345 3142 499 3200; x_wconf 87' lang='lat' dir='ltr'>humanum</span> <span class='ocrx_word' id='word_1_224' title='bbox 517 3144 684 3217; x_wconf 77' lang='lat' dir='ltr'>sauguinem</span> <span class='ocrx_word' id='word_1_225' title='bbox 699 3147 778 3204; x_wconf 84' lang='lat' dir='ltr'>venit</span> <span class='ocrx_word' id='word_1_226' title='bbox 792 3151 910 3218; x_wconf 87' lang='lat' dir='ltr'>propter</span> <span class='ocrx_word' id='word_1_227' title='bbox 926 3145 1033 3219; x_wconf 89' lang='lat' dir='ltr'>ipsum,</span> <span class='ocrx_word' id='word_1_228' title='bbox 1055 3145 1101 3203; x_wconf 83' lang='lat' dir='ltr'>vel</span> <span class='ocrx_word' id='word_1_229' title='bbox 1114 3141 1165 3199; x_wconf 86' lang='lat' dir='ltr'>ad·</span> 
     </span>
     <span class='ocr_line' id='line_1_30' title="bbox 183 3226 1166 3299; baseline 0.001 -16"><span class='ocrx_word' id='word_1_230' title='bbox 183 3227 298 3283; x_wconf 82' lang='lat' dir='ltr'>modum</span> <span class='ocrx_word' id='word_1_231' title='bbox 315 3228 407 3299; x_wconf 89' lang='lat' dir='ltr'>pauci.</span> <span class='ocrx_word' id='word_1_232' title='bbox 439 3226 553 3284; x_wconf 85' lang='lat' dir='ltr'>Nudum</span> <span class='ocrx_word' id='word_1_233' title='bbox 568 3229 639 3284; x_wconf 73' lang='lat' dir='ltr'>lutto</span> <span class='ocrx_word' id='word_1_234' title='bbox 653 3230 825 3286; x_wconf 70' lang='lat' dir='ltr'>transmittit:</span> <span class='ocrx_word' id='word_1_235' title='bbox 846 3230 930 3286; x_wconf 77' lang='lat' dir='ltr'>etiem</span> <span class='ocrx_word' id='word_1_236' title='bbox 942 3228 972 3286; x_wconf 84' lang='lat' dir='ltr'>in</span> <span class='ocrx_word' id='word_1_237' title='bbox 986 3230 1105 3286; x_wconf 77' lang='lat' dir='ltr'>obsessa</span> <span class='ocrx_word' id='word_1_238' title='bbox 1118 3227 1166 3284; x_wconf 79' lang='lat' dir='ltr'>vis</span> 
     </span>
     <span class='ocr_line' id='line_1_31' title="bbox 183 3311 445 3383; baseline 0.004 -16"><span class='ocrx_word' id='word_1_239' title='bbox 183 3311 302 3383; x_wconf 88' lang='lat' dir='ltr'>pauperi</span> <span class='ocrx_word' id='word_1_240' title='bbox 319 3328 378 3383; x_wconf 86' lang='lat' dir='ltr'>pax</span> <span class='ocrx_word' id='word_1_241' title='bbox 394 3317 445 3368; x_wconf 82' lang='lat' dir='ltr'>est.</span> 
     </span>
    </p>

    <p class='ocr_par' dir='ltr' id='par_1_9' title="bbox 101 3395 992 3470">
     <span class='ocr_line' id='line_1_32' title="bbox 101 3395 992 3470; baseline 0.004 -21"><span class='ocrx_word' id='word_1_242' title='bbox 101 3400 177 3456; x_wconf 66' lang='lat'>¹1¹7</span> <span class='ocrx_word' id='word_1_243' title='bbox 245 3395 273 3449; x_wconf 88' lang='lat' dir='ltr'>Is</span> <span class='ocrx_word' id='word_1_244' title='bbox 291 3397 412 3451; x_wconf 85' lang='lat' dir='ltr'>maxime</span> <span class='ocrx_word' id='word_1_245' title='bbox 432 3395 536 3453; x_wconf 84' lang='lat' dir='ltr'>divitiis</span> <span class='ocrx_word' id='word_1_246' title='bbox 553 3397 666 3466; x_wconf 69' lang='lat' dir='ltr'>fruitur,</span> <span class='ocrx_word' id='word_1_247' title='bbox 687 3396 736 3470; x_wconf 85' lang='lat' dir='ltr'>qui</span> <span class='ocrx_word' id='word_1_248' title='bbox 751 3395 864 3454; x_wconf 84' lang='lat' dir='ltr'>miuime</span> <span class='ocrx_word' id='word_1_249' title='bbox 875 3395 992 3470; x_wconf 72' lang='lat' dir='ltr'>indIget.</span> 
     </span>
    </p>
   </div>
   <div class='ocr_carea' id='block_1_4' title="bbox 0 0 1244 3930">
    <p class='ocr_par' dir='ltr' id='par_1_10' title="bbox 0 0 1244 3930">
     <span class='ocr_line' id='line_1_33' title="bbox 0 0 1244 3930; baseline 0 0"><span class='ocrx_word' id='word_1_250' title='bbox 0 0 1244 3930; x_wconf 95' lang='lat' dir='ltr'> </span> 
     </span>
    </p>
   </div>
  </div>
 </body>
</html>
