2468 3930
389 364 582 448 uramur
610 364 780 448 SENECAE

451 494 500 543 ΑΙ)
529 491 718 544 LUCILIUM

143 587 1026 799 EPESEUEAEEIEJEEEVMEEEEEUM

509 901 661 912 ——uoc

401 1005 617 1069 EPISTULA
643 1008 665 1063 1.
691 1006 762 1077 (42.)

351 1097 461 1155 Sennea
478 1103 589 1154 Lucrmo
609 1113 660 1153 suo
682 1110 819 1152 susurru.

164 1203 227 1262 lem
247 1201 300 1262 tibi
320 1204 378 1264 iste
396 1204 551 1280 persuasit
571 1204 669 1264 virum
688 1217 724 1262 se
739 1201 852 1261 bonum
868 1205 960 1258 esset
985 1201 1097 1274 emnil

100 1285 302 1348 virbonus
324 1294 395 1347 tam
417 1289 491 1350 eito
513 1286 691 1349 nectieri
713 1289 933 1362 potestuee
957 1283 1070 1343 intel·

100 1370 187 1445 legi.
207 1370 272 1430 sois
285 1387 375 1446 quern
386 1389 468 1432 nuno
481 1373 577 1435 virum
592 1373 704 1432 bonum
719 1370 840 1430 dieemt
858 1367 947 1431 buius
962 1382 1070 1428 seeum

101 1455 161 1514 doe
174 1460 273 1513 notos.
296 1471 364 1515 nom
378 1455 427 1515 ille
441 1458 516 1516 alter
526 1458 657 1518 tortasse
667 1462 820 1529 tamquam
832 1452 965 1528 phoenix
977 1452 1071 1511 semel

101 1553 182 1598 anno
203 1537 446 1613 quingentesimo
466 1541 610 1601 nascitur.
649 1539 712 1598 Neo
733 1544 780 1597 est
799 1537 907 1597 mirum
921 1551 960 1596 ex
980 1535 1070 1596 iuter·

102 1622 312 1698 vallemagna
332 1623 485 1698 generari:
508 1623 671 1684 mediocria
690 1628 722 1682 et
739 1621 770 1680 in
785 1621 901 1685 turbem
913 1620 1072 1680 nascentia

104 1719 199 1780 saepe
218 1705 338 1766 fortuna
359 1707 513 1782 producit,
539 1707 650 1767 eximia
669 1721 742 1766 vero
763 1705 833 1780 ipse
852 1704 973 1765 ronow
990 1719 1070 1764 eom*

102 1788 233 1849 mendot.
270 1788 332 1850 Sed
348 1788 404 1850 iste
419 1792 544 1852 multum
558 1791 658 1851 odbne
672 1789 760 1850 abeat
771 1789 811 1850 eb
825 1803 881 1862 eo,
899 1787 986 1863 quod
1001 1801 1099 1863 pro-2

101 1873 212 1933 fitetur.
240 1880 273 1933 et
293 1873 319 1932 si
337 1874 444 1948 eoiret,
467 1875 637 1950 quidesset
652 1873 827 1946 virbonus,
849 1872 985 1933 nondum
1000 1885 1072 1932 esse

102 1955 310 2030 senadern,
333 1957 465 2019 tortasse
486 1959 575 2019 etiam
595 1959 661 2019 fieri
681 1973 777 2033 posse
791 1957 978 2032 desperaret.
1012 1954 1072 2030 „At

104 2039 181 2100 uteie
202 2038 354 2101 existimat
374 2042 412 2102 de
432 2043 549 2102 melis.“
583 2042 642 2104 hoo
663 2042 753 2102 etiam
768 2041 842 2100 mali
863 2040 988 2113 indunt,
1014 2053 1071 2098 neo

102 2124 165 2184 uilo
184 2122 282 2184 maior
300 2140 403 2199 poena
422 2127 576 2201 nequitiae
593 2134 643 2187 est
663 2142 755 2201 quarn
775 2123 859 2200 qnod
878 2123 937 2184 sibi
954 2139 990 2183 ae
1005 2121 1071 2183 suis

103 2205 254 2282 disptioet
289 2208 349 2282 „At
363 2208 428 2270 odit
440 2225 510 2283 eos,
532 2210 583 2285 qui
599 2209 699 2270 subita
713 2216 743 2269 et
756 2223 866 2282 magne
880 2206 1014 2282 potentia
1027 2207 1100 2268 ine

102 2296 243 2366 potenter
255 2296 407 2353 utuntur.“
439 2292 635 2367 idemiaeiet,
658 2291 967 2366 eumidempoonerit.
996 2289 1071 2350 Mul-

101 2383 217 2447 torum,
243 2377 316 2449 quie
335 2376 474 2441 inbeailla
494 2385 579 2452 sunt,
604 2378 697 2436 latent
715 2375 804 2448 vitio,
826 2390 886 2433 non
900 2371 1002 2432 minus
1017 2389 1072 2435 en-

102 2474 191 2531 suro,
208 2473 276 2520 orror
290 2459 349 2520 iliis
359 2459 442 2520 vires
451 2477 528 2525 suae
541 2457 726 2536 placuerint,
741 2473 832 2541 quam
842 2455 908 2531 iiia,
924 2471 1002 2530 quae
1014 2455 1074 2541 iam

103 2541 232 2603 felicitas
253 2543 379 2619 operuit
411 2543 609 2607 instrumenta
628 2543 687 2603 inis
708 2540 907 2618 explioandee
918 2537 1074 2616 nequitiae

102 2626 225 2686 desunt.
266 2626 319 2688 Sie
336 2633 401 2688 tuto
423 2643 551 2704 serpens
566 2629 655 2689 etium
668 2627 816 2703 pestifere
829 2630 981 2699 traototur,
1003 2625 1103 2687 dume

101 2710 182 2783 riget
201 2708 328 2786 nigore
351 2726 416 2770 non
435 2711 548 2776 desunt
567 2719 639 2774 tuno
657 2712 850 2784 illinemus,
873 2709 930 2770 sed
943 2715 1073 2784 torpent.

103 2792 265 2855 Multorum
286 2795 450 2856 erudelitas
468 2804 501 2858 et
521 2795 642 2858 ambitio
657 2802 688 2855 et
701 2794 834 2868 luxurio,
856 2802 889 2855 ut
904 2793 989 2869 paria
1004 2807 1074 2868 pes-

104 2876 191 2937 statis
204 2879 331 2953 audeat,
352 2880 492 2940 iortrmee
506 2881 614 2943 favore
629 2880 776 2941 deficitur.
805 2878 916 2938 eadem
930 2879 1007 2937 velle
1023 2892 1073 2937 eo-

102 2975 254 3036 gnosees=
280 2963 321 3025 de
342 2978 452 3038 posse,
481 2972 627 3039 qnantum
646 2965 758 3025 volunt.
805 2960 982 3035 Meministi,
1008 2967 1103 3019 namt

105 3045 233 3120 quando
252 3044 484 3107 **odfirmares
505 3063 576 3108 esse
597 3048 626 3107 in
641 3054 693 3107 tua
709 3052 873 3122 potestate,
895 3044 1012 3104 dixisse
1027 3057 1075 3101 me

103 3129 268 3191 volaticum
282 3145 355 3190 esse
368 3145 404 3189 ae
419 3130 516 3191 levem
531 3140 562 3191 et
575 3138 605 3190 te
618 3146 680 3190 uon
690 3130 803 3205 pedem
815 3129 881 3189 eius
892 3135 1004 3199 tenere,
1020 3124 1077 3184 sed

104 3220 259 3286 pennam?
288 3212 429 3274 mentitus
445 3231 526 3275 sum:
550 3215 653 3290 pluma
667 3213 833 3282 tenebatur,
857 3226 946 3286 quam
962 3205 1077 3268 remisit

46 3292 50 3298 ’
104 3303 136 3354 et
156 3295 241 3372 fugit.
278 3298 355 3370 sois,
378 3314 456 3372 quos
477 3305 587 3373 postea
605 3297 658 3356 tibi
674 3294 843 3356 exhibuerit
857 3293 962 3367 ludos,
986 3306 1076 3367 quom

104 3380 198 3440 motta
217 3379 247 3439 in
264 3387 359 3454 eaput
373 3396 462 3440 suum
476 3397 586 3442 casura
599 3378 797 3454 temptaverit.
830 3393 891 3437 non
907 3375 1028 3436 videbat
1041 3390 1076 3435 se

107 3476 163 3537 per
175 3462 304 3524 aliorum
320 3463 456 3538 periouta
468 3464 499 3524 iu
511 3481 601 3524 suum
614 3479 713 3523 ruere.
733 3477 795 3522 non
808 3458 966 3535 cogitabat,
984 3474 1075 3534 quam
