2468 3930
333 243 383 301 AD
405 241 552 298 PAULUM
572 240 780 302 EPISTOLAE.
986 239 1049 301 479

77 398 168 454 minae
190 397 292 464 iacias,
316 395 396 451 cuius
412 392 525 466 quidem
546 393 658 452 offensa
679 411 770 466 neque
788 395 887 465 oberit,
906 396 930 451 si
949 409 1048 468 perse-

76 481 224 546 veraverit,
246 496 347 551 neque,
374 480 397 534 si
412 496 467 534 non
482 479 532 549 sit,
552 479 691 551 proderil=
712 480 737 534 si
754 486 797 535 est
811 480 918 552 regina,
937 496 993 535 non
1007 479 1049 535 in·

77 564 245 638 dignabitur,
263 565 287 619 si
301 564 400 619 mulier
415 569 467 631 est,
487 561 654 620 offendetur.
683 563 759 618 Bene
775 566 850 622 vale.

330 679 334 689 ’
400 740 402 744 -
431 709 629 761 sersronn
648 709 694 761 ιιι.

388 778 489 831 Surisca
507 779 590 830 Panto
609 793 735 830 sacrarit.

136 883 202 940 Scio
219 890 245 942 te
260 902 316 942 non
338 891 393 941 tarn
412 886 450 941 tui
468 901 555 940 causa
570 889 738 941 commotum
753 882 866 950 litteris,
882 901 952 956 quas
969 884 1006 940 ad
1024 891 1050 940 tc

78 969 113 1024 de
134 968 256 1024 editione
281 969 461 1041 epistolarum
483 975 592 1024 tuarum
614 966 729 1024 Caesari
753 968 823 1038 ieci,
844 984 927 1039 quam
950 975 1051 1025 natura

78 1047 232 1130 [ipsarum]
250 1068 358 1120 rerum,
376 1068 448 1123 quae
463 1052 501 1107 ita
512 1057 619 1107 mentes
634 1049 778 1107 hominum
794 1054 829 1107 ab
840 1053 970 1108 omnibus
987 1053 1051 1108 arti-

76 1137 128 1193 bus
140 1143 167 1191 et
176 1137 299 1193 moribus
310 1136 393 1192 rectis
404 1142 528 1204 revocat,
540 1140 635 1191 utnon
646 1133 731 1192 hodIe
741 1134 872 1205 admirer,
885 1135 987 1207 quippe
996 1126 1049 1213 [ut]

77 1221 123 1291 qui
141 1222 234 1276 multis
251 1220 428 1277 documentis
447 1219 504 1277 hoc
523 1219 579 1274 iam
597 1218 774 1275 notissImum
793 1218 922 1275 habeam.
963 1216 1051 1291 Igitur

77 1319 150 1361 nove
165 1320 296 1376 agamus,
314 1304 379 1360 etsi
396 1303 464 1375 quid
478 1303 560 1359 laeilc
574 1303 603 1358 in
616 1302 796 1375 praeteritum
814 1304 916 1359 iactum
933 1308 984 1372 est,
1001 1317 1050 1357 ve·

79 1388 152 1443 niam
173 1388 320 1460 irrogabis.
349 1389 414 1445 ltlisi
434 1389 483 1445 tibi
506 1388 606 1443 librum
626 1386 662 1442 de
683 1388 833 1443 verborum
854 1387 946 1459 eopia.
977 1386 1049 1442 Vale

79 1472 166 1528 Paule
181 1472 336 1531 carissime.

438 1582 638 1634 EPISTOLA
655 1583 688 1634 X-

376 1651 494 1704 Senecae
510 1653 608 1704 Parcus
626 1667 749 1704 securare.
851 1686 854 1690 -

142 1759 388 1832 Quotienscunque
408 1759 456 1815 tibi
478 1760 570 1816 scribo
594 1765 621 1815 et
644 1774 746 1815 nomen
766 1774 860 1815 meum
879 1758 928 1815 tibi
952 1761 1050 1816 subse·

78 1843 185 1912 cundo,
205 1859 320 1915 gravem
336 1849 363 1898 et
378 1849 472 1899 sectae
487 1859 567 1900 meae
579 1843 810 1916 incongruentem
821 1859 881 1898 rem
897 1843 979 1899 iaeio.
1002 1843 1050 1898 de-

77 1929 130 1983 beo
147 1927 238 1990 enim,
254 1934 283 1983 ut
298 1943 384 1998 saepe
398 1929 545 1998 protessus
561 1944 638 1995 sum,
654 1944 716 1983 curn
731 1927 860 1984 omnibus
875 1926 969 1983 omnia
984 1943 1049 1982 esse

79 2018 105 2066 et
121 2011 150 2066 id
167 2013 319 2067 observare
334 2012 363 2065 in
380 2017 427 2066 tua
441 2027 579 2082 persona,
596 2011 672 2083 quod
687 2013 734 2066 lex
748 2011 875 2067 Romana
888 2011 989 2066 honori
1004 2026 1049 2066 se·

78 2101 159 2150 natus
175 2096 332 2159 concessit,
346 2096 473 2165 perlecta
487 2095 608 2165 epistola
624 2094 751 2150 ullimum
764 2095 855 2150 locum
871 2094 990 2165 eligere,
1013 2109 1050 2148 ne

79 2194 143 2232 oum
156 2178 254 2247 aporia
269 2183 296 2232 et
312 2177 453 2233 dedecore
469 2178 580 2247 cupiam
596 2173 693 2251 [illud]
709 2176 831 2246 efficere,
847 2176 923 2247 quod
940 2176 995 2232 mei
1006 2191 1051 2231 ar·

77 2260 150 2316 bitril
169 2261 260 2319 luerit.
286 2261 371 2329 Vale,
389 2260 571 2317 devotissime
586 2260 730 2332 magister.
754 2259 824 2314 Data
844 2260 938 2331 quinto
951 2259 1051 2318 Galen·

80 2342 177 2399 darum
193 2342 255 2400 lulii
270 2344 381 2400 Nerone
395 2343 435 2399 lV
451 2350 478 2398 el
491 2344 615 2399 Messala
631 2344 802 2399 consulibus.

438 2471 634 2523 EPISTOLA
651 2472 694 2523 Xl.

394 2541 496 2594 Seneca
512 2542 596 2594 Pareo
614 2556 736 2593 recursu.

141 2652 204 2708 Ave
218 2651 256 2708 mi
269 2650 355 2708 Paule
373 2648 528 2707 carissime.
556 2646 587 2705 Si
603 2647 671 2705 mihi
683 2646 844 2718 nominique
859 2661 922 2701 meo
937 2645 981 2700 vir
992 2649 1051 2701 tan·

81 2751 122 2791 tus
138 2741 165 2790 et
180 2735 297 2791 dilectus
314 2733 441 2792 omnibus
456 2731 549 2789 modis
563 2749 620 2788 non
636 2732 699 2788 dieo
714 2730 800 2788 lucris
813 2731 922 2787 iunctus
939 2728 992 2786 sed
1002 2744 1051 2786 ne·

80 2819 205 2875 cessario
220 2820 338 2888 mixtus,
361 2819 463 2890 optime
481 2822 572 2875 aetum
590 2817 641 2873 erit
655 2817 691 2873 dc
707 2815 818 2874 Seneca
831 2820 888 2874 tuo.
923 2814 991 2873 Cum
1009 2813 1049 2870 sis

81 2902 163 2975 igitur
178 2908 276 2956 vertex
290 2908 317 2956 et
333 2903 532 2958 altissimorum
544 2903 667 2958 omnium
682 2907 817 2957 montrum
833 2914 978 2966 cacumen,
994 2913 1050 2952 non

81 3003 135 3058 ego
150 2986 195 3042 vis
216 2985 321 3053 laeter,
342 2985 366 3040 si
383 2985 421 3042 ita
436 2986 489 3041 sim
506 2985 554 3042 libi
568 2987 728 3057 proximus,
753 2990 783 3040 ut
802 2985 871 3038 alter
892 2982 991 3037 similis
1011 2980 1050 3036 tui

82 3066 217 3142 deputer?
245 3067 326 3124 Haud
347 3068 440 3142 itaque
461 3072 488 3123 te
506 3067 652 3141 indignum
668 3069 759 3140 prima
778 3068 848 3123 lacie
869 3065 1050 3138 epistolarum

81 3151 282 3211 nominandum
297 3167 432 3221 censeas,
456 3168 492 3206 ne
507 3157 563 3207 tam
577 3158 713 3224 temptare
735 3167 780 3206 mc
796 3165 878 3221 quarn
893 3148 990 3204 ludere
1006 3146 1051 3201 vi·

81 3239 192 3307 deeris,
208 3237 311 3309 quippe
327 3253 391 3293 cum
413 3236 487 3292 selas
503 3235 594 3292 civem
610 3251 675 3291 esse
690 3241 717 3291 te
729 3234 894 3290 Romanum.
914 3225 1051 3306 [utquam

81 3323 127 3394 qui
139 3339 228 3390 meus,
242 3328 304 3377 tuus
316 3319 392 3393 apud
406 3325 431 3375 tc
441 3319 531 3387 locus,
543 3319 590 3389 qui
605 3325 678 3390 tuus,
690 3318 773 3376 velim
785 3321 912 3373 ulmeus.
934 3314 1005 3370 Vale
1014 3312 1052 3369 mi

80 3407 166 3463 Paule
180 3407 334 3464 carissime.
364 3406 435 3462 Data
444 3402 480 3461 X.
499 3400 558 3459 Gal.
569 3402 659 3475 April.
691 3400 853 3476 Aproniano
871 3404 898 3456 et
916 3395 1052 3471 Capitone

82 3490 251 3548 consulibus.
