2468 3930
160 208 203 272 82
442 209 476 267 L.
498 205 645 266 ANNAEI
668 203 843 265 SENECAE

158 360 203 421 sic
222 359 298 420 rami
318 373 411 419 onere
430 359 615 432 franguntur,
640 357 743 417 sicud
763 356 960 417 maturitatem
980 373 1043 418 non
1060 375 1129 434 per·

157 442 241 505 venit
254 440 348 503 nimia
359 441 540 502 fecunditas.
574 441 657 500 Idem
669 440 778 501 animis
789 441 1032 516 quoqneoveniq
1049 459 1130 518 quos

157 527 399 587 inmoderata
426 525 603 585 felicitas
627 524 781 598 rumpit,
809 541 871 599 qua
893 527 1130 586 noumntumin

128 611 285 671 calianum
305 609 457 682 iniuriam,
478 608 535 668 sed
555 608 643 668 ctiam
663 607 693 666 in
714 623 801 667 suam
818 614 950 668 utuntur„
987 609 1060 683 Quis
1075 609 1130 670 hc·

157 695 212 753 stis
232 693 264 752 iu
285 707 467 768 quemquam
488 698 547 751 tam
564 690 802 751 contumeliosus
817 692 873 752 luit
886 707 978 766 quam
989 692 1019 752 in
1036 710 1130 769 quos·

157 777 226 837 dam
241 777 413 851 voluptates
428 791 503 835 suae
518 781 609 836 sunit
637 791 765 850 quorum
779 773 964 850 repetendae
978 784 1071 852 atque
1083 776 1130 837 iu·

157 875 251 920 sanae
264 859 379 921 libidini
396 859 438 919 ob
451 859 510 918 boc
524 874 618 919 unum
633 857 737 933 possis
751 858 927 933 ignoscere,
951 860 1037 934 qnod
1050 876 1129 936 quae

102 970 107 987 ι
157 943 273 1019 iecere,
290 944 452 1019 patiuntur.
479 957 537 1002 nec
552 943 688 1002 inmerito
704 941 754 1001 hic
767 942 837 1003 illos
850 943 935 1002 luror
947 950 1048 1004 vexat
1077 959 1129 1003 ue-

157 1042 246 1088 cesse
267 1035 314 1088 est
334 1028 429 1098 enim,
452 1027 483 1085 iu
504 1026 674 1085 inmensum
692 1031 782 1085 exeat
795 1025 961 1100 cupiditas,
983 1043 1062 1102 quac
1075 1043 1128 1088 na-

155 1111 281 1170 turalcm
301 1112 425 1172 modum
444 1109 610 1171 transsiliit
641 1109 691 1168 ille
711 1108 791 1168 enim
811 1109 902 1168 habet
922 1125 1010 1169 suum
1026 1110 1127 1186 finem,

128 1193 257 1256 dinania
276 1202 306 1254 et
326 1210 365 1255 ex
385 1193 509 1254 libidine
525 1201 590 1255 orta
611 1192 678 1253 sine
691 1192 818 1252 termino
834 1198 912 1252 sunt.
947 1193 1129 1255 Necessaria

156 1279 276 1339 metitur
294 1278 423 1339 utilitas:
449 1293 643 1353 supervacua
668 1292 728 1351 quo
754 1276 890 1350 redigis?
920 1278 1128 1353 voluptatibus

155 1361 258 1436 itaque
281 1377 318 1422 se
337 1368 491 1436 mergunt,
520 1361 632 1436 quibus
656 1360 686 1418 in
713 1358 963 1421 consuetudinem
988 1361 1127 1421 adductis

156 1460 261 1506 carere
281 1461 341 1504 uon
363 1450 509 1520 possunt,
530 1451 561 1505 et
579 1444 618 1505 ob
639 1443 700 1502 boc
712 1443 871 1503 miserrimi
886 1451 971 1519 suut,
991 1444 1074 1519 quod
1088 1459 1129 1504 eo

156 1534 376 1603 pervenerunt,
397 1536 431 1589 ut
450 1527 512 1590 illis
525 1543 605 1603 quac
618 1543 810 1602 supervacua
824 1528 956 1602 lucram,
975 1527 1129 1589 laetasint

156 1611 342 1672 necessaria.
376 1610 514 1672 serviunt
532 1611 637 1688 itaque
653 1611 874 1687 voluptatibus,
899 1626 960 1671 uon
981 1612 1127 1687 fruuntur,

157 1701 189 1755 et
198 1695 278 1754 mala
291 1710 362 1769 sua,
385 1695 469 1770 quod
483 1698 629 1756 malorum
642 1695 778 1768 ultimum
792 1701 853 1767 est,
874 1701 905 1757 et
917 1701 1033 1755 amant:
1056 1700 1128 1756 tunc

157 1787 255 1839 autem
276 1785 324 1839 est
342 1785 551 1840 consummata
570 1779 743 1851 infelicitas,
766 1778 818 1838 ubi
839 1779 938 1853 turpia
952 1794 1013 1839 non
1027 1779 1128 1839 solum

157 1860 321 1936 delectant,
347 1863 402 1922 sed
420 1862 509 1923 etiam
522 1863 659 1938 placent,
680 1869 712 1921 et
724 1862 834 1922 desinit
848 1877 920 1922 essa
932 1862 1067 1923 remedio
1083 1863 1128 1922 lo-

157 1960 228 2019 cus,
249 1944 302 2008 ubi
317 1961 396 2022 quae
411 1947 530 2006 luerent
542 1946 629 2019 vitia,
651 1961 754 2006 mores
765 1952 845 2006 suut.
879 1946 966 2005 Vale.

444 2078 660 2139 EPISTULA
686 2077 734 2138 ΧΙ.
762 2085 832 2154 (lo.)

407 2176 517 2229 Sirnncu
534 2176 645 2229 Lucrnro
665 2190 717 2228 suc
736 2188 874 2231 susurru.

130 2297 144 2343 1
219 2277 323 2352 Quod
346 2277 679 2354 frequentcrmihi
695 2279 854 2353 scribis,
877 2277 1127 2354 gratiasagoa

156 2377 225 2422 nam
249 2379 309 2437 quo
331 2379 393 2423 uno
414 2363 506 2422 modo
528 2369 631 2437 potes,
654 2371 685 2420 te
701 2362 772 2421 milri
788 2361 934 2423 ostendis
962 2375 1126 2435 numquam

156 2445 317 2521 epistulam
336 2452 419 2506 tuam
439 2445 571 2521 accipio,
592 2454 626 2506 ut
645 2462 706 2506 nou
722 2447 860 2520 protinus
874 2461 935 2506 una
952 2445 1058 2506 santra
1093 2441 1126 2504 Si

155 2529 303 2604 imagines
317 2530 407 2590 nobis
421 2530 588 2599 amicorum
601 2530 772 2590 absentium
786 2530 937 2591 iucundae
946 2535 1031 2601 suat,
1047 2541 1126 2603 quae

155 2614 330 2681 memoriam
348 2619 496 2674 renovant
516 2619 547 2672 et
565 2611 751 2673 desiderium
771 2614 928 2674 absentiae
940 2613 1018 2673 falso
1034 2617 1126 2686 atque

156 2695 239 2753 inani
250 2694 360 2755 solatio
371 2697 487 2755 levant:
510 2702 622 2770 quanto
634 2696 829 2758 iucundiores
841 2705 912 2759 sunt
921 2697 1037 2768 literae,
1046 2708 1126 2771 quae

156 2793 229 2836 vera
245 2776 333 2838 amici
349 2778 484 2839 absentis
499 2778 643 2854 vestigia,
663 2796 752 2840 veras
768 2787 855 2841 nolas
869 2781 1036 2841 adieruntl
1056 2793 1125 2838 nam

158 2860 240 2936 quod
261 2861 291 2921 iu
306 2869 473 2937 conspectu
487 2862 693 2924 dulcissimum
708 2871 769 2938 cst,
792 2865 824 2924 id
837 2861 925 2924 amici
938 2876 1048 2923 manus
1063 2861 1125 2937 api·

127 2944 255 3005 astulae
272 2945 415 3020 inpressa
432 2953 580 3022 praestat,
604 2963 780 3022 agnoscere.
815 2946 953 3008 -Audisse
972 2954 1002 3006 te
1016 2944 1125 3006 scribis

157 3027 356 3103 Serapionem
370 3029 602 3106 philosophum,
619 3047 688 3091 cum
704 3031 783 3092 istuc
793 3031 1006 3107 adplicuisseu
1027 3028 1126 3103 „solet

156 3128 267 3187 magno
288 3129 380 3174 cursu
400 3115 494 3174 verba
515 3116 700 3188 convellere,
729 3130 809 3189 quae
829 3130 892 3175 noa
912 3112 1041 3175 effundit
1054 3126 1125 3184 una,

138 3198 214 3257 ‹sed
228 3196 336 3272 premit
350 3204 380 3258 et
393 3205 489 3274 urget.
509 3200 598 3273 plura
612 3199 691 3259 enim
705 3199 830 3259 veniunt
842 3214 933 3274 quam
943 3195 1056 3273 quibus
1066 3209 1126 3256 una

155 3296 218 3341 vox
233 3280 395 3342 sufficiat.“
427 3283 494 3342 Hoc
509 3297 570 3342 non
585 3280 683 3357 probo
705 3282 740 3340 in
761 3281 1015 3357 philosopho,
1039 3279 1126 3339 cuius

155 3364 425 3439 pronuntiatio
455 3380 623 3443 quoque,
652 3365 755 3426 sicut
779 3365 872 3441 vita,
898 3365 1013 3424 debet
1035 3375 1126 3422 essa

156 3449 379 3523 conposita:
402 3448 475 3509 nihil
491 3457 590 3510 autem
607 3449 776 3510 ordinatum
793 3456 853 3523 est,
877 3444 1124 3524 quodpraecipi·
