2468 3930
195 258 236 323 70
480 257 514 316 L.
535 255 682 317 ANNAEI
705 253 880 316 SENECAE

153 419 186 473 15
194 411 351 486 deficitur,
376 425 433 471 sua
454 416 566 485 sponte
584 407 745 469 subsidit.“
780 406 923 467 Libenter
936 406 1030 481 haec,
1054 407 1096 469 mi
1109 409 1169 472 Lu·

195 496 256 569 cili,
269 495 361 557 audio
374 509 437 554 non
450 499 604 568 tamquam
619 507 709 565 nova,
724 491 781 551 sed
797 498 952 567 tamquam
963 490 993 550 in
1004 506 1068 553 rem
1080 509 1169 568 prae·

195 586 311 641 sentem
342 576 518 653 perductus.
561 575 639 650 Quid
662 582 765 650 ergo?
800 589 861 635 nou
892 573 1004 635 multos
1030 578 1169 651 spectavi

195 664 414 739 abrumpentes
434 659 549 721 vitamt
584 675 643 736 ego
663 674 738 719 vero
759 658 838 733 vidi,
866 659 922 720 sed
937 658 1008 734 plus
1022 663 1169 722 momenti

196 746 280 821 apud
297 761 347 807 me
365 744 492 817 habent,
523 742 575 819 qui
605 742 646 803 ad
671 749 798 803 mortem
813 742 939 804 veniunt
953 743 1021 806 sine
1035 743 1108 806 odio
1124 747 1168 805 vi·

156 832 245 890 lotae
268 836 298 890 et
322 829 481 890 admittunt
504 827 601 899 illam,
628 842 690 888 non
715 825 884 889 adtrabunt.
920 825 1018 901 „iilud
1044 827 1168 901 quidem

197 913 299 974 aiebat
313 919 495 977 tormentum
511 918 619 972 nostra
632 925 691 973 nos
712 911 827 971 sentire
847 926 959 985 opera,
990 911 1076 986 quod
1095 920 1168 975 tunc

195 995 401 1072 trepidamus,
423 1011 492 1057 curn
512 1010 610 1071 prope
630 1010 649 1055 a
667 992 758 1056 nobis
777 1008 848 1055 esse
862 994 1015 1057 credimus
1029 1003 1165 1058 mortem.

197 1097 216 1141 a
231 1097 292 1155 quo
307 1080 388 1142 enim
400 1096 463 1141 nou
479 1095 577 1155 prope
592 1086 640 1139 est
650 1084 756 1153 parata
771 1076 911 1139 omnibus
923 1077 1001 1140 locis
1011 1078 1165 1141 omnibus·

197 1179 258 1239 que
270 1161 452 1227 mumeotis‘t
471 1161 534 1223 Sed
549 1162 789 1235 consideremus,
811 1161 917 1237 inquit,
932 1169 1012 1236 tunc,
1031 1178 1100 1224 cum
1113 1163 1166 1225 aii·

197 1263 261 1323 qua
273 1263 368 1312 eausa
381 1245 530 1308 moriendi
544 1246 665 1307 videtur
678 1246 845 1319 accedere,
871 1251 984 1320 quanto
1002 1247 1080 1307 aliae
1094 1262 1165 1324 pro·

196 1332 300 1407 pieres
316 1331 385 1403 sint,
402 1346 481 1406 quae
500 1346 561 1391 non
576 1331 734 1392 timentum
755 1327 854 1389 hostis
868 1327 959 1390 alicui
972 1337 1102 1392 mortem
1113 1331 1166 1392 mi·

194 1498 291 1560 rimus
307 1513 418 1561 causas
433 1503 531 1558 metus
546 1497 657 1569 nostri,
685 1496 875 1557 inveniemus
888 1495 964 1556 alias
979 1511 1064 1572 esse,
1090 1497 1166 1560 alias

195 1581 302 1642 videri.
324 1597 386 1642 non
407 1588 535 1642 mortem
554 1580 710 1654 timemus,
735 1579 792 1640 sed
817 1578 1032 1654 cogitationem
1050 1583 1166 1644 mortis.

196 1665 235 1726 ab
249 1665 320 1741 ipsu
331 1664 411 1726 enim
423 1679 544 1740 semper
553 1665 740 1726 tantumdem
754 1663 912 1724 absumus.
933 1663 977 1723 ita
993 1663 1019 1724 si
1033 1665 1167 1727 timenda

142 1822 145 1829 ¹
195 1765 279 1810 mors
300 1756 360 1821 est,
388 1764 510 1824 semper
526 1748 659 1808 timenda
673 1755 730 1824 est,
750 1747 834 1823 quod
847 1746 927 1808 enim
941 1753 1063 1824 tempus
1077 1749 1163 1810 morti

155 1840 188 1895 18
196 1838 368 1907 exemptum
381 1838 448 1892 estt
475 1831 537 1892 Sed
552 1830 651 1892 vereri
668 1833 783 1906 debeo,
798 1847 838 1890 ne
851 1837 912 1892 tam
927 1832 1035 1906 longas
1050 1833 1165 1908 epistu-

195 1916 240 1976 las
255 1913 344 1990 peius
362 1932 453 1992 quam
467 1923 594 1978 mortem
610 1915 723 1977 oderis.
751 1915 855 1990 itaque
874 1915 968 1975 finem
987 1915 1110 1976 iaeiam=
1134 1923 1167 1979 tu

194 2006 295 2060 tamen
308 2006 434 2063 mortem
448 2007 482 2060 ut
494 2016 659 2077 numquam
675 1997 792 2074 timeas,
816 2014 938 2075 semper
948 1997 1056 2075 cogita
1077 2001 1166 2061 Vale.

500 2135 716 2196 EPISTULA
735 2138 769 2194 11.
791 2140 862 2210 (31.)

443 2230 553 2285 Seneca
571 2235 684 2286 Lucum
704 2246 756 2287 suo
774 2247 914 2289 susurru.

166 2346 182 2399 1
257 2339 403 2411 Agnosco
426 2336 573 2400 Lucilium
591 2354 708 2400 meum=
736 2339 842 2415 incipit
862 2354 952 2415 quem
973 2337 1166 2415 promiserat,

196 2418 350 2480 exhibere.
374 2436 540 2496 sequere
562 2422 667 2483 illum
686 2423 859 2498 inpetum
876 2423 1008 2498 animi,
1030 2438 1102 2500 quo
1121 2418 1168 2482 ad

195 2505 341 2578 optima
367 2521 544 2581 quaeque
570 2505 740 2567 caleatis
767 2506 1027 2582 popularibus
1051 2504 1166 2566 bonis

196 2587 297 2646 ibasr
320 2603 382 2646 uon
397 2587 541 2648 desidero
556 2588 702 2650 maiorem
715 2591 935 2667 melioremque
948 2599 980 2652 te
992 2590 1058 2651 deri
1074 2604 1167 2665 quam

195 2668 379 2730 moliebaris.
412 2671 620 2733 Fundamenta
635 2679 687 2733 tua
707 2673 832 2735 multum
846 2675 906 2736 loci
921 2679 1167 2749 occuparer-unta

194 2759 310 2812 tantum
328 2752 433 2828 eiiice,
454 2761 599 2828 quantum
613 2765 740 2818 conatus
754 2773 790 2817 es
801 2765 831 2819 et
844 2758 910 2833 ilia,
929 2772 1010 2833 quae
1023 2764 1122 2818 tecum
1138 2755 1169 2817 in

164 2841 182 2894 2
197 2834 296 2895 anino
311 2836 420 2909 tulisti,
435 2843 539 2899 tracta.
571 2840 621 2900 Ad
636 2857 784 2902 summam
799 2843 924 2917 sapiens
940 2840 1011 2916 eris,
1026 2841 1053 2902 si
1069 2842 1169 2901 cluse·

193 2917 236 2978 ris
251 2934 351 2995 aures,
366 2919 477 2995 quibus
496 2938 596 2982 ceram
612 2941 720 2999 parum
731 2932 779 2987 eet
790 2925 920 2986 obdere=
940 2923 1074 2986 firmiore
1084 2924 1168 2998 spis-

194 3011 331 3065 samento
358 3021 437 3080 opus
459 3014 506 3067 est
527 3024 618 3083 quam
638 3010 669 3069 in
690 3009 784 3069 sociis
804 3025 895 3070 usum
914 3009 1033 3070 Ulixem
1056 3008 1168 3068 ferunt.

193 3084 247 3147 ilia
259 3103 330 3163 vox,
350 3104 429 3163 quae
443 3086 611 3165 timebatur,
627 3098 692 3153 erat
704 3092 827 3167 hianda,
840 3109 903 3154 non
914 3099 1017 3154 tamen
1027 3090 1168 3168 publicae

193 3170 329 3246 ethaeo,
352 3187 431 3246 quae
446 3173 580 3235 timendo
594 3183 656 3250 est,
679 3192 741 3236 nou
757 3191 797 3235 ex
810 3193 871 3238 uno
887 3177 1034 3252 scopulo,
1054 3174 1169 3237 sodex

192 3255 275 3314 omni
289 3262 436 3316 terrarum
452 3265 537 3332 parte
560 3259 773 3320 circumsonat.
808 3259 1044 3321 Praetervehere
1063 3258 1170 3333 itaque

193 3353 255 3398 non
270 3356 365 3400 unum
379 3342 481 3402 locum
497 3341 647 3403 insidiosa
658 3344 815 3419 voluptate
828 3350 1017 3419 suspectum,
1032 3341 1089 3403 sed
1104 3356 1170 3401 om·

193 3436 252 3482 nes
273 3423 376 3484 urbes.
397 3426 525 3485 surdum
543 3431 573 3485 te
598 3418 813 3488 amantissimis
834 3426 896 3489 tuis
917 3434 1057 3503 praesta:
1085 3425 1171 3486 bono

192 3503 294 3566 animo
306 3507 386 3566 mata
402 3515 573 3581 precantur.
596 3517 626 3570 et
641 3510 668 3570 si
682 3525 754 3571 esse
767 3511 815 3570 vis
829 3509 921 3586 ielix,
942 3510 1021 3572 deos
1039 3524 1109 3583 ore,
1129 3523 1173 3568 ne
