2468 3930
147 241 210 306 1⁹8
435 239 469 300 L.
491 238 638 299 ANNAEI
659 236 837 301 SENECAE

146 396 214 470 ista,
225 393 419 454 transierunt.
447 390 520 466 quid
532 392 616 451 iuvat
626 389 808 465 praeteritos
820 389 945 451 dolores
956 397 1124 453 retractare

146 487 178 541 et
196 478 341 538 miserum
362 492 449 549 esse,
472 474 545 550 quia
565 471 682 533 luerist
721 473 815 546 Quid,
842 473 926 549 quod
947 490 1039 536 nemo
1060 491 1122 536 non

146 563 273 623 multum
293 559 382 619 malis
403 559 468 619 suis
489 557 581 617 adicit
594 565 625 616 et
638 557 697 617 sibi
711 557 780 632 ipse
795 558 958 618 mentitur-t
991 558 1124 633 (Deinde

146 646 233 722 quod
247 643 391 705 acerbum
405 644 474 715 luit,
496 641 639 701 retulisse
659 640 825 701 iucundum
839 647 902 701 est:
923 644 1063 703 naturale
1076 651 1124 704 est

147 729 218 790 mali
239 727 287 788 sui
309 727 370 786 fine
390 726 550 800 gaudere.)
593 724 845 785 Circumcidenda
863 740 940 800 ergo
958 725 1021 787 dun
1042 735 1123 801 sunt,

147 821 178 874 et
198 811 290 872 futuri
311 811 400 869 timor
420 816 450 870 el
471 809 582 868 veteris
604 807 790 869 incommodi
811 809 975 868 memoria:
1000 809 1062 871 hoc
1083 811 1122 872 ad

106 904 138 956 15
146 912 196 956 me
209 896 269 954 iam
283 911 344 953 non
362 894 504 968 pertinet,
520 891 593 952 illud
610 892 755 953 nondum.
786 891 821 950 ln
836 893 913 969 ipsis
930 895 1050 968 positus
1065 895 1122 956 dii·

146 979 330 1040 iicultalibus
345 979 440 1037 dicat:

320 1062 430 1137 sorren
443 1068 472 1122 el
484 1062 560 1122 boec
572 1063 641 1121 olim
654 1063 818 1122 mutasse
831 1061 950 1122 mabil.

145 1147 222 1208 Toto
243 1155 349 1208 contra
369 1147 452 1205 illurn
473 1152 588 1219 pugnet
607 1143 725 1204 animoa
755 1145 908 1219 vincetur,
934 1145 961 1206 si
984 1148 1122 1209 cesserit

147 1231 262 1302 vincet,
284 1231 311 1291 si
331 1246 367 1289 se
387 1236 492 1289 contra
507 1229 646 1288 dolorem
663 1244 752 1288 suum
767 1228 946 1290 intenderilz
968 1246 1050 1291 nunc
1063 1231 1122 1294 boc

147 1315 286 1392 plerique
301 1314 428 1384 iaciunt,
450 1312 612 1372 adtrabunt
627 1313 656 1374 in
673 1327 708 1372 se
721 1312 854 1386 ruinam,
875 1311 924 1373 oni
937 1312 1121 1376 obstandum

147 1405 204 1459 est.
237 1398 322 1458 lstud
338 1397 422 1470 quod
437 1396 560 1470 premit,
582 1396 667 1471 quod
682 1394 842 1472 inpendet,
863 1395 950 1472 quod
964 1403 1064 1473 urget,
1090 1400 1119 1458 si

147 1480 322 1542 subducere
336 1490 366 1541 te
380 1479 537 1553 coeperis,
559 1487 707 1555 sequetur
720 1487 751 1540 et
764 1479 890 1555 gravius
904 1481 1069 1542 incumbam
1089 1481 1119 1542 si

105 1572 139 1626 16
147 1570 253 1626 contra
279 1562 398 1624 steteris
428 1572 457 1623 et
476 1561 569 1622 obniti
592 1564 742 1636 volueris,
768 1564 942 1639 repelletur.
976 1563 1120 1626 Athletae

147 1656 291 1724 quantum
304 1649 462 1723 plagarum
477 1663 547 1720 ore,
565 1656 709 1722 quantum
721 1655 784 1709 toto
799 1663 932 1724 corpore
944 1647 1122 1724 excipiunt?

146 1733 247 1794 lerunt
260 1739 360 1791 tamen
376 1747 467 1791 omne
482 1738 663 1792 tormentum
676 1733 792 1806 gloriae
803 1731 969 1807 cupiditate
983 1747 1042 1792 nec
1056 1741 1120 1793 lan·

145 1825 225 1890 tum,
243 1815 313 1891 quia
330 1823 478 1890 pugnant,
494 1816 552 1876 ista
565 1816 733 1891 patiuntur,
749 1815 806 1877 sed
816 1824 850 1877 ut
865 1822 1009 1891 pugnent
1032 1832 1120 1877 exer·

147 1900 249 1960 citatio
264 1901 333 1975 ipsa
343 1907 523 1961 tormentum
533 1908 595 1961 esu
610 1917 669 1961 nos
682 1916 807 1976 quoque
818 1899 997 1962 evincamus
1009 1900 1120 1974 omniu,

146 2000 277 2059 quornm
292 1984 458 2059 praemium
471 2001 531 2044 non
547 2001 663 2046 corona
678 2000 735 2045 nec
751 1984 852 2059 palma
866 1990 984 2045 estnec
998 1983 1122 2046 tubicen

147 2067 369 2144 praedicationi
380 2068 511 2128 nominis
523 2070 620 2128 nostri
635 2069 789 2129 silentium
802 2067 933 2142 iaciens,
948 2069 1008 2129 sed
1022 2069 1121 2131 virtus

146 2160 177 2213 et
197 2153 325 2212 firmitas
351 2152 442 2211 animi
466 2161 496 2213 et
516 2169 577 2228 pax
597 2153 628 2212 in
649 2160 782 2213 ceterum
801 2159 903 2228 parta,
925 2152 952 2212 si
973 2154 1071 2214 semel
1089 2152 1120 2215 iu

105 2236 247 2311 llaliquo
264 2237 427 2296 certamine
438 2237 591 2297 debellata
604 2238 725 2298 fortuna
738 2243 796 2297 est.
820 2236 984 2310 „Dolorem
994 2252 1122 2312 gravem

146 2321 277 2381 sentio.“
312 2321 390 2394 Quid
405 2328 501 2395 ergot
527 2337 590 2380 non
606 2322 717 2393 sentis,
735 2319 762 2381 si
778 2321 861 2380 illum
876 2319 1063 2382 muliebriter
1075 2329 1120 2383 tu·

146 2404 240 2465 lerist
266 2405 526 2478 Quemadmodum
539 2405 742 2481 perniciosior
752 2403 908 2466 estbostis
923 2403 1120 2480 fugientibus,

146 2489 191 2548 sic
210 2505 300 2549 omne
320 2489 474 2549 fortuitum
494 2489 720 2549 incommodum
734 2488 832 2563 magis
847 2490 940 2549 instat
953 2488 1076 2550 cedenti
1089 2495 1121 2549 et

145 2587 268 2632 averso.
298 2571 383 2644 „Sed
398 2588 492 2646 grave
507 2578 585 2634 est.“
620 2573 720 2647 Quid?
739 2589 798 2633 nos
820 2573 860 2633 ad
880 2573 941 2653 boc
957 2573 1053 2634 lorteo
1068 2589 1120 2636 su-

145 2670 229 2726 mus,
243 2660 276 2714 nt
287 2654 367 2714 levia
379 2663 556 2730 portemus?
575 2658 682 2718 Utrum
696 2657 743 2717 vis
758 2658 883 2731 longum
894 2673 966 2718 esse
979 2656 1120 2718 morbum

145 2753 184 2796 an
200 2737 384 2798 concitatum
400 2746 429 2797 et
445 2736 591 2799 brevcmt
624 2741 651 2800 si
666 2742 778 2815 longus
795 2748 858 2815 est,
882 2740 975 2801 babet
989 2741 1120 2807 interca.-

145 2819 302 2895 pedinem,
325 2823 376 2882 dat
395 2823 552 2883 refectioni
567 2825 683 2899 locum,
706 2825 831 2886 multum
852 2823 1001 2901 temporis
1015 2825 1120 2899 donat,

145 2919 275 2965 necesse
294 2912 356 2977 est,
378 2913 412 2966 ut
432 2912 584 2983 exsurgat,
605 2915 636 2969 et
656 2907 785 2969 desinat.
818 2907 924 2969 brevis
940 2907 1068 2991 morbus
1082 2924 1120 2969 ac

146 3004 294 3065 praeceps
317 2991 492 3052 alterutrum
517 2993 620 3054 faciet:
641 2999 695 3054 aut
713 2993 923 3067 exstinguetur
936 2999 989 3054 aut
1001 2992 1117 3054 exstin-

144 3081 225 3148 guet.
261 3075 334 3150 quid
348 3084 449 3137 autem
466 3077 604 3151 interest,
629 3092 690 3136 non
706 3077 798 3137 sitan
813 3094 874 3138 non
891 3077 971 3137 siml
990 3077 1118 3139 inutra-

102 3163 204 3233 teque
225 3158 295 3220 linis
315 3160 439 3220 dolendi
458 3169 515 3222 est.
546 3161 645 3222 illud
668 3177 826 3237 quoque
847 3159 1044 3236 proderit,
1071 3161 1119 3221 ad

143 3241 242 3304 alias
268 3244 533 3319 cogitationes
560 3252 741 3306 avertere
769 3245 931 3305 animum
953 3250 991 3304 et
1009 3261 1029 3306 a
1048 3243 1116 3305 do·

143 3327 228 3386 lore
243 3328 466 3389 discedere:
486 3330 587 3404 cogita
603 3329 676 3404 quid
690 3330 835 3405 honeste,
850 3329 926 3405 quid
940 3328 1059 3390 fortiter
1072 3327 1117 3389 ie-

143 3411 232 3470 ceris.
262 3413 361 3473 bonas
377 3421 481 3488 partes
496 3421 596 3474 tecum
610 3412 680 3489 ipse
697 3420 801 3475 tracta
828 3413 1007 3475 memoriam
1023 3413 1056 3473 in
1068 3426 1118 3487 ee,

142 3507 223 3569 quae
242 3496 373 3556 maxime
394 3497 519 3557 miratus
540 3514 589 3572 es,
611 3513 734 3574 sparge.
770 3504 843 3559 tunc
859 3495 914 3558 tibi
928 3495 1117 3561 fortissimus
