2468 3930
197 265 262 330 4³4
510 270 541 326 L.
553 268 691 326 ΑΝΝΑΕΙ
705 267 869 328 SENECAE

200 438 298 479 carere
308 426 427 492 poterat.
445 421 644 492 potionemque
658 421 762 475 nullam
778 420 831 476 nisi
848 421 959 477 alterius
977 427 1079 481 tactam
1093 426 1181 484 labris

198 503 243 564 vir
256 511 282 560 et
293 520 364 559 uxor
375 503 556 572 hauriebant,
573 503 628 557 alia
643 503 778 574 deinceps
796 520 854 560 nou
865 505 955 560 minus
968 505 1063 579 inepta
1073 511 1179 566 facien

150 594 188 648 84
199 597 256 656 tes,
268 589 297 642 in
310 603 381 658 quae
393 586 553 657 improvida
563 587 608 642 vis
621 585 744 642 ardentis
757 586 883 643 adiectus
895 591 1069 662 erumpebat.
1094 592 1180 666 Origo

199 670 313 743 quidem
331 669 434 725 amoris
451 669 571 725 honesta
590 675 663 737 erat,
687 669 740 725 sed
759 670 922 742 magnitudo
937 671 1087 730 deformisa
1112 677 1180 732 nihil

199 762 292 811 autem
304 754 434 821 interest,
454 769 537 824 quam
555 769 591 808 ex
607 752 727 808 honesta
739 770 825 809 causa
837 755 899 825 quis
911 755 1041 814 insaniat.
1063 759 1138 816 unde
1153 767 1181 816 et

199 837 310 895 Sextius
323 837 352 891 in
363 837 522 892 sententiis=
534 836 663 907 „adulter
672 842 723 906 est,
735 838 831 908 inquit,
841 839 870 893 in
880 854 961 895 suam
971 856 1087 895 uxorem
1099 859 1178 898 ama-

199 928 242 978 tor
254 920 427 977 ardentior.“
459 920 491 975 In
506 920 598 976 aliena
611 920 715 993 quippe
725 937 814 976 uxore
831 923 922 978 omnis
935 938 1012 979 amor
1022 924 1110 995 turpis
1123 932 1177 995 est,

151 1010 186 1064 85
198 1006 228 1060 in
240 1021 292 1060 sua
304 1003 415 1059 nimius.
439 1000 560 1076 Sapiens
574 1003 619 1060 vir
630 1002 732 1059 iudicio
746 1003 830 1061 debet
841 1022 936 1062 amare
948 1006 1104 1078 coniugem,
1119 1024 1176 1063 non

200 1088 312 1147 affectu.
336 1091 417 1158 reget
433 1087 553 1158 impetus
569 1087 719 1157 voluptatis
738 1104 791 1143 nec
804 1104 943 1161 praeceps
960 1091 1063 1145 leretur
1077 1090 1107 1145 in
1119 1092 1176 1147 coi·

199 1179 271 1227 tuma
299 1169 367 1225 nihil
385 1175 428 1225 est
444 1170 555 1225 ioedius
570 1185 654 1240 quam
667 1186 785 1225 uxorem
803 1187 898 1227 amare
914 1173 995 1243 quasi
1012 1173 1174 1231 adulteram.

201 1254 281 1311 Certe
299 1254 346 1324 qui
362 1252 457 1309 dicunt
470 1271 502 1309 se
517 1269 603 1309 causa
613 1254 783 1325 reipublicae
795 1258 823 1311 et
834 1256 947 1327 generis
958 1255 1074 1312 humani
1084 1258 1173 1312 uxori·

199 1340 251 1394 bus
269 1338 347 1409 iungi
366 1342 393 1392 et
409 1337 513 1392 liberos
531 1337 644 1407 tollere,
662 1338 803 1393 imitentur
813 1340 912 1394 saltem
925 1340 1053 1410 pecudes
1065 1346 1091 1396 et
1100 1345 1173 1413 posi·

201 1437 284 1493 quam
300 1436 417 1476 uxorem
427 1427 527 1477 venter
537 1420 708 1492 intumuerit,
722 1437 780 1477 non
789 1421 910 1494 perdant
923 1421 1012 1495 lilios,
1032 1441 1086 1480 neo
1101 1440 1174 1480 ama·

153 1510 188 1567 86
200 1513 275 1562 tores
288 1503 422 1562 uxoribus
434 1520 466 1559 se
474 1503 623 1560 exhibeant
634 1504 687 1560 sed
698 1505 821 1560 maritos.
843 1504 1025 1572 Quomndam
1036 1507 1175 1563 matrimo-

200 1590 247 1644 nia
268 1588 410 1644 adulteriis
431 1586 619 1644 cohaeserunt
639 1593 680 1659 et,
703 1606 719 1644 o
747 1605 807 1643 rem
827 1588 997 1661 improbam,
1019 1590 1104 1647 iidem
1123 1591 1175 1654 illis

199 1671 360 1745 pudicitiam
370 1678 591 1743 praeceperunt,
606 1671 654 1741 qui
668 1673 845 1728 abstulerant.
867 1673 960 1743 itaque
972 1673 1027 1730 cito
1039 1674 1175 1731 eiusmodi

200 1755 309 1826 nuptias
328 1755 440 1811 satietas
458 1755 549 1813 solvit
576 1770 660 1825 quum
676 1756 796 1827 primum
810 1756 978 1813 lenocinium
991 1757 1113 1814 libidinis
1128 1759 1176 1814 ab·

201 1839 313 1906 soessit,
333 1839 408 1909 quod
423 1840 539 1908 libebat,
563 1838 667 1895 eviluit.

153 1932 186 1987 87
262 1921 332 1978 ibid.
344 1938 368 1982 c.
380 1926 454 1995 ³⁰1⁹·
467 1926 527 1981 192.

262 2005 351 2076 „Nam
363 2006 445 2077 quid,
457 2003 618 2076 aitSeneca,
630 2004 666 2061 de
679 2004 748 2062 viris
757 2006 929 2077 pauperibus
941 2005 1046 2076 dicam,
1057 2022 1176 2078 quorum

199 2090 227 2145 in
238 2106 341 2146 nomen
355 2090 445 2146 mariti
455 2089 493 2146 ad
504 2087 659 2144 eludendas
671 2090 766 2161 leges,
779 2104 851 2159 quae
863 2095 959 2146 contra
970 2090 1091 2146 caelibes
1102 2092 1175 2147 latae

199 2180 276 2244 sunt,
293 2190 359 2247 pars
378 2190 481 2246 magna
498 2172 685 2229 conducitur?
706 2172 847 2244 quomodo
861 2178 954 2245 potest
964 2189 1067 2245 regere
1081 2190 1175 2230 mores

200 2263 227 2314 et
248 2258 413 2331 praecipere
438 2258 591 2313 castitatem
614 2263 641 2313 et
664 2256 754 2312 mariti
776 2258 966 2313 auctoritatem
987 2263 1101 2330 torrere,
1129 2257 1176 2328 qui

200 2341 340 2415 nupsitt“

154 2437 189 2491 38
264 2424 324 2501 [Ex
336 2424 444 2482 schedia
453 2425 538 2482 Pauli
548 2423 669 2481 Sadolcti
677 2423 754 2496 apud
762 2423 881 2480 Amoud
895 2423 933 2480 du
943 2422 1054 2482 Ferrea
1062 2425 1092 2482 in
1106 2424 1174 2482 Con-

199 2510 353 2566 suetudioea
366 2509 582 2581 Bordc’pclensas
592 2512 766 2564 cononum.
784 2506 885 2580 (rupo.
898 2509 991 2576 1⁶65.)
1003 2525 1072 2582 pap.
1086 2512 1136 2567 lll
1150 2513 1176 2564 et

197 2595 226 2648 in
236 2592 381 2648 Michaelis
396 2591 510 2662 Maesti,
530 2592 632 2648 rodalca
648 2591 839 2664 Acpustinioni
854 2590 981 2648 lebroma.
1000 2592 1035 2648 dc
1053 2594 1174 2649 monsb-

198 2675 277 2731 nibus
286 2676 391 2740 soccis,
404 2677 440 2730 aa
453 2676 487 2731 da
497 2677 673 2732 continentis.-

259 2756 476 2828 „Cordubenses
490 2759 594 2828 nostri,
613 2763 641 2813 ut
652 2757 771 2813 maxime
787 2755 935 2835 laudarunt
950 2759 1076 2829 nuptias,
1094 2758 1133 2814 ita
1149 2763 1174 2814 et

200 2840 247 2911 qui
260 2842 320 2896 sine
331 2841 375 2896 his
388 2843 600 2912 convenissent,
613 2842 791 2897 excluserunt
801 2840 924 2896 cretione
938 2839 1134 2911 hereditatum,
1148 2847 1174 2896 et

199 2924 254 2980 iam
264 2930 375 2998 pactam
386 2942 421 2982 ne
433 2929 529 2983 osculo
544 2925 671 2997 quidem,
688 2924 742 2979 nisi
759 2921 854 2987 Cereri
870 2923 1002 2982 iecissent
1014 2932 1041 2982 et
1051 2925 1173 2998 hymnos

199 3011 379 3081 cecinissent,
401 3012 497 3084 attingi
514 3012 670 3069 voluerunt.
698 3005 729 3064 Si
741 3008 802 3079 quis
815 3009 912 3064 osculo
926 3010 986 3066 solo
1005 3011 1111 3080 [octo]
1122 3025 1173 3082 pa·

197 3096 320 3150 rentibus
332 3100 379 3150 aut
395 3096 493 3152 vicinis
509 3109 566 3151 non
584 3091 713 3149 adhibitis
734 3092 884 3163 attigisset,
905 3092 971 3150 huic
988 3094 1173 3151 abducendae

198 3179 310 3250 quidem
324 3195 446 3251 sponsae
463 3180 506 3235 ius
524 3183 597 3248 erat,
619 3177 656 3232 ita
671 3182 778 3245 tamen,
800 3180 830 3231 ut
846 3177 926 3232 tertia
940 3183 1020 3250 parte
1035 3178 1173 3233 bonorum

198 3265 324 3320 sobolem
336 3280 416 3321 suam
426 3280 545 3339 parens,
562 3261 586 3317 si
601 3261 700 3332 vellet,
716 3254 885 3336 multaret.“]
