2468 3930
151 222 214 287 214
440 221 474 281 L
489 220 636 280 ANNAEI
658 219 835 281 SENECAE

149 393 222 439 non
247 390 346 436 ess-e.
379 373 452 433 libet
472 374 567 447 enim,
589 373 686 434 Lucili
711 372 844 434 virorum
867 374 997 450 optime,
1023 375 1129 439 ridere

148 461 278 536 ineptias
293 459 446 530 GraeoaS,
464 473 542 532 quas
557 457 702 531 nondum,
715 457 858 532 quamvis
875 458 975 533 mirer,
990 458 1128 521 excussi.

120 547 250 606 9Zenon
267 548 372 603 noster
385 540 443 600 hae
458 541 756 602 eoiieotione'utitum
779 541 920 616 „Nuiium
934 543 1048 604 malum
1060 545 1128 619 gio·

146 630 334 689 r10sumest.
360 641 446 685 mors
467 631 567 685 autem
578 624 716 700 gloriosa
730 631 792 686 esta
812 640 896 687 mors
909 641 988 701 ergo
1003 642 1066 687 nou
1075 634 1130 690 -est

147 714 291 772 malum.“
325 708 497 770 Profeusti:
524 706 668 770 liberatus
690 726 757 770 sum
774 715 870 769 metu.
902 709 1050 785 posthae
1063 728 1141 773 non.

149 793 293 857 dubitabo
311 793 469 869 porrigere
482 793 643 853 eervieem.
669 793 737 854 Non
752 793 799 854 vis
814 793 954 854 severius
969 793 1056 870 ioqui
1066 811 1129 856 neo

147 880 292 942 morituro
313 879 410 938 risum
427 883 576 939 moveret
605 892 668 937 non
687 877 880 938 mehercules
901 879 994 938 facile
1013 878 1068 940 tibi
1076 880 1128 940 :di-

148 963 260 1038 xerim,
280 968 380 1022 utrum
400 960 531 1037 ineptior
551 962 655 1036 fuerit,
683 962 735 1036 qui
756 977 792 1022 se
810 960 870 1021 hae
889 963 1129 1039 interrogatione

147 1047 293 1108 iudicavit
306 1047 410 1106 mortis
425 1054 538 1106 metum
552 1046 755 1120 exstinguere,
770 1061 808 1105 an
821 1045 873 1121 qui
882 1045 957 1120 :hoa
970 1055 1128 1123 wnquam

107 1132 187 1199 10ad
206 1147 271 1190 rem
291 1130 470 1206 pertineret,
492 1136 620 1190 oouoms
641 1136 689 1190 est
708 1131 839 1189 solvere
864 1137 984 1190 namet
997 1131 1066 1206 ipse
1078 1129 1127 1191 in-

145 1216 379 1290 terrogationem
400 1212 583 1275 contrariam
603 1212 747 1287 obposuit
772 1228 812 1272 ex
835 1229 874 1274 eo
898 1219 1014 1289 natum,
1041 1215 1129 1290 quod

145 1307 272 1361 mortem
282 1298 361 1359 inter
371 1297 574 1358 indifferentia
584 1298 736 1372 ponimus,
749 1312 828 1372 quae
840 1287 1128 1376 ddcdpopaGraeoi

145 1390 266 1444 vocant.
295 1380 409 1456 ‚,Nihii,
433 1381 546 1456 inquit,
568 1380 746 1441 indifferens
766 1379 934 1455 gloriosum
947 1390 1011 1442 est.
1037 1397 1125 1442 mors

145 1473 246 1527 autem
269 1464 437 1540 gloriosum
462 1472 523 1524 est:
549 1480 622 1539 ergo
646 1481 731 1525 mors
755 1480 817 1524 non
845 1471 892 1525 est
915 1463 1125 1525 indifferens.“

144 1549 228 1609 Haeo
247 1548 442 1623 interrogatio
462 1549 552 1608 vides
578 1549 630 1609 ubi
650 1549 792 1624 obrepatz
817 1564 902 1608 mors
919 1565 981 1610 aon
994 1549 1125 1623 estgio·

144 1634 245 1707 riusa,
261 1633 317 1692 sed
331 1632 447 1693 sortiter
460 1632 539 1692 mori
553 1632 721 1706 gloriosum
737 1640 795 1693 est
822 1639 855 1692 et
864 1648 938 1692 eum
950 1631 1044 1693 diois:
1058 1630 1126 1705 „in-

146 1715 293 1776 differens
308 1716 381 1776 nihii
396 1715 565 1790 gloriosum
575 1724 626 1778 est
633 1721 660 1789 “,
676 1717 815 1777 eoneedo
830 1716 884 1776 tibi
898 1716 952 1790 ita,
974 1722 1010 1777 ut
1023 1716 1127 1776 diuam

145 1800 218 1859 nihil
232 1799 399 1874 gloriosum
413 1815 485 1860 esse
499 1800 558 1860 nisi
573 1802 654 1862 cirea
667 1800 885 1874 indifferentia,
898 1808 1054 1876 tamquam
1069 1800 1125 1877 [ia-

145 1883 315 1963 differentia
335 1899 407 1944 esse
422 1884 507 1957 dieo,
527 1883 558 1944 id
575 1892 622 1946 est
635 1901 693 1946 neo
703 1885 789 1946 bona
809 1899 867 1944 nae
878 1884 976 1958 maia,
995 1884 1123 1956 seilicet]

103 1966 299 2041 llmorbum,
315 1969 468 2042 dolorem,
485 1977 710 2043 paupertatem,
732 1969 871 2042 exitium,
886 1973 1024 2028 mortem.
1051 1967 1125 2026 ailrii

143 2052 252 2113 horum
268 2067 324 2126 per
339 2068 373 2113 se
388 2053 557 2127 gloriosum
572 2059 634 2128 est,
649 2052 722 2113 nihil
737 2060 837 2113 tamen
851 2053 918 2112 sine
930 2051 992 2112 bis.
1018 2051 1125 2112 lauda-

143 2142 192 2196 tur
212 2135 291 2194 enim
312 2151 430 2212 pauper
451 2135 678 2210 voluntarius*,
703 2153 764 2198 non
784 2144 964 2211 paupertas,
986 2135 1045 2196 sed
1062 2135 1124 2209 iiie,

144 2234 234 2294 quem
255 2226 421 2295 paupertas
442 2237 505 2283 non
526 2220 685 2294 submittit,
705 2237 766 2282 nee
785 2219 955 2280 incurvat*.
984 2219 1125 2280 laudatar

143 2320 204 2364 non
223 2303 363 2380 exilium,
383 2304 440 2365 sed
461 2306 512 2365 ille
524 2303 671 2378 Rutilius,
694 2305 747 2379 qui
767 2304 874 2365 fortior
894 2303 926 2363 in
938 2300 1124 2364 exitiumue

143 2391 238 2449 voluit
250 2405 341 2464 quam
358 2389 501 2450 misisset.
531 2389 670 2450 laudatur
683 2406 745 2449 non
760 2389 862 2463 dolor,
878 2388 935 2448 sed
949 2386 1017 2459 iiie,
1033 2402 1124 2462 quem

144 2471 218 2532 nihil
233 2474 333 2546 coegit
348 2473 446 2533 dolor.
464 2489 558 2533 nemo
574 2480 701 2534 mortem
715 2473 833 2546 iaudat,
855 2471 912 2533 sed
927 2485 1012 2545 eum,
1034 2469 1124 2531 ouius

103 2567 225 2618 lamors
240 2563 311 2615 ante
322 2556 447 2616 abstulit
461 2557 592 2619 anirnum
608 2573 699 2632 quam
711 2554 915 2616 eonturbavit
945 2552 1125 2615 Omuiaista

142 2654 197 2713 per
219 2653 255 2698 se
276 2654 337 2697 non
359 2646 431 2698 sunt
449 2639 580 2700 honesta
600 2656 656 2701 uec
670 2639 820 2715 gloriosa,
847 2638 904 2699 sed
919 2635 1069 2713 quiequid
1083 2652 1124 2696 ex

142 2720 200 2779 iitis
216 2721 312 2781 virtus
328 2722 402 2781 adiit
414 2724 632 2798 tractavitque,
652 2724 815 2784 honestum
835 2729 869 2782 et
886 2722 1060 2797 gioriosum
1079 2720 1122 2780 ia-

142 2805 196 2863 eit=
212 2804 263 2863 itia
279 2803 311 2862 in
325 2805 426 2866 medio
442 2808 543 2883 posita
560 2815 639 2868 sunt.
668 2807 807 2880 interest,
819 2813 923 2867 utrum
937 2804 1052 2866 malitia
1063 2801 1123 2864 iltis

141 2903 180 2946 an
194 2887 289 2947 virtus
305 2905 427 2949 manum
442 2892 621 2952 admoverit
650 2908 733 2953 mors
749 2888 912 2963 animilia,
928 2888 1053 2964 quaein
1067 2886 1124 2948 Oa·

141 2979 211 3032 tone
237 2972 373 3046 gloriosa
395 2981 455 3048 est,
484 2976 514 3034 in
534 2976 627 3036 Bruto
650 2976 750 3037 statim
773 2973 872 3049 turpis
890 2979 943 3033 est
962 2978 994 3032 et
1015 2970 1123 3032 erube

141 3056 266 3116 suenda.
295 3056 344 3117 hio
367 3066 415 3118 est
435 3059 515 3119 enim
531 3059 659 3131 Brutus,
684 3060 736 3134 qui
754 3074 826 3118 eum
847 3057 1001 3132 periturus
1015 3053 1122 3116 mortis

140 3156 242 3200 moras
264 3148 438 3217 quaereret,
467 3144 507 3202 ad
528 3142 758 3203 exonerandum
783 3149 919 3202 ventrem
938 3140 1075 3202 secessit
1095 3144 1125 3199 et

90 3233 92 3237 ·
138 3232 287 3285 evocatus
301 3225 340 3285 ad
351 3233 479 3286 mortem
489 3224 659 3302 iussusque
671 3227 821 3301 praebere
833 3222 1000 3285 eervieema
1016 3237 1124 3299 „prae

139 3305 234 3381 bebo,
248 3309 361 3384 inquit,
377 3308 419 3370 ita
433 3310 565 3370 vivam.“
591 3309 675 3383 Quae
690 3309 842 3370 dementia
855 3315 904 3369 est
918 3308 1035 3382 iugera
1055 3322 1124 3367 oum

138 3392 284 3453 retroire
312 3408 374 3452 non
398 3395 524 3468 possisr
564 3393 762 3468 „Praebebo,
787 3392 899 3467 iuquit,
924 3390 967 3451 ita
993 3391 1148 3451 vivam.“·

139 3483 239 3544 paene
262 3475 388 3536 adiecit=
416 3480 485 3550 „vel
501 3478 558 3538 sub
572 3478 737 3539 Antonio.“
771 3492 790 3537 o
812 3475 966 3537 hominem
987 3473 1124 3550 dignum,
