2468 3930
137 229 179 294 46
426 231 459 289 L.
479 229 626 289 ANNAEI
646 229 820 291 SENECAE

135 384 280 442 referam:
304 397 373 440 cum
386 381 552 440 idomeneo
568 379 715 440 scriberet
730 387 760 441 et
772 380 854 439 illum
866 397 884 441 a
894 381 957 440 vita
968 379 1116 457 speciosa

136 467 176 526 ad
197 467 319 525 fidelem
345 464 546 539 stabilemque
571 463 697 538 gloriam
717 472 877 525 revocaret
899 463 1018 539 rigidae
1041 472 1115 527 tunc

136 551 290 626 potentiae
305 549 473 608 ministrum
488 553 517 608 et
529 563 640 622 magna
649 554 841 609 tractantem=
863 547 919 622 „st
938 548 1050 624 gloria,
1068 551 1114 611 iu·

136 635 215 710 quit,
238 631 388 707 tangeris,
414 632 562 691 notiorem
578 632 727 706 epistulae
746 647 833 692 meae
848 639 878 692 te
891 632 1004 692 facient
1021 650 1115 708 quam

106 716 237 779 domnia
257 717 330 789 ista,
353 731 433 789 quae
453 715 530 774 colis
551 722 581 775 et
601 722 728 791 propter
745 731 825 790 quae
847 717 988 775 coleris.“
1021 716 1114 779 Num-

135 802 210 877 quid
225 816 298 874 ergo
315 801 455 859 mentitus
471 805 539 858 est?
561 799 631 874 quis
645 800 812 860 Idomenea
825 808 947 872 nosset,
969 799 1029 861 nisi
1040 800 1113 878 Epi·

135 901 226 946 curus
242 885 325 944 illum
340 884 405 943 suis
418 880 513 943 literis
524 883 704 943 incidisset?
725 898 832 944 omnes
843 883 912 943 illos
925 885 1112 958 megistanas

135 978 164 1030 et
179 976 320 1044 satrapas
335 973 366 1028 et
378 982 482 1041 regem
499 966 614 1042 ipsum,
640 981 752 1040 exque
769 967 924 1028 Idomenei
938 966 1043 1030 titulus
1057 985 1112 1044 pe

134 1054 262 1125 tebatur,
285 1051 397 1112 oblivio
413 1050 472 1111 alta
494 1050 675 1125 subpressit.
697 1051 829 1111 ·Nomen
843 1051 935 1112 Attici
949 1052 1050 1127 perire
1064 1052 1109 1112 θ’»

135 1136 263 1217 aaronis
277 1135 427 1211 epistulae
447 1151 509 1195 non
531 1135 646 1194 sinunt:
674 1134 747 1193 nihil
768 1135 811 1194 illi
829 1133 998 1211 proruisset
1017 1151 1113 1211 gener

132 1222 272 1297 Agrippa
287 1227 316 1281 et
328 1219 465 1279 Tiberius
478 1233 630 1294 progener
641 1226 671 1279 et
680 1218 801 1279 Drusus
812 1219 925 1280 caesar
935 1234 1111 1296 proneposz

133 1305 211 1365 inter
230 1313 292 1366 tam
312 1317 423 1377 magna
443 1304 566 1362 nomina
584 1308 743 1375 taceretur,
764 1302 824 1362 nisi
839 1302 944 1363 cicero
960 1303 1045 1364 illum
1057 1303 1109 1364 ad-

104 1389 301 1464 5plicuisset.
335 1386 492 1446 Profunda
512 1402 608 1460 supra
622 1402 680 1447 nos
695 1387 820 1447 altitudo
838 1385 985 1462 temporis
999 1388 1110 1462 veniet,

133 1487 233 1546 pauca
247 1470 368 1545 ingenia
382 1476 474 1544 caput
488 1476 630 1530 exserant
644 1471 714 1530 etin
726 1470 807 1529 idem
820 1471 1008 1546 quandoque
1020 1471 1110 1532 silen-

133 1557 206 1615 tium
227 1555 344 1616 abitura
364 1552 510 1613 oblivioni
535 1552 680 1614 resistent
703 1569 739 1614 ac
764 1570 800 1614 se
824 1554 877 1616 diu
900 1553 1107 1616 vindicabunt

134 1639 221 1713 Quod
233 1639 386 1714 Epicurus
401 1638 499 1698 amico
514 1654 571 1698 suo
587 1638 685 1712 potuit
696 1639 884 1713 promittere,
901 1637 961 1698 hoc
975 1637 1030 1699 tibi
1040 1654 1109 1714 pro·

133 1724 232 1798 mitto,
260 1721 365 1783 Lucili.
395 1722 515 1781 habebo
540 1722 623 1796 apud
647 1730 790 1797 posteros
811 1720 954 1798 gratiam,
982 1739 1108 1798 possum

133 1824 251 1868 meeum
268 1807 414 1866 duratura
428 1807 550 1865 nomina
565 1806 706 1865 educere.
745 1806 898 1880 Vergilius
915 1814 1022 1867 noster
1035 1808 1107 1867 duo·

133 1892 190 1951 bus
206 1889 383 1951 memoriam
397 1896 552 1949 aeternam
567 1891 706 1965 promisit
719 1897 749 1950 et
763 1897 914 1964 praestate

217 1977 378 2036 Fortunati
389 1975 490 2034 ambo:
510 1976 539 2033 a·
550 1975 624 2049 quid
635 1991 702 2034 mea
716 1977 851 2034 carmina
864 1981 997 2050 possunt,

217 2061 301 2119 catto
317 2058 380 2118 dies
394 2073 533 2132 umquam
546 2060 669 2118 menwri
681 2074 731 2118 vos
743 2060 853 2118 eximet
864 2074 944 2132 aevo,

217 2143 288 2202 dum
304 2143 406 2202 domus
419 2141 536 2202 Aeneae
551 2142 679 2218 Capitoli
690 2143 824 2202 inmohte
837 2158 947 2203 socam

218 2227 336 2287 adcotet
347 2229 559 2302 imperiumque
569 2231 659 2302 pater
674 2225 826 2286 Romanus
839 2227 963 2286 habebit.

106 2311 351 2386 69uoscumque
380 2310 410 2369 in
441 2311 574 2370 medium
604 2310 726 2370 fortuna
749 2310 891 2384 protulit,
925 2307 1110 2384 quicumque

132 2395 268 2456 membra
288 2410 325 2454 ac
345 2402 448 2470 partes
463 2395 581 2453 alienae
595 2394 749 2469 potentiae
763 2395 895 2467 fuerant,
917 2393 1028 2454 horum
1041 2407 1109 2467 gra·

132 2480 174 2541 tia
193 2480 305 2554 viguit,
329 2479 439 2538 domus
466 2478 657 2552 frequentata
678 2485 741 2551 est,
768 2477 840 2537 dum
865 2477 926 2551 ipsi
951 2480 1108 2537 steterunt

132 2572 205 2638 post
224 2565 313 2638 ipsos
337 2562 396 2622 cito
419 2562 565 2621 memoria
586 2561 711 2621 deiecit=
733 2560 923 2635 ingeniorum
940 2558 1108 2622 crescitdi·

133 2647 235 2721 gnatia
256 2660 314 2704 nee
334 2645 411 2718 ipsis
432 2650 547 2705 tantum
567 2645 667 2704 honor
680 2644 816 2718 habetur,
840 2645 897 2705 sed
913 2642 1060 2719 quicquid
1075 2641 1108 2701 il·

133 2730 231 2790 lorum
246 2728 411 2788 memoriae
426 2727 578 2800 adhaesit,
603 2728 761 2803 excipitur.
968 2773 969 2778 η

104 2821 119 2878 7
193 2813 237 2872 Ne
252 2812 344 2886 gratis
360 2812 543 2872 idomeneus
558 2813 589 2871 in
605 2811 764 2887 epistulam
780 2827 878 2871 meam
894 2811 1025 2884 venerit,
1041 2810 1109 2884 ipse

133 2912 200 2956 eam
216 2895 255 2955 de
269 2911 327 2956 suo
339 2896 473 2955 redimet.
496 2895 627 2957 adhunc
638 2895 789 2971 Epicurus
802 2896 882 2955 illam
894 2894 1028 2954 nobilem
1040 2907 1109 2953 sen·

132 2980 255 3042 tentiam
276 2978 414 3055 scripsit,
440 2995 501 3054 qua
518 2980 664 3051 hortatur,
686 2984 720 3039 ut
738 2979 906 3056 Pythoclea
925 2978 1109 3053 locupletem

132 3082 194 3126 non
222 3063 345 3140 publica
371 3079 429 3123 nec
456 3064 577 3138 ancipiti
602 3064 653 3123 via
673 3063 771 3122 saciat.
813 3061 872 3136 „Si
897 3061 973 3136 vis,
1002 3057 1108 3134 inquit,

131 3149 347 3227 Pythoclea
368 3148 527 3208 divitem
548 3149 693 3220 lacere,
722 3161 794 3205 non
815 3146 1006 3220 pecuniae
1027 3142 1109 3204 adi·

133 3233 323 3305 ciendum,
363 3233 432 3292 sed
464 3231 673 3306 cupiditati
706 3230 986 3291 detrahendum
1019 3229 1109 3288 est.“

102 3317 168 3380 eEt
188 3318 323 3394 apertior
341 3317 401 3376 ista
421 3314 571 3375 sententia
591 3322 638 3375 est
660 3330 750 3390 quam
770 3323 803 3374 ut
817 3310 1046 3387 interpretanda
1059 3309 1108 3383 sit,

132 3409 162 3460 et
181 3399 324 3461 disertior
343 3416 434 3476 quam
455 3405 489 3458 ut
509 3399 697 3458 adiuvanda:
718 3398 778 3457 hoc
792 3413 885 3458 unum
900 3402 930 3456 te
945 3396 1109 3467 admoneo,

130 3500 170 3544 ne
185 3484 266 3544 istud
280 3491 395 3545 tantum
414 3483 569 3544 existimes
585 3483 624 3543 de
640 3481 751 3542 divitiis
767 3479 889 3542 dictum.
912 3491 1109 3554 quocumque
