<?xml version="1.0" encoding="UTF-8"?>
<!DOCTYPE html PUBLIC "-//W3C//DTD XHTML 1.0 Transitional//EN"
    "http://www.w3.org/TR/xhtml1/DTD/xhtml1-transitional.dtd">
<html xmlns="http://www.w3.org/1999/xhtml" xml:lang="en" lang="en">
 <head>
  <title>
</title>
<meta http-equiv="Content-Type" content="text/html;charset=utf-8" />
  <meta name='ocr-system' content='tesseract 3.04.00' />
  <meta name='ocr-capabilities' content='ocr_page ocr_carea ocr_par ocr_line ocrx_word'/>
</head>
<body>
  <div class='ocr_page' id='page_1' title='image "./lannaeisenecaeo00haasgoog_0401.png"; bbox 0 0 2468 3930; ppageno 0'>
   <div class='ocr_carea' id='block_1_1' title="bbox 192 183 879 299">
    <p class='ocr_par' dir='ltr' id='par_1_1' title="bbox 192 183 879 299">
     <span class='ocr_line' id='line_1_1' title="bbox 192 183 879 299; baseline -0.009 0"><span class='ocrx_word' id='word_1_1' title='bbox 192 233 255 299; x_wconf 78' lang='lat'>³68</span> <span class='ocrx_word' id='word_1_2' title='bbox 480 234 514 294; x_wconf 85' lang='lat' dir='ltr'>L.</span> <span class='ocrx_word' id='word_1_3' title='bbox 536 233 682 294; x_wconf 84' lang='grc' dir='ltr'>ΑΝΝΑΕΙ</span> <span class='ocrx_word' id='word_1_4' title='bbox 703 183 879 294; x_wconf 42' lang='lat' dir='ltr'><strong>&#39;SENECAE</strong></span> 
     </span>
    </p>
   </div>
   <div class='ocr_carea' id='block_1_2' title="bbox 150 383 1177 3570">
    <p class='ocr_par' dir='ltr' id='par_1_2' title="bbox 150 383 1177 3570">
     <span class='ocr_line' id='line_1_2' title="bbox 194 383 1176 462; baseline -0.001 -13"><span class='ocrx_word' id='word_1_5' title='bbox 194 391 272 449; x_wconf 84' lang='lat' dir='ltr'>nitra</span> <span class='ocrx_word' id='word_1_6' title='bbox 287 403 338 448; x_wconf 88' lang='lat' dir='ltr'>res</span> <span class='ocrx_word' id='word_1_7' title='bbox 353 385 412 447; x_wconf 82' lang='lat' dir='ltr'>ista</span> <span class='ocrx_word' id='word_1_8' title='bbox 427 387 590 461; x_wconf 79' lang='lat' dir='ltr'>procedet:</span> <span class='ocrx_word' id='word_1_9' title='bbox 612 401 719 445; x_wconf 90' lang='lat' dir='ltr'>omnes</span> <span class='ocrx_word' id='word_1_10' title='bbox 735 383 919 459; x_wconf 88' lang='lat' dir='ltr'>sententiae,</span> <span class='ocrx_word' id='word_1_11' title='bbox 935 398 1045 446; x_wconf 88' lang='lat' dir='ltr'>omnes</span> <span class='ocrx_word' id='word_1_12' title='bbox 1061 387 1176 462; x_wconf 76' lang='lat' dir='ltr'>cogita·</span> 
     </span>
     <span class='ocr_line' id='line_1_3' title="bbox 193 468 1175 546; baseline -0.001 -13"><span class='ocrx_word' id='word_1_13' title='bbox 193 474 294 533; x_wconf 87' lang='lat' dir='ltr'>tiones</span> <span class='ocrx_word' id='word_1_14' title='bbox 310 470 450 531; x_wconf 82' lang='lat' dir='ltr'>animalia</span> <span class='ocrx_word' id='word_1_15' title='bbox 466 477 568 543; x_wconf 85' lang='lat' dir='ltr'>erunt,</span> <span class='ocrx_word' id='word_1_16' title='bbox 584 470 667 544; x_wconf 89' lang='lat' dir='ltr'>quod</span> <span class='ocrx_word' id='word_1_17' title='bbox 683 470 873 532; x_wconf 88' lang='lat' dir='ltr'>nullomodo</span> <span class='ocrx_word' id='word_1_18' title='bbox 890 468 1103 546; x_wconf 84' lang='lat' dir='ltr'>recipiendum</span> <span class='ocrx_word' id='word_1_19' title='bbox 1118 477 1175 532; x_wconf 80' lang='lat' dir='ltr'>cst</span> 
     </span>
     <span class='ocr_line' id='line_1_4' title="bbox 165 551 1177 632; baseline -0.002 -14"><span class='ocrx_word' id='word_1_20' title='bbox 165 567 181 624; x_wconf 84' lang='grc'><strong>7</strong></span> <span class='ocrx_word' id='word_1_21' title='bbox 194 573 254 618; x_wconf 93' lang='lat' dir='ltr'>non</span> <span class='ocrx_word' id='word_1_22' title='bbox 267 555 346 614; x_wconf 88' lang='lat' dir='ltr'>enim</span> <span class='ocrx_word' id='word_1_23' title='bbox 362 553 507 629; x_wconf 82' lang='lat' dir='ltr'>quicquid</span> <span class='ocrx_word' id='word_1_24' title='bbox 520 551 558 611; x_wconf 87' lang='lat' dir='ltr'>ab</span> <span class='ocrx_word' id='word_1_25' title='bbox 569 552 692 613; x_wconf 90' lang='lat' dir='ltr'>homine</span> <span class='ocrx_word' id='word_1_26' title='bbox 706 555 748 628; x_wconf 85' lang='lat' dir='ltr'>fit,</span> <span class='ocrx_word' id='word_1_27' title='bbox 763 555 854 614; x_wconf 88' lang='lat' dir='ltr'>homo</span> <span class='ocrx_word' id='word_1_28' title='bbox 869 561 926 615; x_wconf 85' lang='lat' dir='ltr'>est.</span> <span class='ocrx_word' id='word_1_29' title='bbox 948 553 1088 629; x_wconf 87' lang='lat' dir='ltr'>„lustitia</span> <span class='ocrx_word' id='word_1_30' title='bbox 1102 555 1177 632; x_wconf 85' lang='lat' dir='ltr'>quid</span> 
     </span>
     <span class='ocr_line' id='line_1_5' title="bbox 193 636 1176 714; baseline -0.002 -14"><span class='ocrx_word' id='word_1_31' title='bbox 193 644 283 700; x_wconf 76' lang='grc' dir='ltr'>εειιιι</span> <span class='ocrx_word' id='word_1_32' title='bbox 298 638 404 713; x_wconf 85' lang='lat' dir='ltr'>inquit.</span> <span class='ocrx_word' id='word_1_33' title='bbox 425 637 555 696; x_wconf 86' lang='lat' dir='ltr'>Animus</span> <span class='ocrx_word' id='word_1_34' title='bbox 571 638 799 711; x_wconf 90' lang='lat' dir='ltr'>quodammodo</span> <span class='ocrx_word' id='word_1_35' title='bbox 812 636 985 699; x_wconf 88' lang='lat' dir='ltr'>sehabens.</span> <span class='ocrx_word' id='word_1_36' title='bbox 1007 637 1134 714; x_wconf 82' lang='lat' dir='ltr'>„ltaque</span> <span class='ocrx_word' id='word_1_37' title='bbox 1149 638 1176 700; x_wconf 87' lang='lat' dir='ltr'>si</span> 
     </span>
     <span class='ocr_line' id='line_1_6' title="bbox 193 720 1175 795; baseline 0.001 -13"><span class='ocrx_word' id='word_1_38' title='bbox 193 724 312 782; x_wconf 87' lang='lat' dir='ltr'>animus</span> <span class='ocrx_word' id='word_1_39' title='bbox 328 721 439 781; x_wconf 86' lang='lat' dir='ltr'>animal</span> <span class='ocrx_word' id='word_1_40' title='bbox 455 727 511 795; x_wconf 86' lang='lat' dir='ltr'>ast,</span> <span class='ocrx_word' id='word_1_41' title='bbox 526 726 556 780; x_wconf 91' lang='grc' dir='ltr'>ει</span> <span class='ocrx_word' id='word_1_42' title='bbox 569 720 712 781; x_wconf 85' lang='lat' dir='ltr'>iustitia.“</span> <span class='ocrx_word' id='word_1_43' title='bbox 746 721 879 782; x_wconf 87' lang='lat' dir='ltr'>Minime.</span> <span class='ocrx_word' id='word_1_44' title='bbox 905 721 984 782; x_wconf 86' lang='lat' dir='ltr'>haec</span> <span class='ocrx_word' id='word_1_45' title='bbox 998 721 1080 782; x_wconf 89' lang='lat' dir='ltr'>anim</span> <span class='ocrx_word' id='word_1_46' title='bbox 1090 722 1175 783; x_wconf 87' lang='lat' dir='ltr'>habi-</span> 
     </span>
     <span class='ocr_line' id='line_1_7' title="bbox 192 804 1174 882; baseline 0 -15"><span class='ocrx_word' id='word_1_47' title='bbox 192 815 242 867; x_wconf 83' lang='lat' dir='ltr'>tus</span> <span class='ocrx_word' id='word_1_48' title='bbox 254 805 345 865; x_wconf 89' lang='lat' dir='ltr'>animi</span> <span class='ocrx_word' id='word_1_49' title='bbox 357 812 405 866; x_wconf 83' lang='lat' dir='ltr'>est</span> <span class='ocrx_word' id='word_1_50' title='bbox 419 812 449 866; x_wconf 88' lang='lat' dir='ltr'>et</span> <span class='ocrx_word' id='word_1_51' title='bbox 461 804 613 880; x_wconf 83' lang='lat' dir='ltr'>quaedam</span> <span class='ocrx_word' id='word_1_52' title='bbox 627 805 684 865; x_wconf 85' lang='lat' dir='ltr'>vis.</span> <span class='ocrx_word' id='word_1_53' title='bbox 704 805 784 865; x_wconf 92' lang='lat' dir='ltr'>idem</span> <span class='ocrx_word' id='word_1_54' title='bbox 801 807 920 865; x_wconf 88' lang='lat' dir='ltr'>animus</span> <span class='ocrx_word' id='word_1_55' title='bbox 934 805 965 865; x_wconf 95' lang='lat' dir='ltr'>in</span> <span class='ocrx_word' id='word_1_56' title='bbox 979 805 1085 867; x_wconf 86' lang='lat' dir='ltr'>varias</span> <span class='ocrx_word' id='word_1_57' title='bbox 1099 807 1174 882; x_wconf 78' lang='lat' dir='ltr'>figu-</span> 
     </span>
     <span class='ocr_line' id='line_1_8' title="bbox 192 887 1175 965; baseline 0.001 -16"><span class='ocrx_word' id='word_1_58' title='bbox 192 904 244 949; x_wconf 89' lang='lat' dir='ltr'>ras</span> <span class='ocrx_word' id='word_1_59' title='bbox 261 889 447 950; x_wconf 86' lang='lat' dir='ltr'>convertitur</span> <span class='ocrx_word' id='word_1_60' title='bbox 460 895 490 948; x_wconf 88' lang='grc' dir='ltr'>ει</span> <span class='ocrx_word' id='word_1_61' title='bbox 509 904 570 948; x_wconf 92' lang='lat' dir='ltr'>non</span> <span class='ocrx_word' id='word_1_62' title='bbox 586 888 696 949; x_wconf 87' lang='lat' dir='ltr'>totiens</span> <span class='ocrx_word' id='word_1_63' title='bbox 712 889 824 949; x_wconf 86' lang='lat' dir='ltr'>animal</span> <span class='ocrx_word' id='word_1_64' title='bbox 842 887 924 949; x_wconf 81' lang='lat' dir='ltr'>atiud</span> <span class='ocrx_word' id='word_1_65' title='bbox 945 896 1008 960; x_wconf 85' lang='lat' dir='ltr'>ost,</span> <span class='ocrx_word' id='word_1_66' title='bbox 1033 890 1175 965; x_wconf 86' lang='lat' dir='ltr'>quotiens</span> 
     </span>
     <span class='ocr_line' id='line_1_9' title="bbox 165 972 1176 1047; baseline -0.001 -11"><span class='ocrx_word' id='word_1_67' title='bbox 165 973 276 1038; x_wconf 80' lang='lat' dir='ltr'>aaliud</span> <span class='ocrx_word' id='word_1_68' title='bbox 298 974 378 1033; x_wconf 82' lang='lat' dir='ltr'>facit.</span> <span class='ocrx_word' id='word_1_69' title='bbox 405 988 463 1032; x_wconf 86' lang='lat' dir='ltr'>nec</span> <span class='ocrx_word' id='word_1_70' title='bbox 483 972 574 1046; x_wconf 84' lang='lat' dir='ltr'>iliud,</span> <span class='ocrx_word' id='word_1_71' title='bbox 597 973 681 1046; x_wconf 87' lang='lat' dir='ltr'>qnod</span> <span class='ocrx_word' id='word_1_72' title='bbox 695 973 731 1033; x_wconf 89' lang='lat' dir='ltr'>fit</span> <span class='ocrx_word' id='word_1_73' title='bbox 743 973 782 1032; x_wconf 89' lang='lat' dir='ltr'>ab</span> <span class='ocrx_word' id='word_1_74' title='bbox 797 973 913 1047; x_wconf 88' lang='lat' dir='ltr'>animo,</span> <span class='ocrx_word' id='word_1_75' title='bbox 935 973 1047 1033; x_wconf 83' lang='lat' dir='ltr'>animai</span> <span class='ocrx_word' id='word_1_76' title='bbox 1062 981 1120 1035; x_wconf 84' lang='lat' dir='ltr'>est.</span> <span class='ocrx_word' id='word_1_77' title='bbox 1142 973 1176 1035; x_wconf 86' lang='lat' dir='ltr'>Si</span> 
     </span>
     <span class='ocr_line' id='line_1_10' title="bbox 193 1054 1176 1130; baseline -0.002 -12"><span class='ocrx_word' id='word_1_78' title='bbox 193 1057 309 1118; x_wconf 85' lang='lat' dir='ltr'>iustitia</span> <span class='ocrx_word' id='word_1_79' title='bbox 322 1057 433 1116; x_wconf 85' lang='lat' dir='ltr'>animai</span> <span class='ocrx_word' id='word_1_80' title='bbox 448 1063 506 1130; x_wconf 88' lang='lat' dir='ltr'>est,</span> <span class='ocrx_word' id='word_1_81' title='bbox 520 1054 548 1115; x_wconf 85' lang='lat' dir='ltr'>si</span> <span class='ocrx_word' id='word_1_82' title='bbox 563 1055 723 1130; x_wconf 79' lang='lat' dir='ltr'>fortitudo,</span> <span class='ocrx_word' id='word_1_83' title='bbox 739 1056 766 1117; x_wconf 91' lang='lat' dir='ltr'>si</span> <span class='ocrx_word' id='word_1_84' title='bbox 782 1064 902 1117; x_wconf 84' lang='lat' dir='ltr'>caterae</span> <span class='ocrx_word' id='word_1_85' title='bbox 916 1055 1061 1129; x_wconf 84' lang='lat' dir='ltr'>virtutes,</span> <span class='ocrx_word' id='word_1_86' title='bbox 1077 1064 1176 1119; x_wconf 85' lang='lat' dir='ltr'>utrum</span> 
     </span>
     <span class='ocr_line' id='line_1_11' title="bbox 194 1139 1175 1216; baseline 0.003 -15"><span class='ocrx_word' id='word_1_87' title='bbox 194 1142 339 1202; x_wconf 73' lang='lat' dir='ltr'>desInunt</span> <span class='ocrx_word' id='word_1_88' title='bbox 353 1156 425 1200; x_wconf 83' lang='lat' dir='ltr'>esse</span> <span class='ocrx_word' id='word_1_89' title='bbox 438 1140 580 1199; x_wconf 81' lang='lat' dir='ltr'>animatia</span> <span class='ocrx_word' id='word_1_90' title='bbox 596 1139 726 1200; x_wconf 84' lang='lat' dir='ltr'><strong>subinde</strong></span> <span class='ocrx_word' id='word_1_91' title='bbox 743 1147 796 1202; x_wconf 81' lang='lat' dir='ltr'>aut</span> <span class='ocrx_word' id='word_1_92' title='bbox 814 1157 923 1202; x_wconf 90' lang='lat' dir='ltr'>rursus</span> <span class='ocrx_word' id='word_1_93' title='bbox 945 1140 1111 1216; x_wconf 87' lang='lat' dir='ltr'>incipiunt,</span> <span class='ocrx_word' id='word_1_94' title='bbox 1136 1159 1175 1204; x_wconf 85' lang='lat' dir='ltr'>an</span> 
     </span>
     <span class='ocr_line' id='line_1_12' title="bbox 194 1222 1177 1301; baseline 0.003 -16"><span class='ocrx_word' id='word_1_95' title='bbox 194 1241 318 1301; x_wconf 81' lang='lat' dir='ltr'><strong>semper</strong></span> <span class='ocrx_word' id='word_1_96' title='bbox 331 1229 422 1285; x_wconf 83' lang='lat' dir='ltr'>suntt</span> <span class='ocrx_word' id='word_1_97' title='bbox 449 1222 592 1285; x_wconf 80' lang='lat' dir='ltr'>desinere</span> <span class='ocrx_word' id='word_1_98' title='bbox 603 1224 729 1285; x_wconf 84' lang='lat' dir='ltr'>virtutes</span> <span class='ocrx_word' id='word_1_99' title='bbox 746 1241 806 1286; x_wconf 95' lang='lat' dir='ltr'>non</span> <span class='ocrx_word' id='word_1_100' title='bbox 826 1231 966 1300; x_wconf 79' lang='lat' dir='ltr'><strong>possunt.</strong></span> <span class='ocrx_word' id='word_1_101' title='bbox 993 1240 1068 1300; x_wconf 79' lang='lat' dir='ltr'>ergo</span> <span class='ocrx_word' id='word_1_102' title='bbox 1084 1227 1177 1288; x_wconf 79' lang='lat' dir='ltr'>mutu</span> 
     </span>
     <span class='ocr_line' id='line_1_13' title="bbox 194 1306 1175 1382; baseline -0.001 -13"><span class='ocrx_word' id='word_1_103' title='bbox 194 1307 351 1382; x_wconf 82' lang='lat' dir='ltr'>animalia,</span> <span class='ocrx_word' id='word_1_104' title='bbox 375 1307 467 1368; x_wconf 87' lang='lat' dir='ltr'>immo</span> <span class='ocrx_word' id='word_1_105' title='bbox 489 1306 718 1368; x_wconf 81' lang='lat' dir='ltr'>innumerabilia</span> <span class='ocrx_word' id='word_1_106' title='bbox 737 1308 769 1368; x_wconf 90' lang='lat' dir='ltr'>in</span> <span class='ocrx_word' id='word_1_107' title='bbox 791 1308 852 1368; x_wconf 90' lang='lat' dir='ltr'>hoc</span> <span class='ocrx_word' id='word_1_108' title='bbox 877 1309 977 1368; x_wconf 83' lang='lat' dir='ltr'>animo</span> <span class='ocrx_word' id='word_1_109' title='bbox 1003 1317 1175 1371; x_wconf 83' lang='lat' dir='ltr'>versantur.</span> 
     </span>
     <span class='ocr_line' id='line_1_14' title="bbox 164 1391 1176 1470; baseline 0.002 -17"><span class='ocrx_word' id='word_1_110' title='bbox 164 1394 279 1467; x_wconf 81' lang='lat' dir='ltr'>9,‚Non</span> <span class='ocrx_word' id='word_1_111' title='bbox 292 1400 371 1464; x_wconf 85' lang='lat' dir='ltr'>sunt,</span> <span class='ocrx_word' id='word_1_112' title='bbox 388 1391 495 1468; x_wconf 83' lang='lat' dir='ltr'>inquit,</span> <span class='ocrx_word' id='word_1_113' title='bbox 513 1393 615 1466; x_wconf 87' lang='lat' dir='ltr'>multa,</span> <span class='ocrx_word' id='word_1_114' title='bbox 632 1393 703 1466; x_wconf 87' lang='lat' dir='ltr'>quia</span> <span class='ocrx_word' id='word_1_115' title='bbox 714 1408 753 1452; x_wconf 87' lang='lat' dir='ltr'>ex</span> <span class='ocrx_word' id='word_1_116' title='bbox 763 1409 825 1453; x_wconf 90' lang='lat' dir='ltr'>uno</span> <span class='ocrx_word' id='word_1_117' title='bbox 839 1392 968 1467; x_wconf 77' lang='lat' dir='ltr'>religata</span> <span class='ocrx_word' id='word_1_118' title='bbox 980 1400 1055 1453; x_wconf 81' lang='lat' dir='ltr'>sunt</span> <span class='ocrx_word' id='word_1_119' title='bbox 1066 1401 1097 1455; x_wconf 81' lang='lat' dir='ltr'>et</span> <span class='ocrx_word' id='word_1_120' title='bbox 1108 1410 1176 1470; x_wconf 86' lang='lat' dir='ltr'>par·</span> 
     </span>
     <span class='ocr_line' id='line_1_15' title="bbox 193 1475 1176 1551; baseline -0.001 -13"><span class='ocrx_word' id='word_1_121' title='bbox 193 1484 241 1538; x_wconf 81' lang='lat' dir='ltr'>tes</span> <span class='ocrx_word' id='word_1_122' title='bbox 261 1477 353 1538; x_wconf 89' lang='lat' dir='ltr'>unius</span> <span class='ocrx_word' id='word_1_123' title='bbox 375 1491 413 1535; x_wconf 83' lang='lat' dir='ltr'>ac</span> <span class='ocrx_word' id='word_1_124' title='bbox 434 1475 569 1536; x_wconf 88' lang='lat' dir='ltr'>membra</span> <span class='ocrx_word' id='word_1_125' title='bbox 586 1481 686 1536; x_wconf 80' lang='lat' dir='ltr'>sunt.“</span> <span class='ocrx_word' id='word_1_126' title='bbox 720 1477 822 1537; x_wconf 84' lang='lat' dir='ltr'>Talem</span> <span class='ocrx_word' id='word_1_127' title='bbox 847 1491 921 1551; x_wconf 75' lang='lat' dir='ltr'>ergo</span> <span class='ocrx_word' id='word_1_128' title='bbox 948 1476 1059 1538; x_wconf 85' lang='lat' dir='ltr'>faciem</span> <span class='ocrx_word' id='word_1_129' title='bbox 1086 1478 1176 1537; x_wconf 87' lang='lat' dir='ltr'>animi</span> 
     </span>
     <span class='ocr_line' id='line_1_16' title="bbox 193 1559 1175 1639; baseline 0.004 -20"><span class='ocrx_word' id='word_1_130' title='bbox 193 1559 285 1621; x_wconf 83' lang='lat' dir='ltr'>nobis</span> <span class='ocrx_word' id='word_1_131' title='bbox 301 1561 517 1636; x_wconf 82' lang='lat' dir='ltr'>proponimus,</span> <span class='ocrx_word' id='word_1_132' title='bbox 541 1560 640 1634; x_wconf 79' lang='lat' dir='ltr'>quatis</span> <span class='ocrx_word' id='word_1_133' title='bbox 660 1566 708 1621; x_wconf 89' lang='lat' dir='ltr'>est</span> <span class='ocrx_word' id='word_1_134' title='bbox 721 1560 841 1639; x_wconf 79' lang='lat' dir='ltr'>hydrae</span> <span class='ocrx_word' id='word_1_135' title='bbox 856 1561 951 1620; x_wconf 85' lang='lat' dir='ltr'>multa</span> <span class='ocrx_word' id='word_1_136' title='bbox 967 1559 1111 1623; x_wconf 87' lang='lat' dir='ltr'>habentis</span> <span class='ocrx_word' id='word_1_137' title='bbox 1125 1577 1175 1622; x_wconf 85' lang='lat' dir='ltr'>ca·</span> 
     </span>
     <span class='ocr_line' id='line_1_17' title="bbox 194 1641 1176 1720; baseline 0.005 -18"><span class='ocrx_word' id='word_1_138' title='bbox 194 1641 272 1718; x_wconf 87' lang='lat' dir='ltr'>pita,</span> <span class='ocrx_word' id='word_1_139' title='bbox 291 1660 421 1720; x_wconf 87' lang='lat' dir='ltr'>quorum</span> <span class='ocrx_word' id='word_1_140' title='bbox 435 1644 678 1718; x_wconf 87' lang='lat' dir='ltr'>unumquodque</span> <span class='ocrx_word' id='word_1_141' title='bbox 696 1660 751 1719; x_wconf 89' lang='lat' dir='ltr'>per</span> <span class='ocrx_word' id='word_1_142' title='bbox 763 1661 799 1705; x_wconf 87' lang='lat' dir='ltr'>se</span> <span class='ocrx_word' id='word_1_143' title='bbox 813 1651 938 1720; x_wconf 78' lang='lat' dir='ltr'>pugnat,</span> <span class='ocrx_word' id='word_1_144' title='bbox 953 1658 1010 1720; x_wconf 84' lang='lat' dir='ltr'>per</span> <span class='ocrx_word' id='word_1_145' title='bbox 1024 1660 1060 1704; x_wconf 87' lang='lat' dir='ltr'>se</span> <span class='ocrx_word' id='word_1_146' title='bbox 1074 1653 1176 1707; x_wconf 81' lang='lat' dir='ltr'>nocet.</span> 
     </span>
     <span class='ocr_line' id='line_1_18' title="bbox 194 1726 1176 1802; baseline 0.003 -16"><span class='ocrx_word' id='word_1_147' title='bbox 194 1727 279 1801; x_wconf 86' lang='lat' dir='ltr'>atqui</span> <span class='ocrx_word' id='word_1_148' title='bbox 298 1728 414 1787; x_wconf 87' lang='lat' dir='ltr'>nullum</span> <span class='ocrx_word' id='word_1_149' title='bbox 435 1742 475 1785; x_wconf 81' lang='lat' dir='ltr'>ex</span> <span class='ocrx_word' id='word_1_150' title='bbox 494 1728 552 1786; x_wconf 84' lang='lat' dir='ltr'>iliis</span> <span class='ocrx_word' id='word_1_151' title='bbox 574 1726 725 1801; x_wconf 80' lang='lat' dir='ltr'>capitibus</span> <span class='ocrx_word' id='word_1_152' title='bbox 746 1728 857 1788; x_wconf 86' lang='lat' dir='ltr'>animal</span> <span class='ocrx_word' id='word_1_153' title='bbox 878 1736 940 1802; x_wconf 87' lang='lat' dir='ltr'>est,</span> <span class='ocrx_word' id='word_1_154' title='bbox 962 1728 1020 1788; x_wconf 87' lang='lat' dir='ltr'>sed</span> <span class='ocrx_word' id='word_1_155' title='bbox 1036 1727 1176 1790; x_wconf 83' lang='lat' dir='ltr'>animatis</span> 
     </span>
     <span class='ocr_line' id='line_1_19' title="bbox 195 1811 1177 1886; baseline 0.005 -16"><span class='ocrx_word' id='word_1_156' title='bbox 195 1817 301 1886; x_wconf 84' lang='lat' dir='ltr'>caput:</span> <span class='ocrx_word' id='word_1_157' title='bbox 318 1818 452 1871; x_wconf 82' lang='lat' dir='ltr'>ceterum</span> <span class='ocrx_word' id='word_1_158' title='bbox 467 1811 535 1885; x_wconf 91' lang='lat' dir='ltr'>ipsa</span> <span class='ocrx_word' id='word_1_159' title='bbox 550 1826 643 1870; x_wconf 91' lang='lat' dir='ltr'>unum</span> <span class='ocrx_word' id='word_1_160' title='bbox 657 1811 769 1872; x_wconf 84' lang='lat' dir='ltr'>animai</span> <span class='ocrx_word' id='word_1_161' title='bbox 784 1821 839 1874; x_wconf 86' lang='lat' dir='ltr'>ast.</span> <span class='ocrx_word' id='word_1_162' title='bbox 862 1811 956 1872; x_wconf 90' lang='lat' dir='ltr'>Nemo</span> <span class='ocrx_word' id='word_1_163' title='bbox 972 1813 1001 1872; x_wconf 94' lang='lat' dir='ltr'>in</span> <span class='ocrx_word' id='word_1_164' title='bbox 1018 1811 1177 1875; x_wconf 82' lang='lat' dir='ltr'>Chimaera</span> 
     </span>
     <span class='ocr_line' id='line_1_20' title="bbox 194 1892 1177 1971; baseline 0.005 -19"><span class='ocrx_word' id='word_1_165' title='bbox 194 1894 314 1955; x_wconf 88' lang='lat' dir='ltr'>leonem</span> <span class='ocrx_word' id='word_1_166' title='bbox 329 1893 439 1953; x_wconf 85' lang='lat' dir='ltr'>animal</span> <span class='ocrx_word' id='word_1_167' title='bbox 455 1909 526 1954; x_wconf 81' lang='lat' dir='ltr'>esse</span> <span class='ocrx_word' id='word_1_168' title='bbox 542 1892 620 1953; x_wconf 87' lang='lat' dir='ltr'>dixit</span> <span class='ocrx_word' id='word_1_169' title='bbox 632 1901 684 1954; x_wconf 89' lang='lat' dir='ltr'>aut</span> <span class='ocrx_word' id='word_1_170' title='bbox 699 1895 879 1957; x_wconf 83' lang='lat' dir='ltr'>draconem:</span> <span class='ocrx_word' id='word_1_171' title='bbox 896 1895 956 1956; x_wconf 87' lang='lat' dir='ltr'>hae</span> <span class='ocrx_word' id='word_1_172' title='bbox 972 1903 1074 1971; x_wconf 80' lang='lat' dir='ltr'>partas</span> <span class='ocrx_word' id='word_1_173' title='bbox 1088 1904 1177 1958; x_wconf 87' lang='lat' dir='ltr'>erant</span> 
     </span>
     <span class='ocr_line' id='line_1_21' title="bbox 154 1978 1176 2056; baseline 0 -16"><span class='ocrx_word' id='word_1_174' title='bbox 154 1978 270 2040; x_wconf 63' lang='lat' dir='ltr'>locius,</span> <span class='ocrx_word' id='word_1_175' title='bbox 287 1986 390 2053; x_wconf 84' lang='lat' dir='ltr'>partes</span> <span class='ocrx_word' id='word_1_176' title='bbox 404 1985 576 2038; x_wconf 89' lang='lat' dir='ltr'>autemnon</span> <span class='ocrx_word' id='word_1_177' title='bbox 592 1984 663 2038; x_wconf 87' lang='lat' dir='ltr'>sunt</span> <span class='ocrx_word' id='word_1_178' title='bbox 676 1979 827 2040; x_wconf 86' lang='lat' dir='ltr'>animalia.</span> <span class='ocrx_word' id='word_1_179' title='bbox 856 1978 935 2053; x_wconf 80' lang='lat' dir='ltr'>Quid</span> <span class='ocrx_word' id='word_1_180' title='bbox 946 1987 1001 2054; x_wconf 78' lang='lat' dir='ltr'>cst,</span> <span class='ocrx_word' id='word_1_181' title='bbox 1014 1994 1074 2056; x_wconf 89' lang='lat' dir='ltr'>quo</span> <span class='ocrx_word' id='word_1_182' title='bbox 1087 1981 1176 2040; x_wconf 85' lang='lat' dir='ltr'>coili-</span> 
     </span>
     <span class='ocr_line' id='line_1_22' title="bbox 192 2061 1174 2140; baseline 0.002 -18"><span class='ocrx_word' id='word_1_183' title='bbox 192 2076 249 2136; x_wconf 78' lang='lat' dir='ltr'>gas</span> <span class='ocrx_word' id='word_1_184' title='bbox 260 2061 404 2123; x_wconf 86' lang='lat' dir='ltr'>iustitiam</span> <span class='ocrx_word' id='word_1_185' title='bbox 413 2062 524 2121; x_wconf 88' lang='lat' dir='ltr'>animal</span> <span class='ocrx_word' id='word_1_186' title='bbox 534 2069 627 2123; x_wconf 80' lang='lat' dir='ltr'>essct</span> <span class='ocrx_word' id='word_1_187' title='bbox 641 2063 740 2138; x_wconf 74' lang='lat' dir='ltr'>„Agit</span> <span class='ocrx_word' id='word_1_188' title='bbox 751 2064 856 2140; x_wconf 85' lang='lat' dir='ltr'>inquit,</span> <span class='ocrx_word' id='word_1_189' title='bbox 868 2063 984 2139; x_wconf 85' lang='lat' dir='ltr'>aliquid</span> <span class='ocrx_word' id='word_1_190' title='bbox 994 2071 1024 2126; x_wconf 89' lang='lat' dir='ltr'>et</span> <span class='ocrx_word' id='word_1_191' title='bbox 1033 2062 1174 2140; x_wconf 88' lang='lat' dir='ltr'>prodest.</span> 
     </span>
     <span class='ocr_line' id='line_1_23' title="bbox 194 2146 1175 2235; baseline 0.003 -29"><span class='ocrx_word' id='word_1_192' title='bbox 194 2146 280 2222; x_wconf 92' lang='lat' dir='ltr'>quod</span> <span class='ocrx_word' id='word_1_193' title='bbox 291 2154 392 2207; x_wconf 84' lang='lat' dir='ltr'>autem</span> <span class='ocrx_word' id='word_1_194' title='bbox 404 2147 466 2221; x_wconf 81' lang='lat' dir='ltr'>agit</span> <span class='ocrx_word' id='word_1_195' title='bbox 477 2147 616 2221; x_wconf 83' lang='lat' dir='ltr'>[aliquid]</span> <span class='ocrx_word' id='word_1_196' title='bbox 628 2154 658 2207; x_wconf 82' lang='lat' dir='ltr'>ct</span> <span class='ocrx_word' id='word_1_197' title='bbox 670 2148 804 2224; x_wconf 87' lang='lat' dir='ltr'>prodest,</span> <span class='ocrx_word' id='word_1_198' title='bbox 819 2149 956 2223; x_wconf 87' lang='lat' dir='ltr'>inpetum</span> <span class='ocrx_word' id='word_1_199' title='bbox 965 2147 1073 2235; x_wconf 68' lang='lat' dir='ltr'>habeis</span> <span class='ocrx_word' id='word_1_200' title='bbox 1089 2149 1175 2224; x_wconf 89' lang='lat' dir='ltr'>quod</span> 
     </span>
     <span class='ocr_line' id='line_1_24' title="bbox 193 2229 1175 2305; baseline 0.005 -16"><span class='ocrx_word' id='word_1_201' title='bbox 193 2238 294 2290; x_wconf 88' lang='lat' dir='ltr'>autem</span> <span class='ocrx_word' id='word_1_202' title='bbox 311 2232 446 2305; x_wconf 88' lang='lat' dir='ltr'>inpetum</span> <span class='ocrx_word' id='word_1_203' title='bbox 460 2229 568 2301; x_wconf 77' lang='lat' dir='ltr'>habnt,</span> <span class='ocrx_word' id='word_1_204' title='bbox 583 2231 694 2291; x_wconf 89' lang='lat' dir='ltr'>animal</span> <span class='ocrx_word' id='word_1_205' title='bbox 710 2236 788 2293; x_wconf 83' lang='lat' dir='ltr'>est.“</span> <span class='ocrx_word' id='word_1_206' title='bbox 821 2232 938 2292; x_wconf 88' lang='lat' dir='ltr'>Verum</span> <span class='ocrx_word' id='word_1_207' title='bbox 953 2237 1015 2304; x_wconf 85' lang='lat' dir='ltr'>est,</span> <span class='ocrx_word' id='word_1_208' title='bbox 1039 2232 1066 2293; x_wconf 88' lang='lat' dir='ltr'>si</span> <span class='ocrx_word' id='word_1_209' title='bbox 1084 2249 1175 2294; x_wconf 77' lang='lat' dir='ltr'>suum</span> 
     </span>
     <span class='ocr_line' id='line_1_25' title="bbox 152 2313 1174 2390; baseline 0.001 -14"><span class='ocrx_word' id='word_1_210' title='bbox 152 2325 184 2380; x_wconf 91' lang='lat'>11</span> <span class='ocrx_word' id='word_1_211' title='bbox 194 2313 329 2390; x_wconf 89' lang='lat' dir='ltr'>inpetum</span> <span class='ocrx_word' id='word_1_212' title='bbox 343 2314 451 2375; x_wconf 78' lang='lat' dir='ltr'>habet:</span> <span class='ocrx_word' id='word_1_213' title='bbox 467 2330 556 2374; x_wconf 88' lang='lat' dir='ltr'>suum</span> <span class='ocrx_word' id='word_1_214' title='bbox 570 2323 672 2376; x_wconf 89' lang='lat' dir='ltr'>autem</span> <span class='ocrx_word' id='word_1_215' title='bbox 687 2316 861 2390; x_wconf 84' lang='lat' dir='ltr'>nonhabet,</span> <span class='ocrx_word' id='word_1_216' title='bbox 877 2316 934 2376; x_wconf 87' lang='lat' dir='ltr'>sed</span> <span class='ocrx_word' id='word_1_217' title='bbox 948 2315 1053 2376; x_wconf 87' lang='lat' dir='ltr'>animi.</span> <span class='ocrx_word' id='word_1_218' title='bbox 1078 2315 1174 2378; x_wconf 88' lang='lat' dir='ltr'>Omne</span> 
     </span>
     <span class='ocr_line' id='line_1_26' title="bbox 192 2397 1175 2474; baseline 0.003 -16"><span class='ocrx_word' id='word_1_219' title='bbox 192 2399 312 2473; x_wconf 90' lang='lat' dir='ltr'>animal,</span> <span class='ocrx_word' id='word_1_220' title='bbox 328 2399 427 2459; x_wconf 89' lang='lat' dir='ltr'>donec</span> <span class='ocrx_word' id='word_1_221' title='bbox 441 2397 594 2470; x_wconf 84' lang='lat' dir='ltr'>moriatur,</span> <span class='ocrx_word' id='word_1_222' title='bbox 610 2399 642 2458; x_wconf 92' lang='lat' dir='ltr'>id</span> <span class='ocrx_word' id='word_1_223' title='bbox 656 2400 804 2474; x_wconf 80' lang='lat' dir='ltr'>estquod</span> <span class='ocrx_word' id='word_1_224' title='bbox 819 2399 935 2474; x_wconf 79' lang='lat' dir='ltr'>coepit:</span> <span class='ocrx_word' id='word_1_225' title='bbox 954 2399 1058 2474; x_wconf 90' lang='lat' dir='ltr'>homo,</span> <span class='ocrx_word' id='word_1_226' title='bbox 1074 2400 1175 2462; x_wconf 84' lang='lat' dir='ltr'>donec</span> 
     </span>
     <span class='ocr_line' id='line_1_27' title="bbox 191 2480 1174 2559; baseline 0.003 -17"><span class='ocrx_word' id='word_1_227' title='bbox 191 2485 347 2556; x_wconf 82' lang='lat' dir='ltr'>moriatur,</span> <span class='ocrx_word' id='word_1_228' title='bbox 362 2483 454 2543; x_wconf 90' lang='lat' dir='ltr'>homo</span> <span class='ocrx_word' id='word_1_229' title='bbox 470 2491 526 2554; x_wconf 85' lang='lat' dir='ltr'>est,</span> <span class='ocrx_word' id='word_1_230' title='bbox 540 2496 638 2557; x_wconf 85' lang='lat' dir='ltr'>equus</span> <span class='ocrx_word' id='word_1_231' title='bbox 654 2496 763 2559; x_wconf 83' lang='lat' dir='ltr'>equus,</span> <span class='ocrx_word' id='word_1_232' title='bbox 779 2485 864 2544; x_wconf 88' lang='lat' dir='ltr'>canis</span> <span class='ocrx_word' id='word_1_233' title='bbox 880 2480 975 2544; x_wconf 85' lang='lat' dir='ltr'>canis.</span> <span class='ocrx_word' id='word_1_234' title='bbox 996 2485 1129 2545; x_wconf 88' lang='lat' dir='ltr'>transire</span> <span class='ocrx_word' id='word_1_235' title='bbox 1142 2485 1174 2545; x_wconf 91' lang='lat' dir='ltr'>in</span> 
     </span>
     <span class='ocr_line' id='line_1_28' title="bbox 192 2566 1174 2643; baseline 0.004 -17"><span class='ocrx_word' id='word_1_236' title='bbox 192 2567 275 2626; x_wconf 88' lang='lat' dir='ltr'>aliud</span> <span class='ocrx_word' id='word_1_237' title='bbox 289 2584 350 2627; x_wconf 92' lang='lat' dir='ltr'>non</span> <span class='ocrx_word' id='word_1_238' title='bbox 369 2574 484 2642; x_wconf 80' lang='lat' dir='ltr'>potest:</span> <span class='ocrx_word' id='word_1_239' title='bbox 506 2567 633 2640; x_wconf 89' lang='lat' dir='ltr'>iustitia,</span> <span class='ocrx_word' id='word_1_240' title='bbox 646 2570 679 2629; x_wconf 90' lang='lat' dir='ltr'>id</span> <span class='ocrx_word' id='word_1_241' title='bbox 696 2575 745 2627; x_wconf 90' lang='lat' dir='ltr'>est</span> <span class='ocrx_word' id='word_1_242' title='bbox 757 2568 876 2629; x_wconf 87' lang='lat' dir='ltr'>animus</span> <span class='ocrx_word' id='word_1_243' title='bbox 893 2566 1123 2643; x_wconf 85' lang='lat' dir='ltr'>quodammodo</span> <span class='ocrx_word' id='word_1_244' title='bbox 1138 2585 1174 2630; x_wconf 89' lang='lat' dir='ltr'>se</span> 
     </span>
     <span class='ocr_line' id='line_1_29' title="bbox 192 2650 1172 2722; baseline 0.005 -14"><span class='ocrx_word' id='word_1_245' title='bbox 192 2650 325 2722; x_wconf 86' lang='lat' dir='ltr'>habens,</span> <span class='ocrx_word' id='word_1_246' title='bbox 347 2650 458 2709; x_wconf 86' lang='lat' dir='ltr'>animai</span> <span class='ocrx_word' id='word_1_247' title='bbox 478 2656 535 2710; x_wconf 85' lang='lat' dir='ltr'>cst.</span> <span class='ocrx_word' id='word_1_248' title='bbox 567 2650 744 2710; x_wconf 72' lang='lat' dir='ltr'>credamuss</span> <span class='ocrx_word' id='word_1_249' title='bbox 768 2652 881 2712; x_wconf 86' lang='lat' dir='ltr'>deinde</span> <span class='ocrx_word' id='word_1_250' title='bbox 899 2651 1010 2711; x_wconf 85' lang='lat' dir='ltr'>animal</span> <span class='ocrx_word' id='word_1_251' title='bbox 1024 2660 1073 2714; x_wconf 83' lang='lat' dir='ltr'>est</span> <span class='ocrx_word' id='word_1_252' title='bbox 1089 2653 1172 2714; x_wconf 79' lang='lat' dir='ltr'>torti-</span> 
     </span>
     <span class='ocr_line' id='line_1_30' title="bbox 191 2732 1174 2811; baseline 0.006 -21"><span class='ocrx_word' id='word_1_253' title='bbox 191 2733 275 2805; x_wconf 87' lang='lat' dir='ltr'>tudo,</span> <span class='ocrx_word' id='word_1_254' title='bbox 289 2732 320 2791; x_wconf 93' lang='lat' dir='ltr'>id</span> <span class='ocrx_word' id='word_1_255' title='bbox 332 2741 379 2792; x_wconf 88' lang='lat' dir='ltr'>est</span> <span class='ocrx_word' id='word_1_256' title='bbox 390 2733 509 2793; x_wconf 89' lang='lat' dir='ltr'>animus</span> <span class='ocrx_word' id='word_1_257' title='bbox 521 2734 748 2807; x_wconf 86' lang='lat' dir='ltr'>quodammodo</span> <span class='ocrx_word' id='word_1_258' title='bbox 761 2750 796 2794; x_wconf 86' lang='lat' dir='ltr'>se</span> <span class='ocrx_word' id='word_1_259' title='bbox 805 2736 934 2796; x_wconf 85' lang='lat' dir='ltr'>habens.</span> <span class='ocrx_word' id='word_1_260' title='bbox 950 2735 1021 2811; x_wconf 83' lang='lat' dir='ltr'>quis</span> <span class='ocrx_word' id='word_1_261' title='bbox 1031 2736 1174 2799; x_wconf 77' lang='lat' dir='ltr'>animust</span> 
     </span>
     <span class='ocr_line' id='line_1_31' title="bbox 191 2814 1173 2896; baseline 0.008 -23"><span class='ocrx_word' id='word_1_262' title='bbox 191 2814 256 2886; x_wconf 85' lang='lat' dir='ltr'>iiie,</span> <span class='ocrx_word' id='word_1_263' title='bbox 279 2815 331 2890; x_wconf 86' lang='lat' dir='ltr'>qui</span> <span class='ocrx_word' id='word_1_264' title='bbox 346 2816 438 2877; x_wconf 91' lang='lat' dir='ltr'>modo</span> <span class='ocrx_word' id='word_1_265' title='bbox 455 2816 569 2877; x_wconf 87' lang='lat' dir='ltr'>iustitia</span> <span class='ocrx_word' id='word_1_266' title='bbox 583 2823 667 2876; x_wconf 71' lang='lat' dir='ltr'>erati</span> <span class='ocrx_word' id='word_1_267' title='bbox 693 2825 813 2880; x_wconf 88' lang='lat' dir='ltr'>tenetur</span> <span class='ocrx_word' id='word_1_268' title='bbox 826 2819 857 2880; x_wconf 94' lang='lat' dir='ltr'>in</span> <span class='ocrx_word' id='word_1_269' title='bbox 872 2820 975 2896; x_wconf 80' lang='lat' dir='ltr'>priora</span> <span class='ocrx_word' id='word_1_270' title='bbox 989 2819 1126 2896; x_wconf 87' lang='lat' dir='ltr'>animali,</span> <span class='ocrx_word' id='word_1_271' title='bbox 1141 2821 1173 2881; x_wconf 89' lang='lat' dir='ltr'>in</span> 
     </span>
     <span class='ocr_line' id='line_1_32' title="bbox 192 2899 1173 2980; baseline 0.01 -23"><span class='ocrx_word' id='word_1_272' title='bbox 192 2899 277 2958; x_wconf 88' lang='lat' dir='ltr'>aliud</span> <span class='ocrx_word' id='word_1_273' title='bbox 287 2899 397 2958; x_wconf 84' lang='lat' dir='ltr'>animal</span> <span class='ocrx_word' id='word_1_274' title='bbox 408 2900 537 2960; x_wconf 76' lang='lat' dir='ltr'>mansire</span> <span class='ocrx_word' id='word_1_275' title='bbox 548 2901 575 2960; x_wconf 88' lang='lat' dir='ltr'>ei</span> <span class='ocrx_word' id='word_1_276' title='bbox 587 2916 649 2961; x_wconf 92' lang='lat' dir='ltr'>non</span> <span class='ocrx_word' id='word_1_277' title='bbox 660 2903 744 2964; x_wconf 81' lang='lat' dir='ltr'>licet:</span> <span class='ocrx_word' id='word_1_278' title='bbox 761 2903 792 2962; x_wconf 93' lang='lat' dir='ltr'>in</span> <span class='ocrx_word' id='word_1_279' title='bbox 803 2919 840 2964; x_wconf 90' lang='lat' dir='ltr'>eo</span> <span class='ocrx_word' id='word_1_280' title='bbox 856 2903 907 2979; x_wconf 85' lang='lat' dir='ltr'>iili,</span> <span class='ocrx_word' id='word_1_281' title='bbox 922 2903 953 2964; x_wconf 91' lang='lat' dir='ltr'>iu</span> <span class='ocrx_word' id='word_1_282' title='bbox 966 2919 1030 2980; x_wconf 88' lang='lat' dir='ltr'>quo</span> <span class='ocrx_word' id='word_1_283' title='bbox 1041 2903 1173 2980; x_wconf 89' lang='lat' dir='ltr'>primum</span> 
     </span>
     <span class='ocr_line' id='line_1_33' title="bbox 150 2981 1171 3059; baseline 0.009 -16"><span class='ocrx_word' id='word_1_284' title='bbox 150 2991 263 3043; x_wconf 72' lang='lat' dir='ltr'>lamse</span> <span class='ocrx_word' id='word_1_285' title='bbox 278 2981 387 3058; x_wconf 87' lang='lat' dir='ltr'>coepit,</span> <span class='ocrx_word' id='word_1_286' title='bbox 406 2985 667 3059; x_wconf 83' lang='lat' dir='ltr'>perseverandum</span> <span class='ocrx_word' id='word_1_287' title='bbox 684 2995 740 3049; x_wconf 84' lang='lat' dir='ltr'>cst.</span> <span class='ocrx_word' id='word_1_288' title='bbox 777 2987 941 3050; x_wconf 84' lang='lat' dir='ltr'>Praeterea</span> <span class='ocrx_word' id='word_1_289' title='bbox 954 3001 1037 3049; x_wconf 81' lang='lat' dir='ltr'>unns</span> <span class='ocrx_word' id='word_1_290' title='bbox 1049 2989 1171 3052; x_wconf 86' lang='lat' dir='ltr'>animus</span> 
     </span>
     <span class='ocr_line' id='line_1_34' title="bbox 192 3067 1173 3149; baseline 0.008 -22"><span class='ocrx_word' id='word_1_291' title='bbox 192 3067 322 3128; x_wconf 88' lang='lat' dir='ltr'>duorum</span> <span class='ocrx_word' id='word_1_292' title='bbox 336 3081 407 3128; x_wconf 86' lang='lat' dir='ltr'>esse</span> <span class='ocrx_word' id='word_1_293' title='bbox 421 3068 593 3131; x_wconf 82' lang='lat' dir='ltr'>animalium</span> <span class='ocrx_word' id='word_1_294' title='bbox 609 3085 670 3131; x_wconf 86' lang='lat' dir='ltr'>non</span> <span class='ocrx_word' id='word_1_295' title='bbox 685 3079 795 3146; x_wconf 78' lang='lat' dir='ltr'>potest,</span> <span class='ocrx_word' id='word_1_296' title='bbox 813 3071 1018 3133; x_wconf 88' lang='lat' dir='ltr'>multominus</span> <span class='ocrx_word' id='word_1_297' title='bbox 1030 3073 1173 3149; x_wconf 86' lang='lat' dir='ltr'>plurium.</span> 
     </span>
     <span class='ocr_line' id='line_1_35' title="bbox 192 3151 1172 3232; baseline 0.007 -20"><span class='ocrx_word' id='word_1_298' title='bbox 192 3153 219 3212; x_wconf 84' lang='lat' dir='ltr'>si</span> <span class='ocrx_word' id='word_1_299' title='bbox 233 3151 362 3227; x_wconf 86' lang='lat' dir='ltr'>iustitia,</span> <span class='ocrx_word' id='word_1_300' title='bbox 380 3154 535 3228; x_wconf 81' lang='lat' dir='ltr'>fortitudo,</span> <span class='ocrx_word' id='word_1_301' title='bbox 549 3154 750 3230; x_wconf 85' lang='lat' dir='ltr'>temperantia</span> <span class='ocrx_word' id='word_1_302' title='bbox 765 3163 948 3232; x_wconf 84' lang='lat' dir='ltr'>ceteraeque</span> <span class='ocrx_word' id='word_1_303' title='bbox 962 3155 1092 3218; x_wconf 73' lang='lat' dir='ltr'>vincas</span> <span class='ocrx_word' id='word_1_304' title='bbox 1106 3157 1172 3219; x_wconf 85' lang='lat' dir='ltr'>ani·</span> 
     </span>
     <span class='ocr_line' id='line_1_36' title="bbox 190 3237 1172 3317; baseline 0.01 -22"><span class='ocrx_word' id='word_1_305' title='bbox 190 3237 282 3296; x_wconf 85' lang='lat' dir='ltr'>maiia</span> <span class='ocrx_word' id='word_1_306' title='bbox 296 3245 381 3311; x_wconf 81' lang='lat' dir='ltr'>sunt,</span> <span class='ocrx_word' id='word_1_307' title='bbox 399 3238 555 3314; x_wconf 85' lang='lat' dir='ltr'>quomodo</span> <span class='ocrx_word' id='word_1_308' title='bbox 570 3255 663 3300; x_wconf 89' lang='lat' dir='ltr'>unum</span> <span class='ocrx_word' id='word_1_309' title='bbox 680 3239 813 3300; x_wconf 85' lang='lat' dir='ltr'>animum</span> <span class='ocrx_word' id='word_1_310' title='bbox 827 3240 1003 3302; x_wconf 65' lang='lat' dir='ltr'>habebunt?</span> <span class='ocrx_word' id='word_1_311' title='bbox 1032 3241 1172 3317; x_wconf 75' lang='lat' dir='ltr'>singulos</span> 
     </span>
     <span class='ocr_line' id='line_1_37' title="bbox 150 3318 1173 3402; baseline 0.01 -24"><span class='ocrx_word' id='word_1_312' title='bbox 150 3318 322 3381; x_wconf 83' lang='lat' dir='ltr'>13hnbennt</span> <span class='ocrx_word' id='word_1_313' title='bbox 336 3329 457 3397; x_wconf 85' lang='lat' dir='ltr'>oportet</span> <span class='ocrx_word' id='word_1_314' title='bbox 472 3329 599 3383; x_wconf 89' lang='lat' dir='ltr'>autnon</span> <span class='ocrx_word' id='word_1_315' title='bbox 614 3329 684 3385; x_wconf 91' lang='lat' dir='ltr'>sunt</span> <span class='ocrx_word' id='word_1_316' title='bbox 698 3325 847 3386; x_wconf 85' lang='lat' dir='ltr'>animalia.</span> <span class='ocrx_word' id='word_1_317' title='bbox 879 3325 948 3386; x_wconf 84' lang='lat' dir='ltr'>Non</span> <span class='ocrx_word' id='word_1_318' title='bbox 962 3330 1067 3402; x_wconf 84' lang='lat' dir='ltr'>potest</span> <span class='ocrx_word' id='word_1_319' title='bbox 1076 3342 1173 3388; x_wconf 83' lang='lat' dir='ltr'>unum</span> 
     </span>
     <span class='ocr_line' id='line_1_38' title="bbox 191 3406 1173 3485; baseline 0.011 -22"><span class='ocrx_word' id='word_1_320' title='bbox 191 3419 305 3479; x_wconf 84' lang='lat' dir='ltr'>corpus</span> <span class='ocrx_word' id='word_1_321' title='bbox 319 3406 451 3481; x_wconf 88' lang='lat' dir='ltr'>plurium</span> <span class='ocrx_word' id='word_1_322' title='bbox 461 3407 633 3468; x_wconf 83' lang='lat' dir='ltr'>animalium</span> <span class='ocrx_word' id='word_1_323' title='bbox 645 3423 725 3468; x_wconf 85' lang='lat' dir='ltr'>asse.</span> <span class='ocrx_word' id='word_1_324' title='bbox 741 3408 801 3469; x_wconf 89' lang='lat' dir='ltr'>hoc</span> <span class='ocrx_word' id='word_1_325' title='bbox 813 3409 914 3485; x_wconf 81' lang='lat' dir='ltr'>stipsi</span> <span class='ocrx_word' id='word_1_326' title='bbox 925 3410 1073 3471; x_wconf 71' lang='lat' dir='ltr'>iacentum</span> <span class='ocrx_word' id='word_1_327' title='bbox 1085 3408 1173 3473; x_wconf 84' lang='lat' dir='ltr'>iusti·</span> 
     </span>
     <span class='ocr_line' id='line_1_39' title="bbox 190 3487 1174 3570; baseline 0.011 -24"><span class='ocrx_word' id='word_1_328' title='bbox 190 3487 250 3546; x_wconf 85' lang='lat' dir='ltr'>tius</span> <span class='ocrx_word' id='word_1_329' title='bbox 265 3491 349 3564; x_wconf 88' lang='lat' dir='ltr'>quod</span> <span class='ocrx_word' id='word_1_330' title='bbox 363 3497 413 3551; x_wconf 84' lang='lat' dir='ltr'>est</span> <span class='ocrx_word' id='word_1_331' title='bbox 424 3497 559 3566; x_wconf 81' lang='lat' dir='ltr'>corpust</span> <span class='ocrx_word' id='word_1_332' title='bbox 573 3492 700 3552; x_wconf 84' lang='lat' dir='ltr'>animus.</span> <span class='ocrx_word' id='word_1_333' title='bbox 717 3493 813 3568; x_wconf 79' lang='lat' dir='ltr'>quidt</span> <span class='ocrx_word' id='word_1_334' title='bbox 826 3493 1011 3555; x_wconf 76' lang='lat' dir='ltr'>fortitudinis</span> <span class='ocrx_word' id='word_1_335' title='bbox 1027 3494 1114 3570; x_wconf 83' lang='lat' dir='ltr'>quod</span> <span class='ocrx_word' id='word_1_336' title='bbox 1124 3504 1174 3557; x_wconf 87' lang='lat' dir='ltr'>est</span> 
     </span>
    </p>
   </div>
   <div class='ocr_carea' id='block_1_3' title="bbox 0 0 1238 3930">
    <p class='ocr_par' dir='ltr' id='par_1_3' title="bbox 0 0 1238 3930">
     <span class='ocr_line' id='line_1_40' title="bbox 0 0 1238 3930; baseline 0 1"><span class='ocrx_word' id='word_1_337' title='bbox 0 0 1238 3930; x_wconf 95' lang='lat' dir='ltr'> </span> 
     </span>
    </p>
   </div>
  </div>
 </body>
</html>
