2468 3930
191 223 255 288 tlt
480 225 513 284 L.
534 223 682 284 ANNAEI
703 221 878 283 SENECAE

192 372 292 436 rerum
304 380 442 434 naturam
453 371 570 433 dicere:
586 373 672 447 „ista
685 373 724 432 de
739 371 850 448 quibus
864 373 1010 448 quereris,
1025 374 1170 436 omnibus

192 459 299 520 eadem
315 465 393 518 sunt.
409 455 483 516 nulli
498 456 564 520 dari
579 455 717 515 faciliora
730 462 872 530 possunt
888 457 945 516 sed
956 456 1099 532 quisquis
1115 476 1168 519 vo-

192 543 241 613 let,
257 540 397 615 sibiipsa
415 540 466 599 illa
479 540 589 600 reddet
603 539 768 599 laeiliora.“
785 540 962 615 quomodo?
981 536 1170 615 aeqluanimi·

192 632 261 686 late.
281 625 319 685 Et
336 624 443 684 doleas
458 630 579 699 oportet
595 629 625 683 et
639 622 725 683 sitias
742 630 772 683 et
784 623 903 683 esurias
918 631 948 684 et
962 639 1128 700 senescau,
1142 625 1171 687 si

192 708 245 768 tibi
259 708 379 782 longior
394 707 553 781 eontigerit
572 705 650 766 inter
663 705 802 766 homines
817 722 917 781 mora,
937 714 967 767 et
980 715 1123 782 aegrotes
1139 718 1171 772 et

147 799 182 860 19
191 792 304 867 perdas
320 791 435 865 aliquid
450 797 481 850 et
494 805 614 864 pereas.
642 789 709 850 Non
723 797 771 850 est
786 797 885 850 tamen
906 791 989 865 qaod
1009 791 1093 865 istis,
1117 793 1170 868 qui

190 884 219 936 te
236 873 503 949 circumstrepunt,
529 874 653 932 orodas=
681 871 778 932 nihil
798 873 931 934 horum
945 875 1080 935 malum
1100 884 1169 950 est,

191 955 1062 1020 nihilintoleratiteautdurum=exaonsensu
1079 959 1171 1020 istis

190 1050 312 1103 metus
328 1049 403 1102 esta
434 1041 620 1100 siomorlem
645 1040 733 1100 limes
761 1041 916 1115 quomodo
945 1042 1065 1102 lamam.
1096 1043 1170 1119 quid

191 1132 290 1185 aulem
305 1125 424 1186 stultius
442 1123 565 1184 homino
579 1122 673 1182 verba
690 1130 863 1184 metuente?
881 1123 1044 1200 Eleganter
1053 1127 1169 1195 Deme-

190 1209 266 1269 trius
282 1216 387 1270 noster
401 1209 479 1267 solet
498 1206 601 1266 dicere
622 1206 731 1266 eodem
752 1207 820 1268 loeo
842 1206 901 1267 sibi
921 1223 993 1269 esse
1009 1226 1102 1270 voees
1125 1211 1168 1269 in-

191 1292 365 1367 peritorum,
382 1307 443 1367 quo
458 1297 563 1350 ventre
577 1290 716 1350 redditos
731 1291 876 1365 crepitus.
904 1292 999 1366 „quid
1014 1294 1108 1363 enim,
1124 1295 1169 1353 in-

152 1377 264 1450 inquit,
278 1391 346 1436 mea
356 1376 458 1447 relert,
473 1390 597 1433 sursum
608 1372 660 1433 isti
673 1389 713 1432 an
724 1374 872 1434 deorsam
883 1380 1034 1435 sonentt“
1050 1376 1169 1449 Quanta

191 1459 342 1521 dementia
358 1465 406 1519 est
420 1457 527 1529 vereri,
541 1472 581 1516 ne
594 1455 750 1517 infameris
763 1458 802 1517 ab
814 1458 1000 1518 infamibus?
1018 1460 1167 1534 quemad-

190 1543 314 1603 modum
328 1543 438 1602 lamam
455 1540 637 1601 extimuistis
657 1539 725 1601 sine
747 1557 856 1614 eausa,
879 1542 923 1601 sio
942 1547 973 1600 et
992 1541 1057 1611 illa,
1085 1558 1167 1617 quao

190 1642 353 1700 numquam
369 1625 528 1697 timereliS,
550 1624 608 1684 nisi
625 1624 707 1684 lama
720 1624 871 1685 iussisset
900 1639 972 1686 num
986 1624 1060 1700 quid
1074 1625 1167 1686 delri-

147 1709 280 1769 tlmeuti
296 1710 410 1768 laoeret
423 1708 470 1767 vir
484 1706 585 1768 bonus
605 1707 720 1782 iniquis
740 1708 914 1769 rumoribus
931 1715 1081 1784 sparsus?
1122 1710 1167 1770 Ne

190 1792 278 1852 morti
291 1792 416 1868 quidem
431 1791 490 1851 hoo
505 1792 589 1866 apud
604 1807 661 1852 nos
677 1800 801 1852 noceat:
822 1800 853 1852 et
876 1791 954 1852 haee
970 1793 1080 1855 malam
1102 1791 1167 1870 opi-

189 1876 311 1935 nionem
326 1875 426 1936 habel.
453 1890 543 1935 nemo
559 1890 680 1949 eorum,
699 1876 750 1950 qui
765 1876 846 1936 illam
866 1885 1028 1948 aoousant,
1056 1894 1167 1952 exper-

189 1966 238 2020 tus
254 1966 310 2020 est.
334 1959 455 2020 interim
471 1958 624 2019 temeritas
640 1966 687 2020 est
701 1959 855 2031 damnare,
878 1960 962 2035 quod
977 1976 1115 2021 nescias:
1138 1969 1169 2021 at

188 2043 262 2102 illud
277 2043 348 2117 sois,
367 2059 457 2118 quam
473 2043 573 2102 multis
588 2043 669 2103 utilis
685 2042 732 2116 sit,
751 2060 842 2119 quam
857 2043 969 2104 multos
984 2045 1092 2105 liberet
1107 2053 1166 2106 tor·

189 2126 308 2200 mentis,
326 2133 470 2203 egestate,
487 2127 629 2202 querelis,
646 2125 815 2202 suppliciis,
829 2125 941 2188 taedio.
977 2129 1044 2189 Non
1059 2145 1168 2190 sumas

188 2211 218 2270 in
239 2211 329 2272 ullius
352 2218 518 2287 potestate,
550 2226 618 2271 cum
638 2225 723 2272 mors
754 2209 786 2270 in
812 2218 919 2273 nostra
939 2218 1091 2288 potestate
1118 2213 1168 2273 sit.

188 2294 275 2356 Vale.

490 2430 706 2489 EPISTULA
726 2431 774 2487 lv.
803 2431 875 2502 (92.)

442 2524 553 2578 Sennea
571 2528 682 2579 Lucrino
703 2539 756 2578 sao
774 2538 916 2578 sanorum.

166 2638 180 2689 1
243 2625 319 2686 Puto
335 2627 413 2688 inter
423 2643 471 2686 me
483 2634 575 2704 teque
589 2630 751 2690 conveniet
761 2636 888 2690 externa
899 2629 1021 2704 corpori
1033 2629 1167 2706 adquiri,

189 2722 303 2783 eorpus
318 2709 348 2769 in
367 2710 516 2771 honorem
533 2713 624 2771 animi
641 2714 715 2790 ooli,
737 2714 766 2773 in
782 2714 881 2775 animo
897 2729 969 2774 esse
990 2719 1094 2788 partes
1111 2712 1166 2773 mi-

188 2791 316 2867 nistras,
343 2809 398 2868 per
419 2810 497 2868 quas
525 2811 683 2857 movemur
703 2798 886 2874 alimurque,
914 2804 1041 2873 propter
1064 2797 1166 2872 ipsum

188 2874 357 2950 principale
374 2878 463 2938 nobis
479 2879 577 2939 datas.
620 2881 654 2939 ln
671 2881 730 2942 hoe
746 2881 907 2958 principali
927 2887 975 2941 est
986 2880 1104 2954 aliquid
1120 2881 1165 2939 in·

188 2959 344 3032 rationale,
360 2968 450 3022 estet
463 2961 626 3022 rationale:
642 2962 716 3025 illud
728 2963 799 3025 huie
810 2966 912 3026 servit.
931 2965 991 3026 hoe
1002 2979 1096 3024 unum
1107 2971 1164 3037 est,

188 3044 274 3118 quod
288 3044 347 3105 alio
363 3061 424 3106 non
438 3047 576 3119 retertur,
592 3047 649 3107 sed
665 3049 766 3109 omnia
781 3049 821 3108 ad
836 3065 871 3109 se
886 3049 1008 3124 perient.
1030 3062 1099 3106 nam
1114 3046 1165 3106 illa

189 3143 313 3204 quoqne
325 3129 428 3190 divina
442 3131 519 3191 ratio
534 3130 675 3191 omnibus
687 3133 864 3207 praeposita
874 3139 932 3206 est,
949 3130 1019 3208 ipse
1030 3131 1087 3193 sub
1099 3131 1165 3190 aul·

187 3211 216 3271 lo
233 3220 295 3272 est:
311 3213 431 3275 ethaeo
445 3220 547 3275 autem
562 3221 667 3275 nostra
680 3217 788 3276 eadem
805 3224 868 3289 est,
891 3232 970 3292 quae
985 3231 1025 3275 ex
1042 3215 1094 3277 illa
1107 3220 1164 3275 est.

157 3303 175 3356 2
188 3292 220 3354 Si
236 3295 274 3354 de
288 3296 348 3357 hoe
361 3296 440 3359 inter
453 3314 511 3359 nos
524 3298 679 3373 convenit,
701 3300 839 3375 sequitur
859 3308 893 3361 ut
913 3300 952 3360 de
972 3299 1024 3359 illo
1039 3313 1166 3374 quoque

188 3378 359 3455 conveniat,
373 3381 409 3442 in
423 3381 579 3444 hoouno
595 3383 1024 3457 positamossebeatam
1038 3383 1165 3454 vitam,

305 3461 409 3526 tobis
422 3465 523 3528 ratio
539 3467 717 3541 perlecta
731 3467 791 3528 sit.
819 3467 895 3529 haee
911 3467 992 3529 enim
1013 3470 1083 3529 sola
1102 3481 1163 3527 non
