2460 3916
196 227 260 293 380
486 226 520 286 L.
541 224 688 285 ANNAEI
709 223 884 284 SENECAE

197 383 249 443 illo
268 397 343 442 auro
364 380 457 441 ioeda
476 377 559 453 ligna
581 378 708 438 latitare.
736 392 793 437 nec
813 384 928 438 tantum
942 375 1112 452 parietibus
1128 384 1176 439 aut

197 466 390 526 lacunaribus
419 470 630 523 ornamentum
664 468 755 521 tenue
784 461 1007 536 praetenditur:
1044 461 1177 523 omnium

198 553 335 622 istorum,
352 563 432 623 quos
446 547 590 606 incedere
604 549 682 606 altos
694 545 790 619 vides,
804 546 959 606 bracteata
973 545 1103 607 felicitas
1116 554 1177 607 asta

199 633 331 707 inspice,
362 640 393 692 et
418 631 514 704 scies,
548 630 606 690 sub
632 631 690 690 ista
714 629 796 690 tenui
821 630 997 690 membrana
1022 629 1178 705 dignitatis

158 722 345 792 loquantum
359 715 429 774 mati
446 714 551 774 iaceat.
595 713 679 773 Haec
694 713 764 788 ipsa
778 729 845 786 res,
868 729 946 789 quae
961 720 1006 774 tot
1020 715 1178 789 magistra-

197 809 262 873 tus,
288 806 331 860 tot
350 799 467 861 iudices
487 799 615 872 detinet,
645 812 725 873 quae
746 805 776 858 et
793 799 987 872 magistratus
1010 807 1040 860 et
1060 798 1178 860 iudices

197 884 277 957 iacit,
293 881 433 958 pecunia,
449 899 488 942 ex
504 901 565 957 quo
580 883 611 941 in
624 881 742 942 honore
756 897 827 942 esse
842 881 954 957 coepit,
967 898 1060 942 verus
1076 899 1178 944 rerum

196 968 296 1028 honor
325 968 451 1042 cecidit,
474 975 724 1039 mercatoresque
749 973 780 1025 et
802 968 927 1026 venales
953 965 1086 1027 invicem
1108 967 1179 1027 iacti

199 1051 375 1128 quaerimus
390 1067 452 1111 non
468 1052 559 1126 quate
574 1050 614 1110 sit
629 1048 773 1125 quidque,
794 1051 850 1109 sed
866 1050 985 1126 quanti:
1008 1051 1048 1110 ad
1063 1066 1179 1113 meree·

198 1137 268 1196 dem
286 1135 328 1210 pii
344 1151 464 1208 sumus,
485 1135 526 1194 ad
540 1135 713 1194 mercedem
727 1132 815 1208 inpii,
831 1142 862 1194 et
876 1135 1015 1205 honesta,
1033 1135 1179 1210 quamdiu

199 1220 302 1295 aliqua
316 1219 375 1279 iltis
391 1235 464 1294 spes
479 1219 568 1289 inest,
584 1217 749 1293 sequimur,
767 1216 798 1277 in
815 1218 999 1279 contrarium
1013 1219 1178 1296 transituri,

158 1305 225 1364 tlsi
252 1306 322 1378 ptus
349 1304 468 1363 scelera
494 1303 677 1377 promittent.
730 1301 1037 1362 Admirationem
1063 1303 1178 1368 nobis

199 1394 384 1463 parentes
406 1383 490 1446 auri
511 1385 744 1461 argentique
766 1384 1178 1449 iec'eruntettenerisin·

199 1473 268 1532 tusa
291 1471 441 1544 cupiditas
466 1469 556 1528 altius
577 1469 657 1530 sedit
684 1469 839 1545 crevitque
860 1470 1035 1532 nobiscum.
1069 1471 1181 1532 deindo

198 1562 303 1615 totus
330 1554 499 1629 populus
524 1551 555 1612 in
576 1554 635 1613 aiia
655 1553 776 1614 discors
796 1553 827 1612 in
847 1554 907 1615 hoc
934 1553 1088 1614 convenit.
1120 1555 1178 1618 boc

200 1638 384 1712 suspiciunt,
405 1636 464 1696 hoc
487 1637 552 1697 suis
568 1645 689 1713 optant,
713 1637 773 1698 hoc
795 1638 843 1698 dis
862 1638 944 1699 velut
957 1654 1060 1698 rerum
1074 1639 1179 1700 huma·

199 1737 305 1782 narum
326 1721 506 1794 maximum,
533 1737 602 1781 cum
624 1721 700 1797 grati
721 1722 818 1781 videri
838 1723 958 1797 volunt,
985 1723 1179 1785 consecrant.

200 1803 333 1879 denique
355 1820 392 1865 eo
413 1821 516 1865 mores
538 1806 653 1866 redacti
675 1811 761 1879 sunt,
782 1813 815 1866 ut
835 1814 999 1882 paupertas
1017 1807 1180 1869 maledicto

200 1889 378 1964 probroque
398 1891 451 1962 sit,
479 1896 653 1964 contempta
674 1887 834 1964 divitibus,
859 1891 964 1951 invisa*
979 1891 1179 1966 pauperibus.

160 1974 360 2032 rancoedunt
375 1973 486 2032 deinde
502 1973 672 2033 carmina
686 1981 897 2049 poetarum,
913 1990 992 2050 quae
1007 1975 1180 2037 adfectibus

198 2056 312 2117 nostris
330 2058 429 2116 facem
443 2057 584 2129 subdant,
602 2056 713 2132 quibus
729 2055 852 2118 divitiae
866 2061 949 2119 vetut
962 2059 1088 2120 unicum
1104 2061 1181 2120 vitae

199 2141 295 2200 decus
319 2148 589 2216 ornamentumque
610 2140 779 2202 laudantur.
812 2142 886 2201 nibil
910 2141 968 2203 iilis
990 2143 1101 2206 melius
1125 2157 1181 2206 nec

200 2224 274 2284 dare
291 2226 433 2285 videntur
448 2226 478 2284 di
493 2225 669 2285 inmortales
685 2241 780 2300 posse
794 2241 851 2285 nec
865 2225 989 2286 habere.

158 2311 191 2366 13
323 2310 420 2384 Beata
433 2309 511 2369 Solis
526 2315 595 2369 erat
607 2310 776 2370 sublimibus
789 2313 850 2370 otto
864 2313 1007 2372 colomnis

324 2397 412 2454 claro
425 2397 551 2453 micante
564 2409 640 2453 auro

199 2476 337 2537 eiusdem
353 2493 474 2535 currum
490 2476 633 2550 adspice:

283 2576 393 2619 aureas
404 2562 473 2618 axis
486 2567 558 2632 erat,
577 2568 651 2620 temo
665 2577 783 2634 aureus,
801 2577 896 2622 aureo
910 2579 1040 2624 summae

283 2648 446 2702 ourootmo
460 2651 551 2717 rotae,
566 2644 723 2705 radiorum
737 2655 895 2718 oroenteus
911 2646 993 2706 ordo.

198 2726 338 2798 Denique
355 2726 437 2798 quod
453 2727 600 2800 optimum
615 2727 713 2787 videri
726 2729 832 2787 volunt
846 2731 1000 2803 secutum,
1022 2744 1182 2790 aureum

159 2808 363 2882 ltadpeliant.
406 2809 470 2869 Nec
485 2812 568 2885 apud
584 2811 719 2870 Graecos
733 2811 867 2886 tragicos
883 2813 1009 2887 desunt,
1025 2813 1079 2890 qui
1094 2814 1181 2873 lucro

199 2891 411 2967 innocentiam,
428 2895 566 2965 satutem,
583 2892 758 2968 opinionem
773 2894 886 2956 bonam
899 2903 1024 2957 mutent„

283 2976 354 3036 Sine
366 2993 412 3038 me
426 2981 529 3039 vocari
540 2980 706 3052 pessimum,
723 2985 757 3038 at
769 2979 849 3040 diues
862 2996 958 3041 vocer.

283 3063 330 3120 Aa
344 3062 432 3136 diues,
448 3079 547 3122 omnes
560 3064 739 3136 quaerimus,
753 3079 845 3138 nemo,
860 3081 901 3123 un
915 3065 1015 3127 bonus

283 3145 349 3206 Non
362 3162 457 3220 quare
469 3153 499 3206 et
510 3146 598 3219 unde,
613 3147 687 3220 quid
697 3147 817 3219 babeas,
835 3153 948 3208 tontum
960 3154 1080 3223 rooont.

287 3226 398 3303 Ubique
411 3233 487 3289 tanto·
497 3232 626 3304 quispim,
641 3236 783 3304 quantum
796 3232 906 3304 habuit,
918 3230 989 3305 fait.

211 3322 214 3328 ’
284 3312 363 3384 Quid
374 3313 483 3374 dobere
495 3314 577 3373 nobis
590 3315 728 3389 turpasti
740 3312 882 3389 quoeris?
902 3315 986 3375 nihil.

282 3396 342 3456 Aut
354 3397 435 3457 diues
447 3402 514 3473 opto
527 3400 625 3458 uiuere
638 3404 692 3458 cut
700 3414 822 3474 pauper
834 3401 917 3459 mort.
946 3399 949 3403 ⁴

281 3480 365 3539 Bene
375 3483 506 3556 moritur,
518 3484 649 3557 quosquis
659 3484 791 3555 moritur,
803 3484 874 3542 dum
883 3481 1102 3557 luorumfaoit.
