2468 3930
268 224 437 286 nrrsrnt.
452 223 546 285 noa.
569 224 703 284 traxi.
725 224 819 286 aaa.
842 227 913 300 (ce.)
953 184 955 188 ’
1018 223 1080 289 217

99 378 188 451 teris,
203 385 236 438 ut
250 377 342 438 totius
354 377 453 452 gentis
464 377 582 437 ruinam
592 374 721 446 obiectis
733 377 915 452 corporibus
926 379 1082 455 excipiant

100 469 131 523 et
151 462 213 522 vita
234 461 336 536 potius
357 477 450 536 quam
471 461 540 521 loco
562 460 692 521 cedant?
725 460 825 521 dices=
851 463 957 537 „quod
971 465 1082 526 malum

99 553 163 620 est,
177 544 345 621 gloriosum
360 561 422 605 non
437 551 493 604 cst.
516 560 599 606 mors
612 545 748 619 gloriosa
762 552 823 605 est:
838 561 921 607 mors
934 562 1007 621 crgo
1020 564 1082 610 non

99 630 255 690 malum“t
283 628 306 688 0
330 628 487 688 efficacem
509 628 704 690 concionem!
729 627 799 704 quis
815 629 980 704 posthanc
995 632 1081 693 dubi-

99 721 146 776 tet
157 727 194 772 se
207 712 327 773 infestis
343 713 482 786 ingerere
497 712 693 774 mucronibus
716 720 746 772 et
760 713 951 773 stans'morit
976 715 1018 774 Αι
1031 715 1082 776 ille

100 796 253 858 Leonidas
275 812 366 872 quam
387 795 503 856 lortiter
517 796 586 856 illos
601 795 763 857 adlocutus
780 797 840 862 est!
866 796 953 872 „sta
976 799 1082 874 inquit,

101 880 333 955 commilitones,
348 880 496 955 prandete
507 887 662 954 tamquam
673 881 756 954 apud
766 879 882 941 inferos
895 883 1083 943 coenaturi.“

100 965 169 1025 Non
196 964 226 1024 in
254 979 308 1025 ore
330 963 424 1023 crevit
444 963 545 1037 cibus,
574 979 635 1023 non
654 961 754 1022 haesit
778 960 986 1039 infamibus,
1020 982 1083 1026 non

102 1048 228 1123 elapsus
250 1054 297 1107 cst
316 1047 470 1107 manibus=
493 1049 610 1106 alacres
632 1053 662 1106 et
682 1047 721 1106 ad
736 1047 896 1121 prandium
912 1047 954 1107 illi
970 1050 1081 1123 promi-

101 1138 207 1193 serunt
227 1138 257 1192 et
276 1131 317 1190 ad
336 1146 474 1190 coenam.
504 1130 604 1204 uuida
631 1130 696 1189 dux
712 1130 762 1189 ille
775 1130 948 1203 Romanus,
970 1132 1023 1206 qui
1044 1131 1125 1200 adae

102 1215 315 1291 occupandum
342 1217 444 1275 locum
465 1215 575 1274 milites
600 1213 730 1289 missos,
755 1229 825 1273 cum
849 1229 905 1288 per
929 1215 1083 1290 ingentem

104 1300 235 1372 hostiurn
255 1299 421 1359 exercitum
441 1296 509 1359 ituri
533 1304 652 1371 essent,
674 1297 719 1356 sic
739 1297 900 1358 adlocutus
922 1306 984 1359 est:
1006 1299 1082 1373 „lre,

102 1381 340 1455 commilitones,
364 1381 416 1443 illo
441 1396 571 1442 necesse
592 1387 655 1455 est,
675 1381 758 1442 unde
777 1381 879 1442 redire
893 1398 955 1443 non
969 1391 1017 1443 est
1031 1397 1083 1441 ne-

103 1471 223 1528 cesse.“
260 1465 373 1540 Vides,
405 1481 496 1541 quam
521 1465 653 1540 simplex
678 1472 709 1525 et
728 1465 896 1539 imperiosa
916 1466 1014 1527 virtus
1029 1465 1083 1526 sit:

102 1567 193 1626 quem
213 1549 384 1610 mortalium
404 1549 704 1624 circumscriptiones
725 1555 848 1608 vestrae
869 1549 1024 1611 fortiorem
1040 1551 1054 1609 l
1073 1585 1084 1595 -

103 1649 187 1708 cere,
211 1649 303 1708 quem
323 1633 501 1693 erectiorem
521 1640 675 1708 possuntt
701 1634 844 1708 frangunt
862 1631 1010 1705 animum,
1033 1633 1086 1709 qui

102 1732 268 1793 numquam
282 1717 382 1777 minus
397 1716 624 1777 contrahendus
639 1724 688 1777 est
701 1723 731 1777 et
742 1716 772 1776 in
784 1717 899 1777 minuta
909 1733 947 1778 ac
956 1717 1086 1793 spinoso

105 1802 279 1875 cogendus,
309 1817 401 1875 quam
422 1815 489 1861 curn
512 1800 628 1876 aliquid
648 1801 765 1875 grande
787 1802 978 1877 conponitur.
1018 1801 1128 1862 Nonas

102 1885 261 1957 trecentis,
288 1884 346 1944 scd
365 1881 506 1947 omnibus
526 1884 703 1946 mortalibus
724 1885 829 1944 mortis
854 1885 956 1952 timor
969 1884 1086 1946 detrahi

104 1966 204 2029 debet
235 1969 391 2043 quomodo
405 1969 474 2029 illos
491 1970 586 2029 doces
602 1970 714 2030 malum
728 1985 790 2030 non
806 1975 899 2029 esset
927 1969 1084 2045 quomodo

105 2050 266 2127 opiniones
285 2053 379 2112 totius
393 2053 478 2126 aevi,
501 2050 613 2127 quibus
633 2051 782 2127 protinus*
793 2051 920 2113 inlantia
933 2052 1084 2125 imbuitur,

104 2135 243 2195 evincisl
270 2136 355 2210 quod
376 2137 522 2197 auxilium
543 2135 683 2196 inveniet
706 2135 781 2210 quid
801 2136 878 2196 dicis
900 2135 1085 2197 inbecillitati

103 2219 277 2280 humanae?
306 2220 381 2294 quid
401 2220 493 2293 dicis,
517 2236 577 2294 quo
593 2219 768 2279 inflammati
790 2219 820 2277 in
835 2220 935 2279 media
949 2219 1086 2294 pericula

103 2300 246 2365 inruente
274 2319 336 2377 qua
357 2304 495 2364 oratione
516 2302 597 2363 hunc
611 2302 737 2363 timendi
752 2316 953 2375 consensum,
976 2303 1087 2377 quibus

104 2385 216 2462 ingenii
231 2387 346 2447 viribus
367 2387 511 2448 obnixam
526 2395 633 2447 contra
652 2392 683 2445 tc
703 2386 937 2460 persuasionem
962 2384 1087 2445 humani

104 2469 225 2546 generis
242 2471 378 2531 avertisl
398 2472 494 2531 verba
506 2470 579 2530 mihi
594 2470 734 2545 captiosa
749 2470 900 2544 conponis
915 2475 945 2529 et
959 2469 1086 2528 interro-

104 2554 295 2628 gatiunculas
306 2555 425 2615 nectis?
444 2554 562 2629 Magnis
577 2555 646 2614 telis
658 2568 767 2628 magna
779 2560 919 2629 portenta
931 2551 1086 2612 feriuntur.

106 2636 286 2713 Serpentem
304 2637 385 2698 illam
404 2638 435 2696 in
450 2639 555 2698 Africa
569 2654 694 2699 saevam
708 2644 740 2697 et
752 2638 898 2703 Romanis
916 2635 1087 2712 legionibus
1094 2642 1130 2696 24

107 2721 185 2782 bello
207 2720 277 2797 ipso
301 2719 511 2782 terribiliorem
534 2723 646 2784 frustra
666 2721 784 2796 sagittis
806 2721 972 2797 lundisque
993 2717 1088 2795 petie·

104 2812 183 2864 runt.
212 2820 251 2863 ne
272 2804 383 2881 Pythio
411 2806 533 2879 quidem
559 2806 755 2866 vulnerabilis
780 2811 860 2879 erat,
887 2821 956 2866 cunr
979 2805 1087 2878 ingens

106 2888 283 2962 magnitudo
304 2905 360 2961 pro
381 2891 523 2949 vastitate
544 2889 684 2964 corporis
709 2889 810 2950 solido
830 2890 942 2949 lcrrum
957 2895 988 2948 et
1003 2885 1087 2963 quic-

106 2972 181 3046 quid
201 2970 351 3031 humanae
372 2979 524 3034 torserant
545 2989 654 3034 manus
673 2973 816 3032 reiceret=
847 2972 1013 3033 molaribus
1035 2970 1087 3029 de·

105 3070 186 3114 mum
202 3054 298 3114 fracta
312 3054 397 3115 saxis
412 3063 475 3116 est:
497 3065 528 3116 et
542 3059 692 3118 adversus
707 3065 835 3116 mortem
849 3063 881 3116 tu
895 3062 956 3115 tarn
973 3053 1089 3113 minuta

105 3137 271 3198 iocularis?
292 3139 402 3199 subula
416 3141 536 3203 leonem
551 3140 691 3215 excipis?
717 3137 816 3198 Acuta
831 3146 902 3201 sunt
915 3138 991 3210 ista,
1008 3150 1088 3210 quae

106 3220 200 3280 dicis:
231 3221 305 3281 nihil
320 3229 368 3283 est
382 3223 499 3284 acutius
515 3224 618 3284 arista.
649 3220 805 3295 Quaedam
819 3219 935 3282 inutilia
950 3226 980 3279 et
991 3217 1088 3278 inelli-

107 3303 193 3366 cacia
206 3305 277 3380 ipsa
291 3304 442 3366 subtilitas
455 3307 564 3368 reddit.
592 3306 680 3366 Vale.

494 3482 702 3495 *ἢ
