2468 3930
285 247 456 309 EPISTUL.
471 247 564 309 MOR.
585 249 658 309 LlB.
672 251 694 308 Ι.
714 250 773 309 ΕΡ.
786 259 883 316 5-7.
1034 252 1073 315 ll

98 402 195 466 oratio
217 401 364 476 proderit.
391 400 422 460 in
442 417 506 460 rem
527 409 719 477 praesentem
732 403 839 462 venias
854 410 990 478 oportet,
1013 404 1074 480 pri-

99 503 197 560 mum,
224 486 297 560 quia
316 483 456 544 homines
476 485 607 559 amplius
629 486 724 545 oculis
747 503 838 561 quarn
861 487 987 548 auribus
1010 503 1074 548 cre·

99 572 183 631 dunt.
206 568 334 642 deinde,
355 568 428 644 quin
442 569 567 642 longum
581 568 638 628 iter
652 575 700 628 est
715 584 770 642 per
783 578 963 647 praecepta,
981 572 1076 631 breve

99 662 130 714 et
143 653 257 714 etiicax
274 667 332 727 per
345 652 495 726 exempla.
528 652 681 712 Zenonem
698 652 858 714 cleanthes
873 670 935 714 non
950 659 1105 731 expres-6

100 736 209 811 sisset,
233 736 260 797 si
280 736 488 796 tantummodo
508 735 659 796 audisset:
679 735 760 796 vitae
775 735 842 798 eius
857 736 1005 813 interluit,
1029 755 1077 801 se·

100 829 184 883 creta
205 819 378 895 perspexit,
400 817 576 879 observavit
590 817 688 894 illum,
710 835 748 879 an
764 837 803 880 ex
818 822 947 882 formula
962 838 1020 882 sna
1032 822 1077 882 vi·

100 911 195 965 veret.
230 902 334 964 Platon
357 909 387 961 et
406 901 587 962 Aristoteles
609 909 640 962 et
660 903 758 964 omnis
779 905 809 963 in
829 905 1078 966 diversum-itura

101 987 285 1063 sapientium
298 985 387 1046 turba
401 987 471 1060 plus
485 1002 524 1045 ex
538 986 674 1046 moribus
689 1003 781 1061 quam
796 1003 835 1047 ex
851 989 951 1049 verbis
967 990 1077 1050 Socra-

101 1073 139 1133 tis
164 1071 266 1132 traxit.
306 1068 513 1131 Metrodorum
538 1075 568 1129 et
591 1069 809 1130 Hermarchum
835 1080 865 1132 et
889 1072 1077 1151 Polyaenum

101 1170 232 1230 magnos
252 1154 336 1213 viros
357 1169 419 1213 non
435 1153 541 1213 schola
555 1153 692 1229 Epicuri,
714 1154 771 1213 sed
786 1155 1017 1215 contubernium
1035 1157 1077 1215 le·

102 1240 152 1302 cit.
186 1238 250 1298 Nec
269 1239 299 1297 in
322 1236 382 1296 boc
401 1245 431 1296 te
451 1251 579 1297 accerso
593 1243 723 1310 tantum,
744 1243 777 1296 ut
790 1237 951 1315 proficias,
975 1239 1031 1299 sed
1046 1246 1079 1298 ut

104 1323 221 1398 prosis:
244 1321 404 1396 plurimum
419 1320 499 1379 enim
513 1322 589 1381 alter
605 1319 690 1380 alteri
706 1321 909 1382 conteremus.

171 1412 296 1475 Interim
321 1410 464 1485 quoniam
487 1410 628 1470 diurnam
652 1410 706 1469 tibi
732 1409 940 1470 mercedulam
966 1409 1106 1484 debeo,t

108 1497 185 1574 quid
209 1512 259 1557 me
283 1493 378 1554 hodie
403 1494 486 1568 apud
511 1495 701 1554 Hecatonem
732 1493 933 1553 delectaverit
965 1492 1076 1552 dicam.

109 1579 312 1658 „Quaeris‚
346 1576 460 1651 inquit,
500 1576 591 1651 quid
629 1575 888 1652 profecerim?
929 1577 1077 1642 amicus

109 1679 195 1726 esse
223 1660 344 1724 mihi.“
372 1662 501 1721 Multum
522 1660 667 1736 proiecit:
682 1675 869 1735 fnumquam
895 1660 953 1722 erit
978 1662 1076 1721 solus.

110 1749 188 1811 seito
202 1748 285 1807 hunc
300 1743 431 1804 amicum
446 1745 589 1805 omnibus
605 1760 687 1805 esse.
712 1747 802 1805 Vale.

442 1878 657 1936 EPISTULA
691 1879 751 1935 VH.

362 1972 473 2024 Surisca
490 1973 602 2023 Lucrum
622 1984 674 2024 suo
694 1985 832 2025 emersu.

171 2075 272 2151 „Quid
293 2076 347 2136 tibi
366 2075 523 2136 vitandum
539 2077 704 2151 praecipue
720 2076 924 2152 existimem‚“
948 2077 1114 2152 quaeris=1

111 2161 245 2221 turbam:
273 2158 410 2220 nondum
431 2157 474 2219 illi
493 2166 556 2220 tuto
578 2160 782 2222 committeris.
822 2161 888 2237 Ego
909 2168 991 2222 certe
1013 2177 1085 2222 con-

112 2243 222 2304 fitebor
240 2241 464 2303 inbecillitatem
485 2258 599 2303 meamz
620 2260 783 2318 numquam
797 2261 915 2316 mores,
939 2263 1018 2320 qnos
1034 2260 1086 2304 ex·

111 2328 180 2401 tuli,
207 2327 319 2386 reiero.
357 2324 472 2408 aliquid
494 2341 607 2399 exeo,
640 2328 724 2403 quod
745 2329 913 2402 conposui,
940 2327 1086 2388 turbatur.

60 2483 63 2495 ,
112 2409 228 2484 aliquid
247 2425 289 2489 ex
308 2410 371 2484 his,
398 2425 481 2484 quae
498 2410 615 2485 iugavi,
635 2410 722 2470 redit.
756 2410 844 2483 Quod
860 2407 960 2485 aegris
978 2410 1087 2483 evenit,

113 2510 193 2570 quos
208 2495 301 2568 longa
313 2492 493 2553 inbecillitas
508 2510 608 2570 usque
623 2510 661 2554 eo
674 2493 799 2566 adiecit,
814 2501 1010 2567 utnusquam
1021 2493 1087 2552 sine

113 2577 234 2638 offensa
249 2578 451 2652 proferantur,
474 2577 534 2637 hoc
548 2578 659 2639 accidit
673 2578 780 2652 nobis,
802 2593 931 2652 quorum
944 2577 1034 2636 animi
1048 2593 1089 2637 ex

111 2663 205 2735 longo
224 2661 332 2721 morbo
353 2659 538 2722 reficiuntur.
579 2660 703 2722 Inimica
723 2670 770 2722 est
784 2662 944 2723 multorum
962 2674 1116 2728 conver-a

112 2745 207 2805 satio=
229 2757 319 2804 nemo
334 2762 395 2806 non
411 2743 538 2820 aliquod
553 2746 642 2806 nobis
655 2746 760 2806 vitium
772 2753 824 2806 aut
835 2747 1027 2807 commendat
1038 2752 1090 2806 aut

112 2826 247 2904 inprimit
267 2835 320 2888 aut
339 2828 547 2889 nescientibus
568 2827 684 2889 adlinit.
718 2830 824 2905 utique
846 2846 908 2905 quo
929 2830 1026 2891 maior
1042 2837 1089 2889 est

112 2913 265 2987 populus,
294 2911 343 2972 cui
362 2913 540 2983 miscemur,
565 2912 626 2973 hoe
650 2912 776 2987 periculi
801 2915 870 2988 plus
891 2915 947 2976 est.
987 2913 1088 2973 Nihil

111 3011 186 3056 vero
213 3002 287 3055 tarn
315 2997 538 3056 damnosum
570 2995 682 3056 bonis
714 2995 887 3058 moribus
916 3013 1023 3073 quom
1053 2996 1088 3055 in

110 3078 247 3154 aliquo
274 3080 504 3155 spectaculo
531 3079 732 3139 desidere:
763 3086 835 3140 tnnc
856 3081 936 3140 enim
960 3095 1015 3156 per
1035 3095 1089 3138 vo-

111 3164 258 3237 luptatem
278 3163 398 3223 facilius
415 3161 488 3222 vitia
503 3163 681 3239 subrepunt.
719 3163 795 3238 Quid
809 3179 858 3223 me
873 3164 1029 3224 existimas
1046 3160 1119 3226 dia

111 3253 204 3306 cerel
223 3247 347 3306 avarior
359 3247 469 3320 redeo,
486 3245 682 3318 ambitiosior,
698 3245 893 3318 luxuriosior,
908 3247 1000 3305 immo
1014 3261 1088 3305 vero

110 3329 266 3390 cmdelior
279 3335 310 3390 et
321 3327 522 3402 inhumanior,
546 3329 617 3404 quia
631 3331 708 3390 inter
721 3329 860 3390 homines
875 3329 927 3389 lui.
964 3329 1045 3390 Casu
1059 3330 1087 3389 in

111 3413 313 3474 meridianum
329 3415 536 3488 spectaculum
552 3412 645 3473 incidi
659 3415 746 3473 lusus
761 3420 947 3486 exspectans
963 3419 993 3474 et
1007 3415 1088 3473 sales

110 3503 141 3555 et
152 3496 268 3572 aliquid
279 3497 457 3570 laxamenti,
473 3513 535 3572 quo
547 3497 703 3556 hominum
715 3496 794 3557 oculi
806 3495 844 3556 ab
856 3495 988 3558 humano
1001 3496 1089 3558 cr'uo·
