2468 3930
199 262 263 327 324
489 263 522 322 l..
544 263 690 323 ANNAEI
713 262 888 323 SENECAE

157 414 321 483 cadavere.
365 415 501 489 Aequo
530 414 654 475 animo
679 414 817 490 excipe
837 413 1076 475 necessaria.
1107 414 1183 491 quid

200 498 386 572 incredibile,
404 498 476 572 quid
488 515 599 558 novum
614 500 736 560 evenit?
750 515 841 574 quam
854 500 955 559 mullis
968 512 1037 560 cum
1049 499 1182 559 maxime

200 588 291 645 lunus
308 583 440 644 locatur!
470 581 677 657 quammultis
695 582 796 642 vitalia
812 589 965 644 emuntur!
988 584 1181 658 quammulti

200 675 271 745 post
282 666 395 727 luctum
405 673 490 727 tuum
501 668 619 741 lugent!
636 668 818 742 quotiens
834 667 1077 741 cogitaveris
1094 684 1180 743 pue-

200 768 280 812 rum
294 749 435 823 tuisse,
452 749 581 825 cogita
596 758 633 811 et
647 751 850 824 hominem,
866 750 914 811 cui
930 750 1003 811 nihil
1019 752 1094 811 certi
1109 768 1179 826 pro-

199 834 331 908 mittitur,
347 850 438 910 quem
449 835 569 895 fortuna
580 851 641 894 non
654 834 762 909 utique
774 833 914 908 perducit
924 836 964 895 ad
976 843 1179 896 senectutem:

157 920 281 982 munde
306 919 406 979 visum
434 926 497 992 est,
524 919 651 979 dimittit.
696 918 844 979 celerum·
860 920 1037 994 frequenter
1064 919 1113 979 de.
1128 920 1179 980 illo

201 1006 328 1080 loquere
354 1003 626 1064 etmemoriam
649 1004 749 1076 eius,
777 1010 953 1076 quantum
974 1010 1103 1078 potes,
1125 1019 1179 1062 ce·

201 1087 322 1155 lebrai
345 1103 425 1162 quae
439 1088 479 1147 ad
494 1088 523 1147 te‘
538 1086 663 1162 saepius
678 1086 856 1160 revertetur,
872 1086 899 1145 si
910 1087 967 1147 erit
982 1085 1049 1146 sine
1065 1086 1180 1147 acerbi-

199 1179 261 1233 tate
281 1178 418 1231 ventura.
448 1170 537 1232 nemo
559 1173 638 1231 enim
653 1171 781 1231 libenter
795 1168 873 1230 tristi
889 1179 1105 1246 conversetur,
1128 1187 1180 1231 ne·

201 1257 273 1317 dum
292 1255 439 1315 tristitiae.
470 1255 496 1315 si
521 1269 600 1331 quos
621 1269 779 1314 sermones
795 1254 877 1329 eius,
899 1256 926 1315 si
942 1272 1023 1331 quos
1039 1257 1180 1329 quamvis

200 1339 320 1416 parvoli
343 1339 429 1400 iocos
455 1354 523 1399 cum
548 1341 705 1414 voluptate
726 1337 884 1412 audieras,
911 1339 1037 1414 saepius
1059 1344 1180 1415 repetes

202 1422 339 1498 potuisse
353 1424 437 1482 illum
451 1421 568 1497 inplere
583 1438 658 1497 spes
671 1429 748 1496 tuas,
764 1438 840 1499 quas
853 1431 981 1498 palerna
993 1430 1097 1484 mente
1108 1439 1179 1483 con-

158 1517 193 1570 24
201 1523 344 1584 ceperas,
361 1506 507 1567 audacter
521 1507 658 1567 adfirma.
704 1505 848 1568 Oblivisci
861 1508 987 1582 'quidem
1002 1512 1132 1568 suorum
1144 1523 1180 1568 ac

201 1592 376 1651 memoriam
400 1606 468 1650 cum
490 1591 671 1666 corporibus
692 1590 803 1651 efferre
829 1599 860 1652 et
883 1590 1072 1652 effusissime
1096 1591 1179 1667 tlere,

200 1675 375 1734 meminisse
392 1674 586 1750 parcissime,
609 1673 763 1735 inhumani
780 1675 871 1734 animi
886 1683 946 1736 est:
969 1676 1015 1736 sic
1029 1691 1122 1750 aves,
1136 1675 1180 1736 sic

201 1759 283 1818 lerae
300 1773 375 1818 suos
393 1757 528 1833 diligunt,
546 1775 674 1834 quarum
687 1758 855 1820 concitatus
874 1767 921 1819 est
936 1775 1022 1820 amor
1036 1765 1068 1820 et
1083 1774 1181 1836 paene

199 1841 335 1915 rabidus,
353 1842 409 1902 sed
423 1856 490 1903 cum
505 1844 628 1904 arnissis
649 1849 730 1904 totus
744 1843 938 1918 extinguitur.
968 1842 1028 1904 hoc
1046 1843 1179 1919 pruden-

199 1922 263 1986 tem
276 1926 372 1986 virum
394 1942 453 1985 non
475 1927 576 1989 decet=
600 1926 774 1987 meminisse
792 1935 981 2003 perseveret,
1002 1929 1108 2001 lugere
1127 1927 1180 1987 de-

156 2005 289 2071 25sinat'.
332 2011 410 2070 lllud
434 2011 516 2073 nullo
542 2011 634 2071 modo
661 2010 772 2086 probo,
800 2012 884 2088 quod
909 2011 951 2072 ait
970 2011 1180 2072 Metrodorus·

199 2109 272 2154 esse
295 2095 428 2169 aliquam
449 2103 609 2170 cognatam
629 2095 766 2155 tristitiae
786 2098 982 2171 voluptatem.
1010 2094 1091 2155 hanc
1109 2110 1181 2156 esse

200 2178 412 2254 captandam
404 2196 433 2238 m
455 2178 638 2240 eiusmodit
626 2187 774 2279 tempore.
817 2181 889 2255 Ipsa
903 2179 1072 2240 Metrodori
1086 2179 1181 2240 verba

200 2262 381 2362 subscripsi.
404 2255 692 2362 Μητροδώρου
703 2254 1181 2366 Ἐπιστολῶνάπρόςτήν

199 2336 392 2451 ἀδελφήν.
425 2337 539 2410 Ἔστιν
558 2340 622 2445 γάρ
642 2369 701 2412 πως
722 2336 827 2444 ἡδονή
848 2371 889 2416 τις
915 2339 1005 2444 λύπῃ
1028 2345 1177 2421 [συμφυὴς,

156 2428 233 2503 aelle
248 2431 300 2504 χρὴ
315 2425 507 2504 θεραπεύων
521 2423 603 2493 κατὰ
620 2431 741 2493 τοῦτον
762 2421 822 2491 τὸν
844 2425 971 2508 καιρόν.
1007 2431 1046 2491 de
1070 2432 1180 2508 quibus

198 2531 260 2575 non
276 2515 379 2575 dubito
395 2515 468 2590 quid
484 2515 528 2576 sis
545 2531 702 2575 sensurus.
732 2514 824 2590 quid
841 2516 921 2575 enirn
943 2521 1005 2577 est
1024 2516 1179 2592 turpius

200 2615 310 2674 quam
333 2606 493 2673 captare
513 2599 551 2658 in
572 2600 659 2674 ipso
682 2601 789 2661 luctu
809 2601 1099 2675 voluptatem,'
1091 2615 1179 2660 numo

199 2698 256 2756 per
268 2683 394 2754 luctum,
419 2690 450 2743 et
464 2683 541 2742 inter
555 2683 696 2742 lacrimas
712 2699 851 2759 quoque,
874 2684 958 2759 quod
974 2683 1072 2759 iuvet,
1088 2699 1178 2760 quae

198 2771 289 2825 reret
330 2764 368 2824 lli
382 2771 467 2839 sunt,
484 2766 535 2841 qui
550 2764 639 2826 nobis
654 2765 789 2828 obiciunt
806 2768 928 2827 nimium
942 2765 1078 2842 rigorem
1092 2775 1124 2829 et
1138 2768 1180 2827 in-

200 2849 314 2908 lamant
328 2858 492 2925 praecepte
514 2856 619 2910 nostra
636 2850 760 2925 duritia,
785 2852 870 2927 quod
887 2851 1025 2911 dicamus
1041 2852 1179 2913 dolorem

199 2940 251 2992 aut
271 2932 489 2994 admittendum
509 2933 691 2995 inanimum
713 2951 773 2995 non
796 2951 867 2996 esse
881 2942 934 2995 aut
948 2936 1008 2996 cilo
1024 2937 1179 3011 expellen-

200 3017 287 3078 dum:
310 3024 410 3079 utrum
433 3018 553 3079 tandem
569 3026 617 3080 est
630 3026 682 3080 aut
697 3019 906 3081 incredibilius
920 3026 973 3080 aut
985 3019 1179 3080 inhumanius

199 3118 261 3162 noo
278 3104 392 3164 sentire
407 3103 521 3164 amisso
538 3101 636 3164 amico
652 3103 788 3164 dolorem
803 3119 842 3162 an
857 3105 1045 3179 voluptatem
1060 3105 1091 3164 in
1110 3104 1179 3180 ipso

155 3185 307 3253 rtdolore
321 3187 490 3263 aucupari?
530 3188 593 3249 Nos
609 3189 693 3262 quod
709 3189 922 3263 praecipimus,
939 3188 1102 3250 honestum
1118 3193 1179 3249 est:

200 3286 269 3332 cum
284 3271 399 3348 aliquid
415 3272 606 3333 lacrimarum
620 3272 758 3333 adiectus
771 3270 913 3333 effuderit
924 3277 962 3344 et,
976 3279 1009 3332 ut
1020 3272 1062 3332 itu
1072 3272 1179 3344 dicam,

200 3355 436 3430 despumaverit,
452 3372 514 3415 non
530 3372 602 3416 esse
616 3356 797 3416 tradendum
816 3357 948 3416 animum
960 3356 1077 3417 dolori:
1098 3354 1181 3431 quid,

199 3437 324 3499 tudinis
341 3439 530 3500 miscendam
544 3440 605 3516 ipsi
620 3439 719 3500 dolori
739 3443 947 3517 voluptatemt
973 3441 1018 3501 sic
1040 3439 1180 3502 consola·

196 3537 267 3582 mur
291 3524 426 3584 crustulo
449 3539 579 3598 pueros,
606 3522 651 3584 sic
671 3524 829 3587 infantium
851 3524 955 3586 fletum
976 3524 1080 3586 inluso
1103 3526 1181 3587 lacte
