2468 3930
142 249 205 310 254
216 250 249 308 L.
263 249 410 310 ANNAEI
423 247 596 308 SENECAE
608 249 665 307 ΕΡ.
676 248 771 309 ΜΘΗ.
781 250 854 310 LIB.
866 251 944 310 ΧΙΙΙ.
955 251 1012 310 ΕΡ.
1020 260 1046 314 3.
1055 248 1129 329 (88.)

143 403 240 461 lorum
251 400 370 460 artibus
382 415 605 473 supervacuum
621 406 700 471 erat,
716 401 898 460 transtulere
913 401 943 460 in
958 417 1060 461 suam=
1083 404 1129 462 sic

143 485 282 544 effectum
309 490 370 556 est,
396 490 428 542 ut
453 480 625 556 diligentius
652 482 765 544 scirent
790 485 875 559 loqui
901 501 992 560 quam
1013 487 1127 546 vivere.

100 571 134 624 43
142 568 237 642 Audi,
264 575 409 642 quantum
430 565 500 624 mali
516 566 607 626 faciat
622 567 712 626 nimia
727 567 877 627 subtilitas
899 576 929 628 et
948 585 1039 644 quarn
1052 570 1098 629 inf
1119 603 1128 612 -

143 661 190 712 sta
215 651 332 710 veritati
360 649 415 710 sit:
444 649 627 724 Protagoras
649 650 690 710 ait
710 650 749 709 de
770 651 852 711 omni
867 668 901 711 re
920 653 949 712 in
965 661 1128 729 utramque

142 743 258 811 partem
274 733 423 809 disputari
440 749 536 807 posse
551 750 590 793 ex
606 749 707 809 aequo
724 741 754 793 et
774 735 813 795 de
827 735 885 794 hac
900 735 984 811 ipsa,
1007 754 1046 796 an
1064 754 1128 797 om-

142 821 189 879 nis
204 834 254 878 res
270 818 301 877 in
315 827 475 892 utramque
490 824 607 892 partem
622 818 815 893 disputabilis
830 820 878 878 sit.
915 820 1129 894 Nausiphanes

143 904 184 962 ait
198 918 236 961 ex
252 901 310 976 his,
327 917 405 977 quae
423 901 562 961 videntur
576 917 656 976 esse,
672 901 744 961 nihil
761 903 858 977 magis
872 919 944 963 esse
960 919 1052 979 quam
1067 922 1129 964 non

100 993 223 1046 siesse.
264 985 461 1045 Parmenides
478 985 519 1044 ait
539 1001 579 1044 ex
593 984 657 1060 his,
681 1002 762 1061 quae
783 986 937 1060 videntur,
963 987 1035 1047 nihil
1057 1004 1129 1048 esse

142 1074 201 1131 nisi
213 1070 397 1130 universum.
436 1069 540 1129 Zenon
561 1069 681 1130 Eleates
698 1071 800 1130 omnia
813 1071 935 1146 negotia
950 1071 989 1130 de
1005 1073 1128 1147 negotio

144 1154 268 1216 deiecit=
294 1154 335 1213 ait
355 1153 426 1212 nihii
445 1169 524 1213 esse.
567 1153 652 1212 Circa
670 1154 778 1214 eadem
792 1156 856 1214 fere
870 1154 1039 1233 Pyrrhonei
1061 1172 1128 1215 ver·

144 1245 251 1299 santur
274 1246 304 1298 et
323 1235 468 1311 Megarici
487 1242 517 1297 et
530 1236 658 1297 Eretrici
674 1244 704 1298 et
719 1239 911 1310 Academici,
939 1238 992 1313 qui
1015 1255 1129 1299 novam

100 1331 134 1384 45
143 1324 327 1383 induxerunt
352 1321 523 1393 scientiam,
550 1321 623 1380 nihil
642 1321 731 1381 scire.
775 1321 859 1380 Haec
883 1321 984 1381 omnia
998 1323 1028 1380 in
1044 1323 1129 1382 illum

144 1421 370 1482 supervacuum
395 1405 564 1465 studiorum
590 1405 755 1465 liberalium
781 1420 904 1479 gregem
930 1406 1051 1464 conice:
1086 1405 1129 1464 iiii

144 1490 215 1550 mihi
241 1505 302 1549 non
325 1488 514 1563 profuturam
539 1488 696 1548 scientiam
717 1489 852 1561 tradunt,
879 1488 910 1547 hi
926 1505 1012 1563 spem
1029 1490 1128 1548 omnis

144 1574 290 1634 scientiae
305 1572 443 1646 eripiunt.
486 1571 582 1632 satius
598 1578 645 1634 est
660 1588 853 1648 supervacua
873 1571 951 1632 scire
975 1588 1067 1647 quam
1083 1574 1128 1631 ni·

143 1658 194 1716 hil.
238 1656 356 1715 illinon
378 1655 553 1731 praeierunt
571 1659 687 1731 iumen,
715 1673 771 1732 per
786 1657 870 1732 quod
884 1655 966 1716 acies
982 1656 1131 1730 dirigatur

145 1741 312 1810 adrerum,
328 1739 359 1798 hi
374 1742 481 1800 oculos
498 1740 569 1799 mihi
585 1739 742 1801 effodiunt.
777 1739 808 1800 Si
827 1739 1011 1814 Protagorae
1026 1742 1129 1815 credo,

144 1823 217 1884 nihil
232 1824 262 1883 in
277 1839 377 1884 rerum
392 1832 499 1885 natura
514 1831 561 1884 est
575 1823 632 1884 nisi
648 1823 782 1884 dubium.
815 1823 841 1882 si
855 1823 1053 1898 Nausiphani,
1069 1823 1129 1883 hoc

144 1925 238 1969 unum
254 1915 368 1969 certum
390 1914 452 1983 est,
479 1908 552 1967 nihil
575 1922 647 1968 esse
669 1908 752 1967 certi.
797 1908 823 1966 si
847 1907 1032 1980 Parmenidi,
1056 1907 1129 1967 nihil

103 1999 265 2067 repraeter
278 2009 382 2053 unum.
425 1991 453 2052 si
466 1991 597 2065 Zenoni,
618 2006 657 2050 ne
671 2007 764 2052 unum
779 1991 911 2065 quidem.
960 1991 1038 2066 Quid
1054 2006 1128 2065 ergo

144 2091 202 2136 nos
221 2083 349 2137 sumus?
370 2075 443 2152 quid
458 2076 525 2149 ista,
541 2090 620 2151 quae
636 2091 694 2136 nos
710 2075 913 2148 circumstant,
928 2076 1020 2147 aiunt,
1036 2075 1128 2135 susti-

144 2166 238 2220 nent?
272 2168 335 2221 tota
355 2176 456 2219 rerum
475 2165 584 2220 natura
600 2159 705 2219 umbra
719 2167 767 2220 est
780 2167 831 2219 aut
845 2159 944 2219 inanis
959 2165 1012 2219 aut
1027 2160 1129 2218 fallax,

143 2244 211 2305 Non
226 2244 314 2305 facilc
329 2243 466 2316 dixerim,
481 2244 556 2304 utris
572 2243 670 2318 magis
685 2242 809 2316 irascar,
832 2243 899 2317 iliis,
915 2243 966 2318 qui
982 2258 1039 2302 nos
1055 2241 1129 2300 nihii

146 2328 225 2389 scire
243 2331 412 2402 voluerunt,
429 2345 467 2388 an
479 2328 547 2402 illis,
564 2327 616 2403 qui
630 2344 670 2387 ne
681 2327 742 2388 hoc
757 2326 879 2403 quidem
893 2325 982 2386 nobis
996 2326 1128 2402 reliquo·

145 2419 230 2486 runt,
246 2411 320 2473 nihil
335 2412 425 2473 scire.
457 2413 541 2472 Vale.
929 2429 931 2434 ·
