2468 3930
226 255 396 318 unsrun.
410 256 504 317 mon.
523 258 595 319 orn.
610 258 716 319 xvm.
738 260 795 337 up.
810 270 836 322 t.
860 265 950 334 (104.)
1015 261 1079 326 aaa

98 407 285 471 Paulinae
300 424 387 468 meae
401 407 474 483 dixi,
493 426 572 486 quae
587 409 659 470 mibi
673 411 868 473 valitudinem
884 429 982 474 meam
997 428 1079 473 com·

100 493 1080 572 mendatnamcumsciamspiritumittiusinmeoverti‚

98 577 257 653 incipio,
271 576 383 637 utilti
399 580 609 652 consulam,
627 579 716 638 mihi
731 583 948 642 consulere.
968 588 1080 643 etcum

99 677 149 722 nre
164 661 319 722 fortiorem
331 668 473 722 senectus
485 661 525 722 od
536 664 629 723 multa
639 662 815 736 reddiderit
830 664 890 725 hoc
900 666 1083 737 beneficium

99 745 208 806 aetatis
228 743 342 805 amitto.
371 745 454 805 venit
474 746 552 804 enim
575 744 649 810 mihi
668 746 698 805 in
720 754 867 821 mentem,
888 749 918 807 in
933 749 993 809 hoc
1008 765 1083 810 sene

100 836 130 890 et
144 829 373 889 adulescentem
388 844 474 902 esse,
497 829 709 910 cuiparcitur.
736 830 839 906 itaque
860 834 1002 907 quoniam
1024 848 1082 908 ego

100 913 139 973 ab
154 913 204 973 iila
224 927 286 973 non
301 911 446 987 impetro,
464 919 498 972 ut
512 929 560 973 me
576 914 683 974 fortius
698 922 793 988 amet,
814 915 955 990 impetrat
969 916 1034 990 itta,
1049 924 1083 976 ut

100 1012 148 1057 me
163 996 337 1070 diligentius
353 1011 460 1057 amem.
486 997 707 1071 indulgendum
722 1004 769 1057 est
785 998 866 1057 enirn
879 997 1015 1060 honestis
1028 997 1110 1059 rad-3

101 1079 247 1159 tectibus:
275 1086 305 1140 et
319 1079 484 1152 interdum,
510 1081 628 1140 etiamsi
648 1088 791 1157 premunt
805 1097 933 1155 causae,
955 1082 1081 1157 spiritus

100 1163 132 1223 in
151 1162 301 1238 honorem
324 1179 448 1225 suorum
471 1165 519 1224 vel
539 1179 608 1225 curn
628 1171 777 1225 tormento
799 1165 992 1226 revocandus
1007 1172 1037 1225 et
1051 1165 1081 1224 in

100 1246 171 1322 ipso
187 1262 240 1309 ore
255 1248 434 1308 retinendus
449 1255 505 1320 est
525 1264 594 1308 cum
608 1249 691 1308 bono
706 1247 772 1309 viro
787 1249 952 1309 vivendum
967 1249 1006 1309 sit
1021 1263 1081 1308 non

103 1330 247 1407 quamdiu
263 1330 359 1405 iuvat,
380 1331 438 1391 sed
453 1332 600 1406 quamdiu
617 1337 753 1407 oportet:
773 1333 839 1406 itte,
861 1333 912 1408 qui
929 1349 991 1391 non
1006 1348 1081 1392 uxo-

100 1431 175 1490 rem,
190 1431 251 1475 non
267 1415 395 1476 amicum
409 1416 482 1474 tanti
497 1423 596 1491 putat,
610 1423 644 1477 ut
658 1415 771 1477 diutius
786 1417 816 1475 in
836 1417 897 1476 vita
914 1432 1081 1477 commore-

100 1508 164 1572 tur,
193 1497 245 1573 qui
271 1498 481 1573 perseverabit
504 1500 596 1572 mori,
621 1500 768 1560 delicatus
790 1507 846 1561 est.
879 1500 938 1560 hoc
958 1501 1082 1576 quoque

101 1584 230 1657 imperet
244 1581 302 1641 sibi
318 1583 453 1655 animus,
476 1582 528 1643 ubi
546 1583 660 1644 utititas
677 1600 801 1645 suorum
816 1584 921 1658 exigit,
943 1599 1001 1644 nec
1016 1591 1080 1645 tan·

100 1674 173 1739 tum,
191 1666 218 1726 si
232 1665 297 1726 vutt
310 1666 396 1740 mori,
411 1667 469 1726 sed
484 1665 512 1727 si
527 1666 636 1741 coepit,
652 1667 865 1729 intermitteret
876 1669 940 1728 suis
952 1684 987 1729 se
1000 1664 1081 1728 com-

101 1750 216 1811 modet.
258 1749 394 1825 Ingentis
409 1750 500 1811 animi
515 1757 562 1811 est
579 1750 678 1811 aliena
692 1766 787 1812 causa
800 1752 840 1812 ad
854 1750 945 1812 vitam
959 1752 1081 1824 reverti,
1093 1751 1111 1804 4

103 1834 187 1909 quod
201 1834 302 1907 magni
317 1835 374 1894 viri
386 1850 481 1910 saepe
496 1835 643 1895 iecerunt.
664 1835 723 1895 sed
736 1836 796 1896 hoc
811 1852 934 1912 quoque
946 1851 1082 1897 summae

101 1917 297 1978 humanitatis
313 1919 470 1992 existimo,
491 1925 678 1979 senectutem
699 1935 801 1994 suam,
824 1920 910 1980 cuius
930 1921 1081 1981 maximus

103 2002 220 2062 tructus
241 2009 289 2063 est
311 2004 449 2062 securior
471 2002 519 2062 sui
540 2004 632 2063 tutela
651 2010 681 2062 et
702 2004 781 2064 vitae
801 2020 879 2064 usus
907 2002 1081 2076 animosior,

102 2085 255 2145 adtentius
278 2086 447 2157 custodire,
474 2086 500 2146 si
525 2087 607 2146 scias
626 2084 718 2147 alicui
742 2094 861 2147 tuorum
887 2102 958 2147 esse
982 2088 1081 2161 dulce,

100 2169 190 2243 utile,
207 2169 349 2243 optabile.
392 2170 493 2229 Habet
507 2175 665 2244 praeterea
678 2168 709 2228 in
725 2186 760 2230 se
775 2188 836 2231 non
852 2171 1007 2231 mediocre
1025 2171 1110 2230 istas

102 2269 154 2314 res
174 2252 320 2327 gaudium
342 2260 373 2313 et
391 2254 577 2313 mercedem=
608 2252 682 2327 quid
702 2254 782 2313 enirn
808 2253 970 2314 iucundius
992 2270 1082 2327 quam

102 2337 192 2398 uxori
213 2343 275 2397 tarn
297 2353 400 2397 carum
422 2353 509 2410 esse,
531 2344 565 2398 ut
584 2346 710 2411 propter
730 2337 790 2398 hoc
812 2337 864 2398 tibi
888 2337 988 2396 carior
1002 2336 1084 2396 fiast

103 2427 207 2497 potest
220 2421 322 2496 itaque
334 2420 459 2483 Paulina
472 2436 541 2480 mea
555 2436 616 2480 non
631 2426 746 2480 tantum
761 2436 851 2481 suurn
862 2419 933 2479 mihi
944 2420 1082 2480 timorem

102 2506 259 2581 inputare,
275 2504 436 2566 sedetiam
451 2520 562 2565 meum.
599 2503 724 2578 Quaeris
742 2520 824 2579 ergo,
840 2502 996 2578 quomodo
1010 2503 1081 2562 mihi
1094 2506 1111 2562 6

103 2588 265 2651 consitium
286 2589 483 2664 protectionis
505 2587 653 2649 cesserim
694 2588 734 2650 Ut
754 2589 882 2664 primunr
905 2587 1082 2662 gravitatem

102 2671 187 2734 urbis
203 2674 325 2732 excessi
341 2680 371 2734 et
384 2673 466 2735 ittum
479 2674 605 2733 odorem
618 2672 784 2733 culinarum
801 2671 986 2746 sumentium,
1003 2687 1084 2748 quae

102 2763 206 2817 motae
227 2757 373 2832 quicquid
390 2755 527 2832 pestiferi
548 2756 674 2833 vaporis
690 2757 858 2819 obruerant
872 2773 940 2818 cum
957 2757 1084 2831 pulvere

103 2839 274 2914 effundunt,
290 2841 469 2916 protinus
489 2847 668 2902 mutatam
689 2839 945 2902 valitudinem
963 2840 1100 2902 sensi·

104 2932 251 3000 quantum
265 2924 376 2985 deinde
390 2926 541 2986 adiectum
558 2933 646 3001 putas
661 2925 787 2998 viribus
801 2933 965 3000 postquam
978 2924 1083 2983 vineas

102 3008 220 3084 adtigit
240 3008 270 3068 in
287 3025 435 3083 pascuum
450 3010 583 3071 emissus
598 3007 698 3069 cibum
712 3025 813 3069 meum
827 3008 934 3068 invasi.
956 3007 1084 3082 repetivi

103 3109 178 3168 ergo
193 3092 253 3152 iam
268 3109 326 3153 me.
345 3110 406 3154 non
422 3095 588 3169 permansit
601 3108 721 3153 marcor
734 3093 784 3151 itte
801 3089 942 3167 corporis
957 3089 1041 3149 dubii
1055 3094 1085 3148 et

102 3178 182 3238 mate
198 3174 368 3252 cogitantis.
389 3177 536 3253 incipio
552 3183 632 3239 toto
654 3177 777 3235 animo
794 3174 961 3235 studere.
1004 3172 1120 3232 Nont·

103 3263 261 3323 multum
282 3262 419 3322 adhoc
440 3263 551 3323 locus
567 3260 733 3332 confert,
751 3257 808 3317 nisi
825 3274 860 3318 se
876 3255 934 3318 sibi
949 3262 1086 3331 praestat

105 3346 242 3419 animus,
259 3344 310 3420 qui
328 3353 479 3407 secretum
494 3345 524 3405 in
539 3340 790 3419 occupationibus
805 3340 928 3414 mediis,
950 3339 976 3399 si
993 3341 1084 3415 votet,
1143 3388 1145 3393 ,

104 3429 244 3491 habebit:
260 3435 290 3489 at
301 3429 359 3506 ille,
375 3431 427 3507 qui
437 3429 580 3504 regiones
592 3427 673 3502 eligit
688 3434 717 3486 et
728 3425 820 3488 otium
833 3430 942 3500 captat,
959 3421 1083 3498 ubique,

106 3531 168 3588 quo
179 3513 383 3590 distringatur,
395 3512 537 3575 inveniet.
552 3530 622 3574 narn
635 3510 792 3573 Socratem
805 3508 943 3634 querenti
955 3507 1085 3584 cuidam,
