2468 3930
179 247 245 313 444
486 251 518 306 L.
531 248 669 306 ΑΝΝΑΕῙ
683 247 848 306 SENECAE

244 403 338 476 ‚,Non‚
355 403 456 474 inquit,
467 402 510 458 bie
522 402 603 472 pueri
614 417 726 472 snmus,
744 407 774 456 ut
785 403 872 472 vulgo
884 400 998 469 dicitur,
1016 400 1069 456 sed
1089 417 1163 460 sem·

180 505 248 563 perr
264 503 363 545 verum
380 487 435 542 hoc
453 486 581 555 interest,
602 485 679 556 quod
690 483 958 540 maioraludimus.“

126 583 176 637 122
244 570 316 627 ibid.
338 585 364 624 c.
383 574 415 637 8,
432 574 476 627 23.
512 568 611 624 Melius
628 569 712 640 igitur
734 566 845 624 Seneca
862 566 985 622 omnium
1005 565 1164 626 Stoicorum

183 654 373 722 acutissimus,
386 653 434 723 qui
444 653 528 720 vidit,
540 653 579 707 nil
592 652 667 707 aliud
679 669 743 707 esse
755 657 882 708 naturam
895 666 979 721 quam
987 650 1082 710 deum.

246 737 353 808 „Erga
366 737 467 807 inquit,
483 736 567 791 deum
578 752 633 791 non
646 735 836 804 laudabimus,
849 734 893 790 cui
904 735 1037 791 naturahs
1048 743 1092 792 est
1105 737 1161 794 vir·

183 827 226 877 tus
234 824 256 876 l*
270 836 323 875 nec
334 821 408 876 illam
420 820 515 875 didicit
528 835 563 874 ex
573 821 638 874 ullo.
650 819 734 874 immo
746 819 930 875 laudabimus.
945 819 1074 888 quamvis
1088 820 1164 876 enim

184 904 315 961 naturalis
330 903 422 970 illisit,
434 903 487 959 sibi
499 903 575 958 illam
587 903 672 973 dedit,
684 904 815 973 quoniam
825 903 897 958 deus
909 904 1078 974 ipsenatura
1089 906 1161 960 est.“

127 1001 177 1055 123
245 987 316 1045 ibid.
329 988 373 1042 lib.
392 985 447 1052 VI,
460 1003 485 1044 c.
496 991 547 1054 25,
558 991 585 1044 3.
608 985 715 1054 Quanto
729 987 828 1042 melius
839 984 951 1042 Seneca
963 991 990 1040 et
999 987 1112 1044 verius!

248 1069 393 1141 „Vultisne
404 1087 473 1141 vos,
490 1070 592 1140 inquit,
604 1070 689 1126 deum
701 1070 823 1141 cogitare
835 1085 971 1142 magnum
983 1074 1011 1124 et
1020 1071 1161 1142 placidum

185 1160 211 1210 et
223 1154 367 1210 maiestate
378 1154 434 1210 leni
445 1153 615 1222 verendum,
628 1154 748 1209 amicum
761 1160 787 1209 et
798 1169 911 1225 semper
922 1153 951 1207 in
959 1155 1162 1225 proximo,non

184 1237 415 1293 immolationibus
426 1244 452 1293 et
460 1237 689 1308 sanguinemulto
700 1237 892 1292 colendum-
899 1251 972 1308 quae
981 1237 1055 1293 'enim
1063 1244 1157 1294 extru-

185 1321 324 1378 cidatione
349 1321 553 1376 immerentium
580 1322 710 1393 voluptas
733 1324 798 1377 esti
818 1348 862 1362 ·-
888 1320 942 1376 sed
965 1327 1058 1376 mente
1082 1337 1163 1394 pura,

183 1406 258 1460 bono
270 1405 444 1475 honestoque
455 1405 610 1477 proposito.
630 1421 688 1461 non
704 1406 806 1477 templa
821 1404 859 1459 illi
871 1405 1012 1475 congestis
1027 1405 1057 1460 in
1073 1407 1160 1462 altitu-

186 1488 281 1544 dinem
295 1488 372 1544 saxis
390 1489 564 1544 exstruenda
577 1494 655 1544 sunta
681 1489 711 1543 in
723 1505 775 1543 suo
786 1489 886 1559 cuique
898 1489 1109 1545 consecrandus
1121 1494 1161 1551 eet

184 1574 328 1644 pectore.“

128 1676 179 1732 124
247 1653 318 1710 Ibid.
331 1670 354 1712 c.
368 1658 415 1725 17,
428 1661 471 1714 28.
502 1656 578 1711 Vera
594 1655 677 1727 igitur
688 1653 830 1711 Ciceronis
847 1655 894 1711 illa
906 1655 1044 1711 sententia
1057 1661 1101 1711 est
1110 1683 1160 1713 -.

184 1738 250 1792 item
262 1735 389 1794 Senecae
410 1739 445 1794 in
461 1739 568 1795 libris
584 1740 732 1795 moralis
754 1739 1018 1812 philosophiae
1031 1739 1149 1795 dicentm

247 1821 316 1892 ‚,Hic
334 1828 376 1876 est
392 1823 438 1878 ille
455 1822 540 1879 homo
558 1821 708 1894 honestus,
730 1839 786 1878 non
809 1823 888 1895 apice
906 1839 1084 1896 purpurave,
1106 1839 1162 1879 non

184 1904 311 1959 lictorum
333 1905 450 1977 insignis
471 1906 639 1975 ministerio,
663 1907 716 1962 sed
734 1907 808 1961 nulla
826 1923 857 1962 re
879 1907 985 1978 nrinor,
1007 1907 1054 1977 qui
1077 1922 1163 1977 quum

184 1995 301 2043 mortem
321 1988 349 2042 in
367 1989 470 2046 vicinia
481 1991 571 2060 videt,
595 2006 650 2044 non
667 1991 709 2047 sic
728 1991 922 2062 perturbatur,
943 1997 1083 2061 tamquam
1101 2006 1163 2045 rem

118 2080 120 2084 '
185 2087 287 2128 novam
304 2073 415 2134 viderit.
438 2074 498 2146 qui,
516 2075 577 2131 sive
595 2079 651 2129 toto
664 2088 783 2146 corpore
797 2080 934 2130 tormenta
944 2073 1077 2147 patienda
1089 2080 1162 2142 sunt,

185 2155 247 2212 sive
262 2155 376 2213 flamma
387 2174 435 2213 ore
446 2157 583 2231 rapienda
595 2163 652 2228 eet,
664 2158 725 2215 sive
739 2157 933 2214 extendendae
945 2174 999 2230 per
1007 2157 1162 2230 patibulum

184 2256 299 2309 manus,
310 2256 367 2295 non
378 2243 496 2312 quaerit,
513 2241 582 2313 quid
591 2242 725 2314 patiatur,
738 2241 790 2298 sed
801 2257 883 2313 qnam
894 2243 997 2298 bene.⁴‘

130 2335 181 2389 125
248 2323 374 2380 lactant.
385 2328 476 2382 inslitt
488 2327 550 2398 epit.
567 2341 592 2381 c.
602 2329 634 2396 4,
646 2327 672 2382 3.
700 2325 827 2397 Longum
845 2332 888 2381 est
903 2341 1071 2394 recensere,
1088 2340 1160 2396 quae

187 2407 222 2463 de
240 2424 348 2463 summo
367 2409 421 2465 deo
438 2411 486 2466 vel
502 2410 604 2465 Thales
621 2410 668 2466 vel
679 2409 853 2481 Pythagoras
873 2414 900 2464 et
909 2408 1101 2466 Anaximenes
1112 2423 1162 2463 an·

184 2497 242 2559 tea,
264 2493 311 2548 vel
331 2492 510 2563 postmodum
526 2491 612 2549 Stoici
629 2491 778 2549 Cleanthes
795 2498 823 2548 et
835 2491 1010 2565 Chrysippus
1029 2498 1056 2548 et
1067 2492 1162 2547 Zenon

183 2576 230 2630 vel
242 2579 400 2630 nostrorum
411 2573 522 2632 Seneca
532 2573 641 2633 Stoicos
653 2582 766 2633 secutus
779 2583 807 2632 et
822 2577 884 2648 ipse
896 2576 1002 2632 Tullius
1012 2575 1161 2648 praedica-

183 2658 288 2726 verint,
308 2673 393 2728 quum
408 2656 546 2715 hiomnes
559 2660 664 2732 etquid
680 2661 715 2716 sit
732 2660 818 2729 deus,
836 2659 954 2716 definire
966 2659 1163 2732 temptaverint

184 2745 211 2795 et
227 2741 261 2795 ab
284 2757 317 2795 eo
338 2743 398 2796 solo
416 2743 627 2814 regimundum
643 2743 853 2801 adfirmaverim
870 2760 923 2799 nec
941 2744 988 2799 ulli
1006 2743 1161 2800 subiectum

184 2840 248 2879 esse
260 2828 390 2895 naturae,
403 2841 488 2897 quum
499 2829 533 2883 ab
545 2828 607 2899 ipso
619 2827 653 2883 sit
664 2827 754 2882 omnis
766 2832 864 2883 natura
873 2833 1017 2900 generata.

271 2957 344 3013 XlX.
374 2957 568 3016 POSTREMA
580 2958 829 3099 (fflgfflm
848 2959 1001 3017 MORTEM
1021 2959 1068 3015 ET

125 3157 175 3213 126
247 3157 332 3216 Tacit.
349 3157 421 3213 Ann-
437 3156 471 3213 X
473 3156 505 3226 V,
524 3172 548 3212 c.
565 3160 608 3216 63.
651 3157 685 3211 Et
708 3157 862 3213 novissimo
887 3171 999 3226 quoque
1020 3159 1162 3209 momento

107 3251 110 3257 ·
183 3241 379 3312 suppeditante
398 3240 556 3311 eloquentia
575 3240 719 3297 advocatis
737 3240 918 3313 scriptoribus
928 3241 1064 3311 pleraque
1075 3237 1161 3294 tradi·

184 3323 234 3393 dit,
258 3324 376 3395 quaein
394 3325 497 3396 vulgus
518 3323 593 3380 edita
615 3324 675 3379 eius
693 3325 788 3382 verbis
811 3324 951 3381 invertere
972 3321 1161 3395 supersedeo.

182 3406 252 3463 Ibid.
265 3423 290 3463 c.
308 3410 353 3466 67.
384 3406 450 3479 Ipsa
467 3408 558 3463 rettuli
576 3409 664 3464 verba
681 3405 789 3477 (Subrii
805 3407 885 3463 Flavi
901 3406 1002 3462 tribuni
1017 3409 1163 3478 postrema

181 3496 246 3546 ante
259 3491 404 3558 mortem),
418 3490 566 3562 quianon,
577 3496 605 3545 ut
617 3488 760 3560 Senecae,
771 3491 885 3562 vulgata
898 3496 986 3546 erant.
