2468 3930
193 237 258 302 258
466 236 498 295 L.
518 235 666 296 ANNAEl
687 235 863 296 SENECAE

194 393 267 454 bere
283 391 398 463 omnia,
421 390 448 449 si
464 389 508 449 sis
525 389 631 464 inpetu
644 386 779 448 nimiast
808 387 883 463 quid
902 387 1031 463 prodest
1051 387 1177 466 inpetus

192 476 384 551 repressisse
404 479 435 533 et
451 471 566 532 habere
587 471 769 546 cupiditates
785 471 816 530 in
832 487 889 532 sua
903 479 1073 547 potestate,
1098 475 1125 535 si
1144 477 1176 534 in

193 561 262 635 ipsa
280 574 387 631 rerum¹
402 555 522 617 actione
540 554 689 631 tempora
702 556 827 630 ignores
851 558 909 614 nec
927 555 1026 631 scias,
1051 559 1176 632 quando

195 643 330 718 quidque
351 647 382 719 et
400 639 454 699 ubi
468 647 505 722 'et
525 639 781 714 quemadmodum
801 639 851 714 agi
868 638 1000 700 debeatt
1030 640 1115 702 aliud
1130 649 1177 703 est

193 727 272 787 enim
301 724 463 800 dignitates
482 730 515 783 et
536 724 634 798 pretia
653 739 754 782 rerum
773 727 885 794 nosse,¹
912 723 995 783 aliud
1020 723 1176 800 articulos,

192 810 275 871 aliud
290 811 412 883 inpetus
428 808 584 866 refrenare
599 813 629 865 et
641 806 682 865 ed
695 807 816 880 agenda
829 806 889 879 ire,
905 822 967 866 non
980 817 1175 879 ruerertune

192 909 266 969 ergo
279 893 341 953 vite
355 906 487 952 concors
502 889 561 950 sibi
576 898 632 963 est,
646 889 699 948 ubi
709 889 790 950 actio
804 905 866 949 non
879 889 1014 951 destitiu‘t
1026 890 1173 967 inpetum,

190 979 313 1052 inpetus
328 992 368 1035 ex
384 974 530 1050 dignitate
547 973 592 1037 rei
610 973 761 1048 cuiusque
775 972 961 1047 concipitur,
982 973 1174 1049 proindere·

149 1062 305 1133 lamissus
326 1060 488 1133 acriorque
507 1063 600 1132 prout
619 1058 671 1117 ille
691 1058 783 1131 digua
803 1063 851 1117 est
869 1057 943 1131 peti.
972 1057 1173 1123 Naturalis

190 1160 284 1220 pars
305 1140 585 1218 philosophiae
606 1142 641 1200 in
659 1141 733 1201 duo
748 1138 960 1200 scinditur=
983 1155 1173 1217 corpora·

191 1229 242 1288 lia
265 1234 302 1287 et
322 1224 599 1301 incorporalia.
618 1222 763 1299 'unaque
785 1222 961 1284 dividuntur
981 1223 1012 1285 in
1027 1241 1120 1300 suos,
1142 1233 1175 1286 ut

190 1311 232 1371 ito
247 1312 360 1383 dicam,
375 1311 505 1384 gradum
524 1307 689 1383 corporum
703 1309 790 1368 locus
806 1307 836 1366 in
851 1306 925 1383 hos:
941 1307 1071 1382 primum
1083 1309 1113 1390 in
1126 1326 1175 1384 eo,

192 1409 271 1468 quae
291 1393 406 1453 iaciunt
426 1401 456 1453 et
477 1406 557 1467 quae
572 1391 612 1450 ex
626 1390 675 1451 his
689 1391 868 1466 gignuntur:
891 1389 1057 1466 gignuntur
1070 1402 1172 1455 antem

190 1479 348 1536 elementa.
376 1476 444 1550 ipse
465 1473 622 1535 elementis
642 1476 743 1547 locus,
766 1478 800 1535 ut
814 1474 937 1550 quidam
953 1482 1078 1554 putant,
1101 1478 1165 1538 sim·

190 1562 262 1635 plex
277 1566 345 1637 est.v
363 1566 396 1619 ιιι
411 1559 549 1634 quidam,
572 1558 602 1618 in
619 1557 775 1618 materiam
793 1565 823 1618 et
842 1573 968 1619 causam
986 1559 1089 1621 omnia
1107 1577 1172 1622 mo*

147 1651 309 1714 luventem
324 1648 355 1702 et
374 1645 522 1703 elementa
539 1640 692 1702 dividitur.
730 1641 922 1716 Superest
936 1650 978 1704 ιιι
997 1642 1166 1706 rationa-

188 1728 258 1787 lem
285 1724 430 1802 pa'rtem
437 1718 730 1823 philosophiae
756 1726 937 1786 dividam
959 1726 1171 1789 omnisoratio

161 1826 164 1830 ⁴
188 1818 240 1871 ant
255 1811 397 1872 continua
412 1817 461 1870 est
477 1810 556 1870 aut
548 1827 578 1869 m
579 1816 626 1869 ter
644 1810 883 1884 respondentem
894 1816 926 1870 et
934 1809 1170 1886 interrogantem

189 1896 331 1956 discissa.
363 1894 441 1954 hanc
445 1885 679 1993 διαλεκτικήν,
694 1893 776 1953 illam
791 1887 972 1976 ῥητορικήν
988 1895 1102 1969 placuit
1114 1913 1168 1956 vo

189 1979 264 2039 cari
297 1971 454 2076 ῥητορική
475 1978 569 2038 verba
591 1984 677 2036 curat
698 1983 728 2036 et
744 1992 856 2037 sensus
873 1983 903 2037 et
917 1977 1064 2039 ordinem.
1094 1975 1169 2040 dou-

187 2054 341 2140 tenvem}
333 2080 363 2121 m
379 2061 457 2121 duas
472 2067 575 2136 partes
593 2060 751 2135 dividitur,
772 2060 803 2121 in
819 2061 913 2121 verba
928 2069 959 2124 et
972 2061 1168 2137 significatio-

188 2161 258 2217 nes,
280 2146 312 2205 id
327 2152 388 2219 est,
397 2145 440 2206 in
454 2160 520 2220 res,
544 2160 623 2222 quae
638 2144 793 2219 dicuntur,
817 2146 1028 2220 etvocabula,
1053 2145 1167 2221 quibus

187 2229 337 2289 dicunt.
368 2230 479 2304 Ingens
501 2227 612 2289 deinde
636 2230 773 2304 sequitur
788 2228 948 2304 utriusque
962 2192 1085 2292 divisio.
1114 2230 1167 2290 ita-

123 2311 637 2389 immwwmm

400 2403 430 2458 et
440 2412 555 2458 summo
568 2397 678 2472 sequar
688 2396 815 2469 foslipio
828 2402 947 2456 reum:

185 2481 315 2555 alioqui,
337 2481 364 2541 si
386 2481 513 2561 noluero
534 2481 636 2540 iacere
661 2479 789 2555 partium
811 2486 929 2556 partes,
954 2479 1166 2555 quaestionum

144 2562 260 2624 leliber
273 2565 335 2624 flet.
367 2565 466 2646 Haec,
483 2564 579 2625 Lucili
593 2562 727 2623 virorum
742 2564 865 2638 optime,
882 2578 944 2638 quo
960 2562 1062 2624 minus
1080 2566 1165 2640 legas

184 2664 246 2707 non
262 2647 416 2722 deterreo,
433 2647 614 2730 dummodo,
637 2647 825 2722 quicquid
844 2646 1009 2723 legeris,
1031 2647 1165 2709 admo·

183 2745 245 2789 res
267 2730 397 2789 statim
418 2731 581 2790 reseras.
615 2730 683 2790 illos
703 2746 874 2805 conpesce,
894 2730 1061 2791 marcentia
1082 2731 1114 2792 in
1136 2738 1166 2792 te

184 2816 300 2886 excit,n
321 2815 421 2874 soluta
443 2814 633 2888 constringe,
656 2815 848 2875 contumacia
867 2815 975 2887 doma,
1007 2815 1164 2890 cupidi-

183 2903 283 2958 tates
309 2903 395 2956 tuas
418 2897 679 2973 publicasque
706 2906 826 2973 quant
831 2904 887 2973 nm
913 2905 1026 2974 potes
1051 2913 1163 2959 vexa·

183 2988 212 3040 et
232 2979 299 3041 istis
321 2981 509 3041 dicentibus.
531 2998 766 3057 „quousque
786 2983 964 3043 eademt“
990 2981 1162 3057 responde:

141 3082 174 3138 19
244 3066 329 3140 „Ego
352 3065 501 3127 debebam
523 3066 640 3125 dicere:
664 3081 826 3162 quousque
847 3067 954 3128 eadem
974 3064 1164 3140 peccabitis?

180 3150 315 3210 remedia
333 3158 404 3210 ante
418 3149 509 3211 vultis
524 3165 615 3226 quam
630 3148 702 3209 vitia
715 3150 866 3224 desinere,
884 3166 942 3226 ego
956 3165 1031 3210 vero
1046 3163 1084 3210 eo
1098 3165 1162 3209 ma·

180 3233 228 3307 gis
251 3234 348 3294 dicam
366 3241 410 3309 et,
434 3235 506 3309 quia
526 3231 693 3306 recusatis,
714 3235 931 3308 perseverabo.
961 3241 1035 3296 tunc
1057 3230 1164 3309 incipit

179 3318 330 3377 medicina
340 3318 501 3393 proficere,
516 3317 611 3391 ubiin
622 3333 754 3392 corpore
767 3319 898 3380 alienato
912 3318 1053 3396 dolorem
1063 3323 1163 3383 tactus

179 3401 343 3475 expressit.
375 3403 475 3463 dicam
495 3400 586 3462 etiam
606 3401 708 3462 invitis
725 3403 894 3478 profutura.
924 3401 1092 3478 aliquando
1109 3399 1162 3462 uli·

179 3499 241 3558 qua
262 3484 301 3544 ed
325 3500 382 3545 vos
402 3502 463 3545 non
483 3485 597 3546 blanda
615 3502 678 3546 vox
699 3486 815 3561 veniet,
836 3493 867 3550 et
884 3486 1079 3563 quieveram
1100 3483 1160 3547 siu·
