2468 3930
219 217 498 280 misiliminum
519 219 592 280 LIB.
606 220 686 280 xlv.
707 219 828 295 ΕΜ(
864 224 886 292 .)
981 218 1044 284 267

60 379 182 434 rotam
198 371 212 429 l
216 368 324 445 ignit,
341 369 428 430 cuius
451 369 579 430 circuitu
598 385 676 430 vasa
697 370 894 430 formantur.“
932 371 1044 432 deinde

61 457 134 532 quia
153 455 237 530 apud
250 453 416 514 Homerum
435 453 585 514 invenitur
605 452 690 528 figuli
709 461 792 525 rota,
814 456 929 515 malunt
947 454 1043 517 videri

59 555 172 601 versus
189 539 287 598 salsos
307 552 485 612 essequam
503 537 651 597 fabulamz
678 553 738 613 ego
753 553 810 599 nec
824 538 1043 600 Anarcharsim

59 633 217 686 auctorem
237 621 328 682 huius
347 622 391 680 roi
414 620 510 681 luisse
528 621 683 682 contendo
704 631 748 694 et,
774 621 800 682 si
822 622 890 697 ruit,
918 624 1042 698 sapiens

61 708 186 785 quidem
212 705 271 766 hoc
296 705 427 778 invenit,
452 704 509 765 sed
535 721 596 765 non
621 711 775 780 tamquam
801 706 943 781 sapiens,
965 708 1045 768 sicut

59 793 154 854 multa
170 790 326 865 sapiemus
341 789 471 861 faciunt,
494 805 555 863 qua
571 788 711 849 homines
732 797 817 862 sunt,
838 807 900 850 non
917 808 979 866 qua
994 807 1043 852 sa-

60 876 197 952 pientcs=
211 881 285 949 puta
301 872 529 933 velocissimum
544 888 616 933 esse
629 873 813 948 sapientem=
829 889 924 934 cursu
935 891 1042 936 omnes

60 959 199 1032 anteibit,
221 974 281 1033 qua
303 958 394 1017 velox
409 962 469 1029 est,
498 973 559 1017 non
576 972 638 1032 qua
652 956 788 1031 sapiens.
821 956 969 1032 Cuperem
985 957 1042 1018 Po-

61 1043 182 1104 sidonio
197 1041 328 1116 aliquem
343 1040 515 1101 vitrearium
530 1041 708 1113 ostendere,
731 1041 783 1116 qui
803 1041 911 1115 spiritu
936 1042 1044 1101 vitrum

60 1128 89 1188 in
113 1125 234 1186 habitus
255 1125 402 1200 plurimos
418 1125 541 1197 format,
564 1124 615 1200 qui
631 1125 683 1184 vix
699 1123 833 1200 diligenti
846 1140 939 1184 manu
956 1125 1042 1184 elfin-

59 1217 217 1287 gerentur:
239 1208 316 1268 haec
337 1209 460 1269 inventa
479 1215 565 1280 sunt,
588 1215 753 1283 postquam
773 1215 942 1282 sapientem
957 1210 1041 1268 inve·

60 1295 124 1355 nire
151 1292 297 1353 desimus.
342 1293 575 1366 „Democritus,
604 1291 716 1367 inquit,
750 1290 907 1352 invenisse
934 1292 1082 1358 dicilmsa

61 1378 263 1449 fornicem,
283 1383 317 1436 ut
338 1376 473 1452 lapidum
496 1383 658 1436 curvatura
671 1375 814 1451 paulatim
830 1376 1041 1438 inclinatorum

60 1461 162 1523 medio
186 1476 264 1521 saxo
291 1460 504 1535 adligaretur.“
533 1460 600 1520 Hoc
622 1460 721 1520 dicam
742 1460 852 1520 salsum
873 1476 954 1521 esse.
988 1475 1040 1518 ne·

60 1561 149 1608 cesse
164 1552 213 1605 est
227 1543 306 1604 enim
317 1553 388 1605 ante
398 1545 604 1605 Democritum
615 1552 645 1606 el
656 1551 766 1619 pontes
777 1550 806 1603 et
817 1551 921 1620 portas
933 1545 1040 1618 luisse,

60 1646 189 1707 quarum
204 1631 268 1688 lere
282 1645 401 1689 summa
416 1636 588 1689 curvantur.
615 1628 737 1688 Excidit
751 1644 844 1703 porro
855 1628 945 1692 vohis
958 1645 1039 1691 eum·
1048 1641 1083 1696 33

58 1716 128 1776 dem
142 1713 346 1775 Democritum
360 1713 532 1787 invenisse,
548 1713 804 1788 quemadmodum
819 1712 895 1773 ebur
909 1714 1040 1774 mollire·

57 1807 119 1873 tur,
138 1797 394 1873 quemadmodum
406 1797 552 1857 decoctus
569 1798 703 1857 calculus
717 1797 749 1856 in
759 1798 956 1872 zmaragdum
967 1813 1039 1858 con·

59 1888 242 1955 verteretur,
253 1897 322 1956 *qua
335 1880 491 1955 hodieque
509 1889 633 1942 coctura
647 1880 761 1942 inventi
776 1882 898 1956 lapides
913 1883 1040 1944 coctiles

59 1969 241 2028 colorantur.
274 1967 336 2025 Ista
351 1965 475 2040 sapiens
490 1965 560 2027 licet
574 1964 736 2039 invenerit,
758 1982 820 2025 non
836 1982 898 2041 qua
914 1967 1040 2039 sapiens

58 2059 136 2124 erat,
152 2048 275 2110 invenit.
308 2049 401 2109 multo
415 2051 494 2110 enim
509 2048 595 2123 facit,
612 2065 692 2124 quae
707 2048 745 2108 ab
759 2048 1040 2124 inprudentissimis

58 2141 110 2196 aut
130 2148 230 2209 acque
251 2132 318 2193 fieri
339 2133 469 2193 vidimus
489 2142 541 2194 aut
562 2132 689 2208 peritius
719 2140 812 2207 atque
835 2132 1039 2193 exercitatius.
1078 2178 1080 2182 -

58 2217 153 2293 puio
176 2220 336 2293 sopiens
358 2217 682 2292 investigaverit,
705 2216 779 2290 quid
799 2215 828 2275 in
850 2217 947 2275 lucem
969 2232 1082 2291 pro-34

57 2303 197 2376 traxerit,
213 2301 358 2376 quaeris?
379 2299 511 2361 Primum
528 2316 632 2360 verum
648 2307 856 2374 naturamque,
872 2316 964 2374 quam
978 2316 1040 2360 non

57 2393 90 2448 ut
114 2394 216 2466 cetera
241 2386 382 2445 animalia
406 2385 504 2446 oculis
530 2391 655 2445 secutus
682 2390 730 2444 est
749 2383 844 2443 tardis
866 2382 905 2442 od
926 2382 1039 2442 divina

59 2469 171 2531 deinde
185 2469 265 2530 vitae
280 2463 394 2544 legem,
412 2486 502 2544 quam
518 2469 558 2530 ad
572 2467 718 2528 universa
733 2467 856 2539 direxit,
872 2481 931 2526 nec
945 2482 1040 2527 nosse

54 2558 188 2626 ¹tantum,
215 2552 270 2614 sed
292 2552 381 2629 sequi
403 2555 479 2614 deos
501 2553 606 2614 docuit
626 2558 656 2611 et
679 2550 849 2611 accidentia
869 2566 930 2611 nou
954 2549 1041 2610 aliter

58 2639 211 2714 excipere·
220 2654 309 2713 quam
324 2637 482 2712 imperata.
505 2638 600 2697 vetuit
614 2651 723 2711 parere
738 2634 934 2710 opinionibus
953 2634 1040 2695 falsis

58 2729 88 2784 et
115 2720 221 2798 quanti
248 2722 383 2797 quidque
410 2729 508 2793 esset,
534 2737 608 2780 vera
633 2719 842 2781 aestimatione
869 2719 1039 2794 perpendit.

57 2807 213 2866 damnavit
232 2807 341 2865 mixtas
363 2804 550 2881 poenitentia
569 2805 742 2880 voluptates
768 2811 798 2864 et
816 2803 899 2863 bona
919 2819 1041 2879 semper

58 2889 208 2966 placitura·
225 2891 361 2950 laudavit
380 2898 411 2950 et
432 2891 532 2965 palam
556 2889 627 2949 lecit
648 2887 856 2949 felicissimum
877 2903 963 2960 esse,
991 2887 1040 2948 cui

56 2972 200 3034 felicitate
215 2989 277 3034 non
292 2989 372 3050 opus
388 2980 452 3047 est,
470 2972 714 3048 potentissimum
729 2988 817 3044 esse,
834 2971 887 3048 qui
901 2987 937 3032 sc
948 2970 1042 3031 hahet

57 3058 87 3117 in
102 3064 265 3133 potestate.
296 3059 364 3119 Non
377 3058 416 3117 de
431 3073 469 3117 ea
483 3056 681 3133 philosophia
695 3057 823 3131 loquor,
847 3071 928 3130 quae
942 3054 1082 3124 civemap

57 3148 142 3202 extra
156 3142 287 3218 patriam
302 3142 420 3218 posuit,
439 3149 526 3201 extra
540 3142 684 3202 mundum
698 3141 792 3214 deos,
809 3154 890 3214 quae
900 3138 1040 3197 virtulem

56 3225 183 3286 donavit
195 3227 359 3302 voluptati,
376 3226 432 3287 sed
448 3225 488 3285 dc
502 3226 568 3300 illa,
591 3240 670 3299 quae
686 3224 801 3284 nullum
815 3221 930 3282 honum
946 3226 1040 3296 putat,

57 3308 116 3370 nisi
134 3309 221 3387 quod
242 3309 405 3370 honestum
424 3317 487 3381 est,
510 3324 588 3384 quae
605 3323 663 3367 nec
684 3305 815 3367 hominis
830 3321 887 3364 nec
902 3305 1041 3365 fortunae

56 3392 235 3455 muneribus
262 3395 389 3456 deleniri
414 3399 530 3468 potest,
560 3391 647 3452 cuius
672 3390 732 3451 hoc
757 3390 885 3464 pretium
910 3394 1041 3449 estnon

52 3488 152 3549 'posse
174 3478 274 3554 pretio
296 3477 381 3554 capi=
407 3476 488 3538 hanc
507 3472 802 3552 philosophiam
823 3473 949 3533 tuisse
970 3471 1039 3533 illo
