2468 3930
147 236 211 302 280
436 236 470 296 L.
484 235 632 296 ΑΝΝΑΕΙ
647 234 823 296 seducte

148 398 179 452 et
191 391 287 451 virtus
302 397 332 450 et
345 388 435 448 beata
449 387 510 447 vita
524 385 665 461 contigit:
687 385 777 448 nobis
792 386 900 447 umbra
920 387 1073 461 quaedam
1093 390 1131 450 il··

148 476 247 536 lorum
271 472 421 533 bonorum
447 477 477 530 et
498 469 673 530 similitudo.
708 471 883 530 accedimus
909 471 949 530 ad
973 471 1040 546 illa,
1066 489 1131 533 non

147 557 375 633 pervenimus.“
405 555 517 615 Ratio
534 568 607 614 vero
628 553 686 613 dis
707 553 1005 630 hominibusque
1027 563 1131 616 coma

147 641 249 720 muni
255 657 270 700 s
285 646 358 700 est:
379 637 457 698 haec
471 634 502 696 in
517 638 801 719 illisxconsummata
816 644 877 710 est,
898 638 928 697 in
949 638 1039 700 nobis
1055 646 1131 700 con-

102 724 344 793 essummabilis.
370 725 455 798 'sper
469 720 548 781 hanc
562 726 671 795 potens
685 737 746 780 non
757 721 947 794 ‘poenitenda
960 720 1131 800 agitaviws

148 808 211 868 Sed
230 808 271 868 ad
291 806 539 881 desperationem
558 819 616 864 nos
639 804 711 864 vitia
731 811 837 864 nostra
853 806 1031 879 perducunt.
1059 822 1129 868 nam

147 893 197 951 ille
219 893 294 952 alter
315 890 471 950 secundus
491 896 539 949 est
560 888 713 963 [prodest
740 894 773 948 ut
793 887 904 962 aliquis
926 905 1033 964 parum
1055 907 1130 951 con-

147 982 233 1035 stans
248 975 288 1034 ad
304 974 507 1035 custodienda
522 973 651 1047 optima,
667 973 753 1032 cuius
768 970 911 1032 iudicium
928 973 1010 1034 labat
1023 974 1130 1034 etiam-

147 1052 229 1120 nunc
249 1066 280 1119 et
299 1057 446 1119 incertum
467 1062 528 1132 est,
550 1054 706 1135 desideret
726 1054 882 1115 oculorum
904 1063 996 1132 atque
1011 1058 1129 1119 aurium

148 1158 289 1214 sensum,
314 1143 426 1202 bonam
446 1140 642 1200 valitudinem
667 1146 698 1198 et
717 1154 778 1199 non
802 1140 927 1200 foedum
948 1141 1130 1215 adspectum

149 1227 287 1302 corporis
308 1233 339 1285 et
361 1229 415 1298 [ic]
437 1222 541 1285 habitu
555 1229 726 1282 manentem
741 1239 814 1296 suo,
840 1222 948 1284 aetatis
970 1234 1131 1299 praeterea

104 1312 269 1391 allongins
292 1308 432 1383 spatium.
448 1311 497 1384 ††
538 1308 710 1382 lnperlecto
733 1310 800 1367 viro
823 1306 895 1369 huic
920 1308 1052 1369 malitiae
1081 1310 1131 1370 vis

147 1395 298 1470 quaedam
318 1391 411 1465 inest,
435 1408 497 1466 quc
517 1391 648 1452 animum
669 1390 762 1450 habet
784 1391 940 1451 mobilem:
968 1393 1009 1452 ad
1033 1408 1131 1467 prava

146 1479 231 1537 illum
251 1477 313 1551 agit
333 1476 464 1552 haerens
478 1474 591 1535 malitia
605 1481 636 1534 et
650 1490 687 1534 ea
701 1472 836 1549 agitata*
853 1475 954 1548 [abest
968 1477 1007 1536 de
1021 1476 1129 1549 bono].

147 1577 210 1621 non
225 1568 272 1620 est
286 1559 387 1619 adhuc
404 1559 519 1631 bonus,
535 1558 637 1619 sedin
652 1558 767 1619 bonum
781 1557 920 1634 lingitur:
946 1560 1130 1636 cuicumque

148 1649 272 1717 [autem]
288 1643 376 1702 abest
389 1642 505 1717 aliquid
519 1642 558 1701 ad
574 1642 701 1715 bonum,
725 1643 823 1702 malus
839 1650 896 1703 est.

105 1743 141 1798 30
231 1727 295 1787 Sed
305 1729 333 1786 si
347 1727 398 1787 cui
411 1729 503 1786 virtus
516 1728 690 1800 animasque
702 1729 735 1785 in
749 1741 873 1802 corpore
884 1742 1043 1801 praesens,

146 1809 196 1870 hic
217 1810 295 1870 deos
315 1815 436 1884 aequat.
463 1808 515 1869 illo
535 1807 631 1869 tendit
646 1808 773 1884 originis
788 1825 864 1870 suae
877 1825 1003 1870 memor.
1037 1825 1129 1871 nemo

146 1892 276 1969 inprobe
291 1909 328 1953 eo
345 1900 472 1954 conatur
489 1892 696 1966 adscendere,
709 1893 792 1952 unde
807 1893 1017 1953 descenderat
1048 1891 1130 1965 Quid

147 1987 195 2039 est
209 1984 309 2038 autem
325 1991 379 2036 cur
396 1993 457 2036 non
472 1975 629 2036 existimes
642 1975 673 2034 in
684 1991 721 2036 eo
735 1974 828 2036 divini
839 1976 954 2051 aliquid
965 1976 1128 2049 exsistere,

148 2060 200 2136 qui
222 2062 271 2122 dei
294 2077 364 2136 pars
384 2066 453 2120 esta
474 2067 568 2121 totum
582 2059 657 2132 hoc,
679 2077 741 2135 quo
760 2061 962 2134 continemur,
987 2065 1018 2119 et
1032 2076 1130 2120 unum

147 2152 244 2206 estet
264 2146 356 2205 deus:
385 2152 415 2205 et
435 2145 511 2205 socii
531 2160 639 2204 sumus
660 2143 727 2205 eius
743 2150 773 2204 et
789 2144 934 2204 membra.
967 2158 1068 2219 capax
1083 2150 1130 2204 est

147 2238 252 2290 noster
275 2229 404 2289 animus.
441 2228 592 2310 perfertur
613 2228 680 2300 illo,
709 2226 736 2288 si
759 2227 833 2288 vitia
860 2241 922 2286 non
948 2227 1128 2302 deprimant.

148 2313 410 2386 Quemadmodum
432 2310 595 2387 corporum
614 2318 788 2373 nostrorum
809 2311 930 2372 habitus
951 2311 1078 2386 erigitur
1099 2318 1129 2373 et

148 2406 266 2473 spectat
286 2399 316 2457 in
335 2398 469 2470 coelum,
491 2395 533 2455 ita
547 2396 681 2470 animus,
703 2397 752 2455 cui
771 2396 964 2470 inquantum
979 2396 1044 2455 vult
1058 2395 1130 2457 licet

147 2480 276 2557 porrigi,
291 2481 321 2540 in
339 2481 431 2540 hoca
445 2488 553 2541 natura
567 2496 667 2540 rerum
685 2480 831 2540 formatus
845 2485 909 2552 cst,
932 2484 964 2538 ut
979 2479 1066 2554 paria
1080 2479 1128 2539 dis

145 2566 250 2637 vellet,
278 2562 361 2637 [etlsi
381 2569 482 2624 utatur
502 2563 568 2624 suis
588 2562 704 2623 viribus
725 2579 762 2622 ac
783 2578 819 2622 se
837 2562 868 2622 in
890 2563 1022 2638 spatium
1038 2579 1128 2623 suum

102 2655 136 2710 31
145 2647 298 2708 extendat.
329 2647 396 2706 Non
411 2648 510 2707 aliena
523 2647 573 2706 via
587 2646 628 2706 ad
642 2663 762 2707 summa
776 2646 887 2707 nititur.
916 2661 1047 2720 magnus
1062 2653 1128 2706 crat

145 2731 233 2789 labor
259 2731 303 2788 ire
330 2731 360 2788 in
382 2730 515 2789 coelum=
539 2728 626 2790 redit.
662 2746 731 2789 cum
756 2729 816 2791 hoc
836 2731 893 2790 iter
913 2736 1044 2790 nanctus
1070 2736 1125 2800 est,

144 2812 230 2872 vadit
248 2812 405 2872 audaciter
417 2818 615 2888 ¹contemptor
636 2815 783 2873 omnium:
815 2828 873 2873 nec
898 2813 938 2872 ad
966 2813 1127 2888 pecuniam

145 2894 271 2969 respicit
291 2911 459 2971 aurumque
481 2902 510 2956 et
531 2905 687 2971 argentum
706 2896 782 2968 illis,
807 2896 837 2955 in
862 2897 973 2972 quibus
994 2895 1126 2968 iacuere,

145 2979 277 3040 tenebris
294 2980 472 3054 dignissima
492 2996 554 3040 non
577 2981 615 3040 ab
630 2982 689 3041 hoc
704 2980 843 3040 aestimat
857 2979 1039 3055 splendore,
1063 2993 1125 3053 quo

145 3064 337 3137 inperitorum
352 3064 514 3124 verberant
528 3066 650 3139 oculos,
666 3064 723 3125 sed
737 3080 756 3123 a
770 3072 868 3126 vetere
883 3079 997 3136 coeno,
1012 3078 1051 3122 ex
1063 3075 1125 3136 quc

145 3145 196 3207 illa
217 3149 349 3208 secrevit
371 3148 523 3223 cupiditas
544 3155 649 3208 nostra
670 3155 699 3208 et
717 3145 833 3208 effodit
872 3145 969 3219 Scit,
991 3147 1125 3221 inquam,

146 3232 268 3293 aliubi
291 3233 443 3308 positas
466 3247 555 3292 esse
576 3232 738 3292 divitias
761 3247 962 3308 quamquo
983 3244 1126 3304 conge-

101 3319 295 3377 32runtur=
317 3317 477 3377 animum
492 3314 636 3391 inpleri
657 3315 812 3385 debere,
828 3331 890 3376 non
905 3330 1017 3375 arcam.
1038 3315 1127 3373 Hunc

145 3399 291 3475 inponere
307 3401 440 3461 dominio
451 3415 551 3458 rerum
568 3400 701 3459 omnium
711 3400 790 3473 licet,
806 3399 886 3459 hunc
901 3398 932 3458 in
948 3394 1125 3473 possessio-

143 3498 212 3543 rem
229 3500 330 3544 rerum
344 3492 470 3544 naturae
484 3483 642 3556 inducere,
669 3491 703 3542 ut
723 3498 780 3543 sua
795 3481 934 3543 'orientis
944 3480 1126 3543 occidentis·
