<?xml version="1.0" encoding="UTF-8"?>
<!DOCTYPE html PUBLIC "-//W3C//DTD XHTML 1.0 Transitional//EN"
    "http://www.w3.org/TR/xhtml1/DTD/xhtml1-transitional.dtd">
<html xmlns="http://www.w3.org/1999/xhtml" xml:lang="en" lang="en">
 <head>
  <title>
</title>
<meta http-equiv="Content-Type" content="text/html;charset=utf-8" />
  <meta name='ocr-system' content='tesseract 3.04.00' />
  <meta name='ocr-capabilities' content='ocr_page ocr_carea ocr_par ocr_line ocrx_word'/>
</head>
<body>
  <div class='ocr_page' id='page_1' title='image "./lannaeisenecaeo00haasgoog_0196.png"; bbox 0 0 2468 3930; ppageno 0'>
   <div class='ocr_carea' id='block_1_1' title="bbox 203 239 1075 318">
    <p class='ocr_par' dir='ltr' id='par_1_1' title="bbox 203 239 1075 318">
     <span class='ocr_line' id='line_1_1' title="bbox 203 239 1075 318; baseline 0.013 -19"><span class='ocrx_word' id='word_1_1' title='bbox 203 239 373 300; x_wconf 86' lang='lat' dir='ltr'><strong>EPISTUL.</strong></span> <span class='ocrx_word' id='word_1_2' title='bbox 387 239 482 300; x_wconf 88' lang='lat' dir='ltr'><strong>MOR.</strong></span> <span class='ocrx_word' id='word_1_3' title='bbox 503 240 577 301; x_wconf 89' lang='lat' dir='ltr'><strong>LlB.</strong></span> <span class='ocrx_word' id='word_1_4' title='bbox 587 241 669 300; x_wconf 85' lang='lat' dir='ltr'><strong>vllt.</strong></span> <span class='ocrx_word' id='word_1_5' title='bbox 690 240 748 300; x_wconf 88' lang='grc' dir='ltr'><strong>ΕΡ.</strong></span> <span class='ocrx_word' id='word_1_6' title='bbox 760 253 786 303; x_wconf 80' lang='lat' dir='ltr'><strong>l.</strong></span> <span class='ocrx_word' id='word_1_7' title='bbox 797 253 823 304; x_wconf 76' lang='lat'><strong>2.</strong></span> <span class='ocrx_word' id='word_1_8' title='bbox 835 251 891 318; x_wconf 82' lang='lat'>(⁷0.</span> <span class='ocrx_word' id='word_1_9' title='bbox 906 249 965 317; x_wconf 80' lang='lat'><strong>71.)</strong></span> <span class='ocrx_word' id='word_1_10' title='bbox 1014 244 1075 310; x_wconf 83' lang='lat'><strong>163</strong></span> 
     </span>
    </p>
   </div>
   <div class='ocr_carea' id='block_1_2' title="bbox 100 391 1169 1306">
    <p class='ocr_par' dir='ltr' id='par_1_2' title="bbox 100 391 1169 1306">
     <span class='ocr_line' id='line_1_2' title="bbox 100 391 1077 469; baseline 0.002 -13"><span class='ocrx_word' id='word_1_11' title='bbox 100 397 162 456; x_wconf 82' lang='lat' dir='ltr'><strong>iuoc</strong></span> <span class='ocrx_word' id='word_1_12' title='bbox 179 391 353 469; x_wconf 81' lang='lat' dir='ltr'><strong>speciosius</strong></span> <span class='ocrx_word' id='word_1_13' title='bbox 371 393 579 467; x_wconf 79' lang='lat' dir='ltr'><strong>spectaculum</strong></span> <span class='ocrx_word' id='word_1_14' title='bbox 602 393 671 468; x_wconf 84' lang='lat' dir='ltr'><strong>fuit,</strong></span> <span class='ocrx_word' id='word_1_15' title='bbox 695 403 807 468; x_wconf 88' lang='lat' dir='ltr'><strong>quanto</strong></span> <span class='ocrx_word' id='word_1_16' title='bbox 822 394 982 460; x_wconf 71' lang='lat' dir='ltr'><strong>honestius</strong></span> <span class='ocrx_word' id='word_1_17' title='bbox 999 397 1077 459; x_wconf 88' lang='lat' dir='ltr'><strong>mori</strong></span> 
     </span>
     <span class='ocr_line' id='line_1_3' title="bbox 100 475 1116 556; baseline 0.006 -16"><span class='ocrx_word' id='word_1_18' title='bbox 100 479 225 540; x_wconf 85' lang='lat' dir='ltr'><strong>discunt</strong></span> <span class='ocrx_word' id='word_1_19' title='bbox 243 477 383 536; x_wconf 87' lang='lat' dir='ltr'><strong>homines</strong></span> <span class='ocrx_word' id='word_1_20' title='bbox 400 492 491 551; x_wconf 89' lang='lat' dir='ltr'><strong>quam</strong></span> <span class='ocrx_word' id='word_1_21' title='bbox 506 475 657 536; x_wconf 88' lang='lat' dir='ltr'><strong>occidere.</strong></span> <span class='ocrx_word' id='word_1_22' title='bbox 680 477 757 552; x_wconf 82' lang='lat' dir='ltr'><strong>Quid</strong></span> <span class='ocrx_word' id='word_1_23' title='bbox 773 486 868 554; x_wconf 70' lang='lat' dir='ltr'><strong>ergo?</strong></span> <span class='ocrx_word' id='word_1_24' title='bbox 888 483 972 556; x_wconf 94' lang='lat' dir='ltr'><strong>quod</strong></span> <span class='ocrx_word' id='word_1_25' title='bbox 983 483 1116 547; x_wconf 75' lang='lat' dir='ltr'><strong>animirr</strong></span> 
     </span>
     <span class='ocr_line' id='line_1_4' title="bbox 100 560 1074 640; baseline 0.006 -18"><span class='ocrx_word' id='word_1_26' title='bbox 100 560 213 640; x_wconf 87' lang='lat' dir='ltr'><strong>perditi</strong></span> <span class='ocrx_word' id='word_1_27' title='bbox 229 575 356 637; x_wconf 87' lang='lat' dir='ltr'><strong>quoque</strong></span> <span class='ocrx_word' id='word_1_28' title='bbox 374 560 519 637; x_wconf 87' lang='lat' dir='ltr'><strong>[noxiosi]</strong></span> <span class='ocrx_word' id='word_1_29' title='bbox 534 560 661 635; x_wconf 89' lang='lat' dir='ltr'><strong>habent,</strong></span> <span class='ocrx_word' id='word_1_30' title='bbox 685 578 745 622; x_wconf 95' lang='lat' dir='ltr'><strong>non</strong></span> <span class='ocrx_word' id='word_1_31' title='bbox 760 562 915 626; x_wconf 86' lang='lat' dir='ltr'><strong>habebunt</strong></span> <span class='ocrx_word' id='word_1_32' title='bbox 929 565 979 640; x_wconf 88' lang='lat' dir='ltr'><strong>iili,</strong></span> <span class='ocrx_word' id='word_1_33' title='bbox 995 583 1074 640; x_wconf 87' lang='lat' dir='ltr'><strong>quos</strong></span> 
     </span>
     <span class='ocr_line' id='line_1_5' title="bbox 102 643 1076 724; baseline 0 -16"><span class='ocrx_word' id='word_1_34' title='bbox 102 647 253 708; x_wconf 83' lang='lat' dir='ltr'><strong>adversus</strong></span> <span class='ocrx_word' id='word_1_35' title='bbox 269 644 328 704; x_wconf 91' lang='lat' dir='ltr'><strong>hos</strong></span> <span class='ocrx_word' id='word_1_36' title='bbox 344 659 436 705; x_wconf 88' lang='lat' dir='ltr'><strong>casus</strong></span> <span class='ocrx_word' id='word_1_37' title='bbox 451 643 594 704; x_wconf 86' lang='lat' dir='ltr'><strong>instruxit</strong></span> <span class='ocrx_word' id='word_1_38' title='bbox 607 645 698 719; x_wconf 81' lang='lat' dir='ltr'><strong>ionga</strong></span> <span class='ocrx_word' id='word_1_39' title='bbox 712 646 866 707; x_wconf 88' lang='lat' dir='ltr'><strong>meditatio</strong></span> <span class='ocrx_word' id='word_1_40' title='bbox 888 656 918 709; x_wconf 86' lang='lat' dir='ltr'><strong>et</strong></span> <span class='ocrx_word' id='word_1_41' title='bbox 930 649 1076 724; x_wconf 84' lang='lat' dir='ltr'><strong>magistra</strong></span> 
     </span>
     <span class='ocr_line' id='line_1_6' title="bbox 100 728 1075 793; baseline 0.003 -3"><span class='ocrx_word' id='word_1_42' title='bbox 100 746 203 791; x_wconf 89' lang='lat' dir='ltr'><strong>rerum</strong></span> <span class='ocrx_word' id='word_1_43' title='bbox 220 728 354 789; x_wconf 90' lang='lat' dir='ltr'><strong>omnium</strong></span> <span class='ocrx_word' id='word_1_44' title='bbox 368 728 467 788; x_wconf 69' lang='lat' dir='ltr'><strong>ratior</strong></span> <span class='ocrx_word' id='word_1_45' title='bbox 500 728 554 786; x_wconf 85' lang='lat' dir='ltr'><strong>lita</strong></span> <span class='ocrx_word' id='word_1_46' title='bbox 572 744 631 788; x_wconf 90' lang='lat' dir='ltr'><strong>nos</strong></span> <span class='ocrx_word' id='word_1_47' title='bbox 646 729 738 789; x_wconf 90' lang='lat' dir='ltr'><strong>docet</strong></span> <span class='ocrx_word' id='word_1_48' title='bbox 753 730 805 791; x_wconf 88' lang='lat' dir='ltr'><strong>iati</strong></span> <span class='ocrx_word' id='word_1_49' title='bbox 819 731 922 792; x_wconf 89' lang='lat' dir='ltr'><strong>varios</strong></span> <span class='ocrx_word' id='word_1_50' title='bbox 938 749 1009 792; x_wconf 90' lang='lat' dir='ltr'><strong>esse</strong></span> <span class='ocrx_word' id='word_1_51' title='bbox 1024 749 1075 793; x_wconf 88' lang='lat' dir='ltr'><strong>ac-</strong></span> 
     </span>
     <span class='ocr_line' id='line_1_7' title="bbox 102 809 1074 890; baseline 0 -14"><span class='ocrx_word' id='word_1_52' title='bbox 102 829 228 887; x_wconf 87' lang='lat' dir='ltr'><strong>cessus,</strong></span> <span class='ocrx_word' id='word_1_53' title='bbox 247 813 339 872; x_wconf 87' lang='lat' dir='ltr'><strong>finem</strong></span> <span class='ocrx_word' id='word_1_54' title='bbox 355 811 511 871; x_wconf 80' lang='lat' dir='ltr'><strong>eumdem=</strong></span> <span class='ocrx_word' id='word_1_55' title='bbox 533 809 607 870; x_wconf 90' lang='lat' dir='ltr'><strong>nihil</strong></span> <span class='ocrx_word' id='word_1_56' title='bbox 627 818 728 871; x_wconf 90' lang='lat' dir='ltr'><strong>autem</strong></span> <span class='ocrx_word' id='word_1_57' title='bbox 745 815 911 890; x_wconf 89' lang='lat' dir='ltr'><strong>interesse,</strong></span> <span class='ocrx_word' id='word_1_58' title='bbox 934 818 1016 877; x_wconf 88' lang='lat' dir='ltr'><strong>unde</strong></span> <span class='ocrx_word' id='word_1_59' title='bbox 1030 819 1074 876; x_wconf 91' lang='lat' dir='ltr'><strong>in-</strong></span> 
     </span>
     <span class='ocr_line' id='line_1_8' title="bbox 101 894 1117 974; baseline 0.002 -16"><span class='ocrx_word' id='word_1_60' title='bbox 101 897 195 973; x_wconf 86' lang='lat' dir='ltr'><strong>cipiat</strong></span> <span class='ocrx_word' id='word_1_61' title='bbox 209 897 294 972; x_wconf 90' lang='lat' dir='ltr'><strong>quod</strong></span> <span class='ocrx_word' id='word_1_62' title='bbox 309 894 401 954; x_wconf 88' lang='lat' dir='ltr'><strong>venit.</strong></span> <span class='ocrx_word' id='word_1_63' title='bbox 444 894 559 955; x_wconf 81' lang='lat' dir='ltr'><strong>Eadem</strong></span> <span class='ocrx_word' id='word_1_64' title='bbox 577 895 628 955; x_wconf 90' lang='lat' dir='ltr'><strong>illa</strong></span> <span class='ocrx_word' id='word_1_65' title='bbox 640 896 716 956; x_wconf 85' lang='lat' dir='ltr'><strong>ratio</strong></span> <span class='ocrx_word' id='word_1_66' title='bbox 731 904 849 972; x_wconf 87' lang='lat' dir='ltr'><strong>monet,</strong></span> <span class='ocrx_word' id='word_1_67' title='bbox 869 905 918 973; x_wconf 85' lang='lat' dir='ltr'><strong>ut,</strong></span> <span class='ocrx_word' id='word_1_68' title='bbox 944 901 970 959; x_wconf 91' lang='lat' dir='ltr'><strong>si</strong></span> <span class='ocrx_word' id='word_1_69' title='bbox 994 900 1117 974; x_wconf 58' lang='lat' dir='ltr'><strong>ticeni&amp;</strong></span> 
     </span>
     <span class='ocr_line' id='line_1_9' title="bbox 102 980 1074 1060; baseline 0.003 -19"><span class='ocrx_word' id='word_1_70' title='bbox 102 981 241 1042; x_wconf 83' lang='lat' dir='ltr'><strong>moriaris</strong></span> <span class='ocrx_word' id='word_1_71' title='bbox 259 983 332 1053; x_wconf 84' lang='lat' dir='ltr'><strong>[sinc</strong></span> <span class='ocrx_word' id='word_1_72' title='bbox 344 980 460 1040; x_wconf 84' lang='lat' dir='ltr'><strong>dolore:</strong></span> <span class='ocrx_word' id='word_1_73' title='bbox 481 982 509 1039; x_wconf 84' lang='lat' dir='ltr'><strong>si</strong></span> <span class='ocrx_word' id='word_1_74' title='bbox 521 984 619 1039; x_wconf 84' lang='lat' dir='ltr'><strong>cutem</strong></span> <span class='ocrx_word' id='word_1_75' title='bbox 629 995 688 1040; x_wconf 84' lang='lat' dir='ltr'><strong>non</strong></span> <span class='ocrx_word' id='word_1_76' title='bbox 696 987 787 1055; x_wconf 82' lang='lat' dir='ltr'><strong>potes,</strong></span> <span class='ocrx_word' id='word_1_77' title='bbox 804 984 953 1060; x_wconf 79' lang='lat' dir='ltr'><strong>moriaris]</strong></span> <span class='ocrx_word' id='word_1_78' title='bbox 970 1001 1074 1058; x_wconf 91' lang='lat' dir='ltr'><strong>quem·</strong></span> 
     </span>
     <span class='ocr_line' id='line_1_10' title="bbox 102 1060 1074 1138; baseline 0.002 -14"><span class='ocrx_word' id='word_1_79' title='bbox 102 1065 267 1124; x_wconf 78' lang='lat' dir='ltr'><strong>admodum</strong></span> <span class='ocrx_word' id='word_1_80' title='bbox 291 1069 380 1137; x_wconf 87' lang='lat' dir='ltr'><strong>potes</strong></span> <span class='ocrx_word' id='word_1_81' title='bbox 408 1069 438 1122; x_wconf 86' lang='lat' dir='ltr'><strong>et</strong></span> <span class='ocrx_word' id='word_1_82' title='bbox 458 1060 605 1137; x_wconf 92' lang='lat' dir='ltr'><strong>quicquid</strong></span> <span class='ocrx_word' id='word_1_83' title='bbox 636 1062 808 1138; x_wconf 89' lang='lat' dir='ltr'><strong>obvenerit,</strong></span> <span class='ocrx_word' id='word_1_84' title='bbox 841 1064 882 1122; x_wconf 94' lang='lat' dir='ltr'><strong>ad</strong></span> <span class='ocrx_word' id='word_1_85' title='bbox 903 1066 963 1124; x_wconf 94' lang='lat' dir='ltr'><strong>vim</strong></span> <span class='ocrx_word' id='word_1_86' title='bbox 990 1067 1074 1126; x_wconf 86' lang='lat' dir='ltr'><strong>adsc-</strong></span> 
     </span>
     <span class='ocr_line' id='line_1_11' title="bbox 100 1145 1169 1221; baseline 0.001 -13"><span class='ocrx_word' id='word_1_87' title='bbox 100 1148 229 1209; x_wconf 86' lang='lat' dir='ltr'><strong>reudam</strong></span> <span class='ocrx_word' id='word_1_88' title='bbox 252 1146 306 1208; x_wconf 88' lang='lat' dir='ltr'><strong>tibi</strong></span> <span class='ocrx_word' id='word_1_89' title='bbox 330 1145 469 1206; x_wconf 89' lang='lat' dir='ltr'><strong>invadas.</strong></span> <span class='ocrx_word' id='word_1_90' title='bbox 513 1145 696 1207; x_wconf 88' lang='lat' dir='ltr'><strong>Iniuriosum</strong></span> <span class='ocrx_word' id='word_1_91' title='bbox 720 1155 767 1206; x_wconf 91' lang='lat' dir='ltr'><strong>est</strong></span> <span class='ocrx_word' id='word_1_92' title='bbox 790 1154 879 1221; x_wconf 92' lang='lat' dir='ltr'><strong>rapto</strong></span> <span class='ocrx_word' id='word_1_93' title='bbox 900 1147 1021 1208; x_wconf 79' lang='lat' dir='ltr'><strong>vivere:</strong></span> <span class='ocrx_word' id='word_1_94' title='bbox 1045 1156 1076 1209; x_wconf 88' lang='lat' dir='ltr'><strong>at</strong></span> <span class='ocrx_word' id='word_1_95' title='bbox 1158 1172 1169 1193; x_wconf 89' lang='lat'><strong>·</strong></span> 
     </span>
     <span class='ocr_line' id='line_1_12' title="bbox 102 1228 790 1306; baseline -0.009 -12"><span class='ocrx_word' id='word_1_96' title='bbox 102 1241 209 1295; x_wconf 67' lang='lat' dir='ltr'><strong>conda</strong></span> <span class='ocrx_word' id='word_1_97' title='bbox 223 1228 461 1306; x_wconf 89' lang='lat' dir='ltr'><strong>pulcherrimum</strong></span> <span class='ocrx_word' id='word_1_98' title='bbox 476 1229 552 1289; x_wconf 88' lang='lat' dir='ltr'><strong>mori</strong></span> <span class='ocrx_word' id='word_1_99' title='bbox 567 1237 667 1305; x_wconf 89' lang='lat' dir='ltr'><strong>rapto.</strong></span> <span class='ocrx_word' id='word_1_100' title='bbox 702 1231 790 1289; x_wconf 86' lang='lat' dir='ltr'><strong>Vale.</strong></span> 
     </span>
    </p>
   </div>
   <div class='ocr_carea' id='block_1_3' title="bbox 352 1352 820 1514">
    <p class='ocr_par' dir='ltr' id='par_1_3' title="bbox 352 1352 820 1514">
     <span class='ocr_line' id='line_1_13' title="bbox 400 1352 770 1443; baseline 0.011 -22"><span class='ocrx_word' id='word_1_101' title='bbox 400 1352 618 1443; x_wconf 76' lang='lat' dir='ltr'><strong>srrsru&#39;ua</strong></span> <span class='ocrx_word' id='word_1_102' title='bbox 636 1367 670 1422; x_wconf 88' lang='lat'><strong>11.</strong></span> <span class='ocrx_word' id='word_1_103' title='bbox 698 1366 770 1438; x_wconf 72' lang='grc' dir='ltr'>(τι.)</span> 
     </span>
     <span class='ocr_line' id='line_1_14' title="bbox 352 1461 820 1514; baseline 0 -1"><span class='ocrx_word' id='word_1_104' title='bbox 352 1461 462 1513; x_wconf 73' lang='lat' dir='ltr'><strong>Saurea</strong></span> <span class='ocrx_word' id='word_1_105' title='bbox 479 1463 592 1514; x_wconf 79' lang='lat' dir='ltr'><strong>Lucum</strong></span> <span class='ocrx_word' id='word_1_106' title='bbox 612 1474 664 1512; x_wconf 86' lang='lat' dir='ltr'><strong>suo</strong></span> <span class='ocrx_word' id='word_1_107' title='bbox 682 1474 820 1513; x_wconf 71' lang='lat' dir='ltr'><strong>susurru.</strong></span> 
     </span>
    </p>
   </div>
   <div class='ocr_carea' id='block_1_4' title="bbox 100 1562 1109 3632">
    <p class='ocr_par' dir='ltr' id='par_1_4' title="bbox 100 1562 1109 3567">
     <span class='ocr_line' id='line_1_15' title="bbox 187 1562 1102 1638; baseline 0.003 -13"><span class='ocrx_word' id='word_1_108' title='bbox 187 1562 323 1625; x_wconf 82' lang='lat' dir='ltr'><strong>Subinde</strong></span> <span class='ocrx_word' id='word_1_109' title='bbox 339 1579 387 1623; x_wconf 91' lang='lat' dir='ltr'><strong>me</strong></span> <span class='ocrx_word' id='word_1_110' title='bbox 402 1565 440 1623; x_wconf 89' lang='lat' dir='ltr'><strong>de</strong></span> <span class='ocrx_word' id='word_1_111' title='bbox 455 1564 548 1624; x_wconf 87' lang='lat' dir='ltr'><strong>rebus</strong></span> <span class='ocrx_word' id='word_1_112' title='bbox 564 1564 693 1638; x_wconf 80' lang='lat' dir='ltr'><strong>singuiis</strong></span> <span class='ocrx_word' id='word_1_113' title='bbox 709 1564 844 1625; x_wconf 88' lang='lat' dir='ltr'><strong>consulis</strong></span> <span class='ocrx_word' id='word_1_114' title='bbox 863 1565 975 1626; x_wconf 87' lang='lat' dir='ltr'><strong>obiitus</strong></span> <span class='ocrx_word' id='word_1_115' title='bbox 987 1573 1075 1626; x_wconf 90' lang='lat' dir='ltr'><strong>vasto</strong></span> <span class='ocrx_word' id='word_1_116' title='bbox 1088 1578 1102 1628; x_wconf 93' lang='lat'>1</span> 
     </span>
     <span class='ocr_line' id='line_1_16' title="bbox 101 1647 1076 1724; baseline 0 -15"><span class='ocrx_word' id='word_1_117' title='bbox 101 1665 160 1709; x_wconf 91' lang='lat' dir='ltr'><strong>nos</strong></span> <span class='ocrx_word' id='word_1_118' title='bbox 178 1648 255 1708; x_wconf 90' lang='lat' dir='ltr'><strong>mari</strong></span> <span class='ocrx_word' id='word_1_119' title='bbox 267 1648 371 1706; x_wconf 89' lang='lat' dir='ltr'><strong>dividi.</strong></span> <span class='ocrx_word' id='word_1_120' title='bbox 396 1663 464 1707; x_wconf 93' lang='lat' dir='ltr'><strong>cum</strong></span> <span class='ocrx_word' id='word_1_121' title='bbox 477 1663 588 1722; x_wconf 84' lang='lat' dir='ltr'><strong>magna</strong></span> <span class='ocrx_word' id='word_1_122' title='bbox 602 1664 675 1723; x_wconf 87' lang='lat' dir='ltr'><strong>pars</strong></span> <span class='ocrx_word' id='word_1_123' title='bbox 693 1647 812 1708; x_wconf 90' lang='lat' dir='ltr'><strong>consilii</strong></span> <span class='ocrx_word' id='word_1_124' title='bbox 829 1649 912 1709; x_wconf 89' lang='lat' dir='ltr'><strong>sitin</strong></span> <span class='ocrx_word' id='word_1_125' title='bbox 927 1657 1076 1724; x_wconf 84' lang='lat' dir='ltr'><strong>tempore,</strong></span> 
     </span>
     <span class='ocr_line' id='line_1_17' title="bbox 102 1731 1077 1813; baseline 0 -21"><span class='ocrx_word' id='word_1_126' title='bbox 102 1748 235 1793; x_wconf 90' lang='lat' dir='ltr'><strong>necesse</strong></span> <span class='ocrx_word' id='word_1_127' title='bbox 249 1739 297 1792; x_wconf 86' lang='lat' dir='ltr'><strong>est</strong></span> <span class='ocrx_word' id='word_1_128' title='bbox 311 1731 448 1805; x_wconf 88' lang='lat' dir='ltr'><strong>evenire,</strong></span> <span class='ocrx_word' id='word_1_129' title='bbox 471 1737 505 1791; x_wconf 90' lang='lat' dir='ltr'><strong>ut</strong></span> <span class='ocrx_word' id='word_1_130' title='bbox 526 1731 565 1813; x_wconf 89' lang='lat' dir='ltr'><strong>de</strong></span> <span class='ocrx_word' id='word_1_131' title='bbox 587 1731 769 1806; x_wconf 89' lang='lat' dir='ltr'><strong>quibusdam</strong></span> <span class='ocrx_word' id='word_1_132' title='bbox 789 1732 883 1792; x_wconf 89' lang='lat' dir='ltr'><strong>rebus</strong></span> <span class='ocrx_word' id='word_1_133' title='bbox 904 1742 975 1794; x_wconf 90' lang='lat' dir='ltr'><strong>tunc</strong></span> <span class='ocrx_word' id='word_1_134' title='bbox 992 1733 1032 1792; x_wconf 89' lang='lat' dir='ltr'><strong>ad</strong></span> <span class='ocrx_word' id='word_1_135' title='bbox 1046 1739 1077 1792; x_wconf 85' lang='lat' dir='ltr'><strong>te</strong></span> 
     </span>
     <span class='ocr_line' id='line_1_18' title="bbox 102 1809 1076 1893; baseline -0.006 -15"><span class='ocrx_word' id='word_1_136' title='bbox 102 1818 274 1893; x_wconf 78' lang='lat' dir='ltr'><strong>perferatur</strong></span> <span class='ocrx_word' id='word_1_137' title='bbox 288 1815 437 1875; x_wconf 90' lang='lat' dir='ltr'><strong>sententia</strong></span> <span class='ocrx_word' id='word_1_138' title='bbox 457 1829 540 1887; x_wconf 86' lang='lat' dir='ltr'><strong>mea,</strong></span> <span class='ocrx_word' id='word_1_139' title='bbox 564 1830 632 1875; x_wconf 91' lang='lat' dir='ltr'><strong>cum</strong></span> <span class='ocrx_word' id='word_1_140' title='bbox 652 1809 713 1874; x_wconf 89' lang='lat' dir='ltr'><strong>iam</strong></span> <span class='ocrx_word' id='word_1_141' title='bbox 735 1818 885 1876; x_wconf 90' lang='lat' dir='ltr'><strong>contraria</strong></span> <span class='ocrx_word' id='word_1_142' title='bbox 900 1815 1001 1891; x_wconf 90' lang='lat' dir='ltr'><strong>potior</strong></span> <span class='ocrx_word' id='word_1_143' title='bbox 1019 1822 1076 1877; x_wconf 92' lang='lat' dir='ltr'><strong>est.</strong></span> 
     </span>
     <span class='ocr_line' id='line_1_19' title="bbox 103 1898 1075 1975; baseline -0.004 -13"><span class='ocrx_word' id='word_1_144' title='bbox 103 1900 232 1962; x_wconf 86' lang='lat' dir='ltr'><strong>consilia</strong></span> <span class='ocrx_word' id='word_1_145' title='bbox 246 1900 324 1958; x_wconf 89' lang='lat' dir='ltr'><strong>enim</strong></span> <span class='ocrx_word' id='word_1_146' title='bbox 339 1898 431 1958; x_wconf 88' lang='lat' dir='ltr'><strong>rebus</strong></span> <span class='ocrx_word' id='word_1_147' title='bbox 446 1906 598 1973; x_wconf 84' lang='lat' dir='ltr'><strong>aptantur.</strong></span> <span class='ocrx_word' id='word_1_148' title='bbox 620 1915 671 1959; x_wconf 90' lang='lat' dir='ltr'><strong>res</strong></span> <span class='ocrx_word' id='word_1_149' title='bbox 687 1907 811 1959; x_wconf 87' lang='lat' dir='ltr'><strong>nostrae</strong></span> <span class='ocrx_word' id='word_1_150' title='bbox 824 1901 970 1975; x_wconf 85' lang='lat' dir='ltr'><strong>feruutur,</strong></span> <span class='ocrx_word' id='word_1_151' title='bbox 984 1901 1075 1959; x_wconf 92' lang='lat' dir='ltr'><strong>immo</strong></span> 
     </span>
     <span class='ocr_line' id='line_1_20' title="bbox 103 1978 1076 2057; baseline -0.005 -14"><span class='ocrx_word' id='word_1_152' title='bbox 103 1985 281 2045; x_wconf 82' lang='lat' dir='ltr'><strong>volvuntur:</strong></span> <span class='ocrx_word' id='word_1_153' title='bbox 305 1978 1076 2057; x_wconf 62' lang='lat' dir='ltr'><strong>ergoconsiliumnasoisub‘diemdebet:</strong></span> 
     </span>
     <span class='ocr_line' id='line_1_21' title="bbox 102 2066 1077 2146; baseline -0.003 -18"><span class='ocrx_word' id='word_1_154' title='bbox 102 2069 157 2146; x_wconf 87' lang='lat' dir='ltr'><strong>[et]</strong></span> <span class='ocrx_word' id='word_1_155' title='bbox 184 2067 244 2128; x_wconf 90' lang='lat' dir='ltr'><strong>hoc</strong></span> <span class='ocrx_word' id='word_1_156' title='bbox 269 2082 393 2142; x_wconf 86' lang='lat' dir='ltr'><strong>quoque</strong></span> <span class='ocrx_word' id='word_1_157' title='bbox 417 2067 507 2126; x_wconf 92' lang='lat' dir='ltr'><strong>nimis</strong></span> <span class='ocrx_word' id='word_1_158' title='bbox 527 2067 647 2126; x_wconf 89' lang='lat' dir='ltr'><strong>tardum</strong></span> <span class='ocrx_word' id='word_1_159' title='bbox 668 2072 729 2125; x_wconf 87' lang='lat' dir='ltr'><strong>est=</strong></span> <span class='ocrx_word' id='word_1_160' title='bbox 751 2066 821 2126; x_wconf 91' lang='lat' dir='ltr'><strong>sub</strong></span> <span class='ocrx_word' id='word_1_161' title='bbox 843 2084 970 2141; x_wconf 90' lang='lat' dir='ltr'><strong>manu,</strong></span> <span class='ocrx_word' id='word_1_162' title='bbox 993 2067 1077 2142; x_wconf 90' lang='lat' dir='ltr'><strong>quod</strong></span> 
     </span>
     <span class='ocr_line' id='line_1_22' title="bbox 102 2149 1076 2226; baseline -0.004 -13"><span class='ocrx_word' id='word_1_163' title='bbox 102 2153 203 2226; x_wconf 82' lang='lat' dir='ltr'><strong>aiunt,</strong></span> <span class='ocrx_word' id='word_1_164' title='bbox 225 2157 376 2210; x_wconf 86' lang='lat' dir='ltr'><strong>nascatur.</strong></span> <span class='ocrx_word' id='word_1_165' title='bbox 421 2149 742 2223; x_wconf 75' lang='lat' dir='ltr'><strong>Quemadmodum</strong></span> <span class='ocrx_word' id='word_1_166' title='bbox 763 2151 1076 2210; x_wconf 84' lang='lat' dir='ltr'><strong>auteminvenia·</strong></span> 
     </span>
     <span class='ocr_line' id='line_1_23' title="bbox 100 2231 1105 2309; baseline -0.008 -12"><span class='ocrx_word' id='word_1_167' title='bbox 100 2243 179 2309; x_wconf 86' lang='lat' dir='ltr'><strong>tur,</strong></span> <span class='ocrx_word' id='word_1_168' title='bbox 195 2235 405 2294; x_wconf 86' lang='lat' dir='ltr'><strong>ostendam.</strong></span> <span class='ocrx_word' id='word_1_169' title='bbox 427 2234 588 2307; x_wconf 81' lang='lat' dir='ltr'><strong>Quotiens,</strong></span> <span class='ocrx_word' id='word_1_170' title='bbox 605 2233 678 2307; x_wconf 90' lang='lat' dir='ltr'><strong>quid</strong></span> <span class='ocrx_word' id='word_1_171' title='bbox 693 2231 869 2306; x_wconf 80' lang='lat' dir='ltr'><strong>fugiendum</strong></span> <span class='ocrx_word' id='word_1_172' title='bbox 885 2232 925 2293; x_wconf 92' lang='lat' dir='ltr'><strong>sit</strong></span> <span class='ocrx_word' id='word_1_173' title='bbox 938 2241 990 2294; x_wconf 92' lang='lat' dir='ltr'><strong>aut</strong></span> <span class='ocrx_word' id='word_1_174' title='bbox 1002 2232 1105 2309; x_wconf 75' lang='lat' dir='ltr'><strong>quida</strong></span> 
     </span>
     <span class='ocr_line' id='line_1_24' title="bbox 101 2315 1077 2395; baseline -0.004 -16"><span class='ocrx_word' id='word_1_175' title='bbox 101 2320 284 2395; x_wconf 87' lang='lat' dir='ltr'><strong>petendum,</strong></span> <span class='ocrx_word' id='word_1_176' title='bbox 308 2319 395 2377; x_wconf 84' lang='lat' dir='ltr'><strong>voles</strong></span> <span class='ocrx_word' id='word_1_177' title='bbox 410 2317 503 2390; x_wconf 91' lang='lat' dir='ltr'><strong>scire,</strong></span> <span class='ocrx_word' id='word_1_178' title='bbox 523 2317 563 2375; x_wconf 89' lang='lat' dir='ltr'><strong>ad</strong></span> <span class='ocrx_word' id='word_1_179' title='bbox 578 2331 727 2375; x_wconf 85' lang='lat' dir='ltr'><strong>summum</strong></span> <span class='ocrx_word' id='word_1_180' title='bbox 743 2315 869 2389; x_wconf 88' lang='lat' dir='ltr'><strong>bonum,</strong></span> <span class='ocrx_word' id='word_1_181' title='bbox 895 2323 946 2390; x_wconf 84' lang='lat' dir='ltr'><strong>[et]</strong></span> <span class='ocrx_word' id='word_1_182' title='bbox 964 2333 1077 2391; x_wconf 90' lang='lat' dir='ltr'><strong>propo·</strong></span> 
     </span>
     <span class='ocr_line' id='line_1_25' title="bbox 102 2398 1077 2474; baseline -0.007 -10"><span class='ocrx_word' id='word_1_183' title='bbox 102 2404 196 2465; x_wconf 89' lang='lat' dir='ltr'><strong>situm</strong></span> <span class='ocrx_word' id='word_1_184' title='bbox 212 2401 304 2462; x_wconf 89' lang='lat' dir='ltr'><strong>totius</strong></span> <span class='ocrx_word' id='word_1_185' title='bbox 320 2402 399 2462; x_wconf 89' lang='lat' dir='ltr'><strong>vitae</strong></span> <span class='ocrx_word' id='word_1_186' title='bbox 419 2409 498 2473; x_wconf 87' lang='lat' dir='ltr'><strong>tuae,</strong></span> <span class='ocrx_word' id='word_1_187' title='bbox 513 2400 644 2474; x_wconf 84' lang='lat' dir='ltr'><strong>respice.</strong></span> <span class='ocrx_word' id='word_1_188' title='bbox 680 2399 722 2457; x_wconf 89' lang='lat' dir='ltr'><strong>illi</strong></span> <span class='ocrx_word' id='word_1_189' title='bbox 743 2398 823 2458; x_wconf 92' lang='lat' dir='ltr'><strong>enim</strong></span> <span class='ocrx_word' id='word_1_190' title='bbox 838 2401 1010 2460; x_wconf 88' lang='lat' dir='ltr'><strong>consentire</strong></span> <span class='ocrx_word' id='word_1_191' title='bbox 1024 2400 1077 2457; x_wconf 86' lang='lat' dir='ltr'><strong>de-</strong></span> 
     </span>
     <span class='ocr_line' id='line_1_26' title="bbox 102 2481 1078 2561; baseline -0.006 -14"><span class='ocrx_word' id='word_1_192' title='bbox 102 2488 169 2561; x_wconf 85' lang='lat' dir='ltr'><strong>bet,</strong></span> <span class='ocrx_word' id='word_1_193' title='bbox 191 2483 483 2561; x_wconf 83' lang='lat' dir='ltr'><strong>quicquidagimus=</strong></span> <span class='ocrx_word' id='word_1_194' title='bbox 505 2499 580 2543; x_wconf 92' lang='lat' dir='ltr'><strong>non</strong></span> <span class='ocrx_word' id='word_1_195' title='bbox 601 2481 787 2557; x_wconf 87' lang='lat' dir='ltr'><strong>disponet</strong></span> <span class='ocrx_word' id='word_1_196' title='bbox 807 2481 976 2556; x_wconf 83' lang='lat' dir='ltr'><strong>singula,</strong></span> <span class='ocrx_word' id='word_1_197' title='bbox 998 2483 1078 2542; x_wconf 92' lang='lat' dir='ltr'><strong>nisi</strong></span> 
     </span>
     <span class='ocr_line' id='line_1_27' title="bbox 103 2566 1077 2641; baseline -0.005 -11"><span class='ocrx_word' id='word_1_198' title='bbox 103 2568 638 2631; x_wconf 85' lang='lat' dir='ltr'><strong>cuiiamvitaesuacsumma</strong></span> <span class='ocrx_word' id='word_1_199' title='bbox 656 2566 946 2641; x_wconf 88' lang='lat' dir='ltr'><strong>propositaest.</strong></span> <span class='ocrx_word' id='word_1_200' title='bbox 977 2581 1077 2639; x_wconf 91' lang='lat' dir='ltr'><strong>nemo,</strong></span> 
     </span>
     <span class='ocr_line' id='line_1_28' title="bbox 104 2647 1077 2730; baseline -0.005 -16"><span class='ocrx_word' id='word_1_201' title='bbox 104 2652 246 2730; x_wconf 90' lang='lat' dir='ltr'><strong>quamvis</strong></span> <span class='ocrx_word' id='word_1_202' title='bbox 273 2659 398 2728; x_wconf 84' lang='lat' dir='ltr'><strong>paratos</strong></span> <span class='ocrx_word' id='word_1_203' title='bbox 420 2651 533 2712; x_wconf 86' lang='lat' dir='ltr'><strong>habeat</strong></span> <span class='ocrx_word' id='word_1_204' title='bbox 557 2652 693 2724; x_wconf 87' lang='lat' dir='ltr'><strong>colores,</strong></span> <span class='ocrx_word' id='word_1_205' title='bbox 716 2647 941 2711; x_wconf 89' lang='lat' dir='ltr'><strong>similitudinem</strong></span> <span class='ocrx_word' id='word_1_206' title='bbox 960 2650 1077 2724; x_wconf 83' lang='lat' dir='ltr'><strong>reddet,</strong></span> 
     </span>
     <span class='ocr_line' id='line_1_29' title="bbox 102 2733 1078 2810; baseline -0.003 -13"><span class='ocrx_word' id='word_1_207' title='bbox 102 2735 165 2798; x_wconf 88' lang='lat' dir='ltr'><strong>nisi</strong></span> <span class='ocrx_word' id='word_1_208' title='bbox 188 2737 247 2796; x_wconf 85' lang='lat' dir='ltr'><strong>iam</strong></span> <span class='ocrx_word' id='word_1_209' title='bbox 274 2742 407 2809; x_wconf 85' lang='lat' dir='ltr'><strong>constat,</strong></span> <span class='ocrx_word' id='word_1_210' title='bbox 430 2733 504 2810; x_wconf 91' lang='lat' dir='ltr'><strong>quid</strong></span> <span class='ocrx_word' id='word_1_211' title='bbox 525 2735 598 2794; x_wconf 89' lang='lat' dir='ltr'><strong>velit</strong></span> <span class='ocrx_word' id='word_1_212' title='bbox 625 2735 761 2809; x_wconf 83' lang='lat' dir='ltr'><strong>pingere.</strong></span> <span class='ocrx_word' id='word_1_213' title='bbox 806 2734 875 2797; x_wconf 93' lang='lat' dir='ltr'><strong>ideo</strong></span> <span class='ocrx_word' id='word_1_214' title='bbox 903 2751 1078 2810; x_wconf 87' lang='lat' dir='ltr'><strong>peccamus,</strong></span> 
     </span>
     <span class='ocr_line' id='line_1_30' title="bbox 104 2817 1078 2898; baseline -0.005 -16"><span class='ocrx_word' id='word_1_215' title='bbox 104 2819 231 2898; x_wconf 84' lang='lat' dir='ltr'><strong>quiade</strong></span> <span class='ocrx_word' id='word_1_216' title='bbox 245 2819 383 2895; x_wconf 87' lang='lat' dir='ltr'><strong>partibus</strong></span> <span class='ocrx_word' id='word_1_217' title='bbox 397 2820 478 2879; x_wconf 85' lang='lat' dir='ltr'><strong>vitae</strong></span> <span class='ocrx_word' id='word_1_218' title='bbox 493 2833 599 2879; x_wconf 92' lang='lat' dir='ltr'><strong>omnes</strong></span> <span class='ocrx_word' id='word_1_219' title='bbox 615 2817 835 2892; x_wconf 86' lang='lat' dir='ltr'><strong>deliberamus,</strong></span> <span class='ocrx_word' id='word_1_220' title='bbox 858 2819 898 2879; x_wconf 94' lang='lat' dir='ltr'><strong>de</strong></span> <span class='ocrx_word' id='word_1_221' title='bbox 912 2826 974 2880; x_wconf 88' lang='lat' dir='ltr'><strong>tota</strong></span> <span class='ocrx_word' id='word_1_222' title='bbox 988 2833 1078 2878; x_wconf 91' lang='lat' dir='ltr'><strong>nemo</strong></span> 
     </span>
     <span class='ocr_line' id='line_1_31' title="bbox 103 2901 1107 2977; baseline -0.007 -12"><span class='ocrx_word' id='word_1_223' title='bbox 103 2904 262 2965; x_wconf 84' lang='lat' dir='ltr'><strong>deliberat.</strong></span> <span class='ocrx_word' id='word_1_224' title='bbox 302 2902 387 2963; x_wconf 91' lang='lat' dir='ltr'><strong>Scire</strong></span> <span class='ocrx_word' id='word_1_225' title='bbox 402 2901 506 2975; x_wconf 90' lang='lat' dir='ltr'><strong>debet,</strong></span> <span class='ocrx_word' id='word_1_226' title='bbox 527 2901 600 2977; x_wconf 89' lang='lat' dir='ltr'><strong>quid</strong></span> <span class='ocrx_word' id='word_1_227' title='bbox 614 2908 698 2977; x_wconf 90' lang='lat' dir='ltr'><strong>petat</strong></span> <span class='ocrx_word' id='word_1_228' title='bbox 712 2902 776 2974; x_wconf 88' lang='lat' dir='ltr'><strong>ille,</strong></span> <span class='ocrx_word' id='word_1_229' title='bbox 800 2901 851 2977; x_wconf 91' lang='lat' dir='ltr'><strong>qui</strong></span> <span class='ocrx_word' id='word_1_230' title='bbox 867 2902 1006 2977; x_wconf 80' lang='lat' dir='ltr'><strong>sagittam</strong></span> <span class='ocrx_word' id='word_1_231' title='bbox 1017 2901 1107 2960; x_wconf 78' lang='lat' dir='ltr'><strong>vulta</strong></span> 
     </span>
     <span class='ocr_line' id='line_1_32' title="bbox 104 2985 1080 3060; baseline -0.006 -12"><span class='ocrx_word' id='word_1_232' title='bbox 104 2988 232 3059; x_wconf 86' lang='lat' dir='ltr'><strong>mittere,</strong></span> <span class='ocrx_word' id='word_1_233' title='bbox 253 2994 283 3047; x_wconf 88' lang='lat' dir='ltr'><strong>et</strong></span> <span class='ocrx_word' id='word_1_234' title='bbox 296 2993 369 3047; x_wconf 84' lang='lat' dir='ltr'><strong>tunc</strong></span> <span class='ocrx_word' id='word_1_235' title='bbox 384 2985 514 3060; x_wconf 82' lang='lat' dir='ltr'><strong>dirigere</strong></span> <span class='ocrx_word' id='word_1_236' title='bbox 529 3001 566 3045; x_wconf 89' lang='lat' dir='ltr'><strong>ac</strong></span> <span class='ocrx_word' id='word_1_237' title='bbox 581 2985 734 3045; x_wconf 84' lang='lat' dir='ltr'><strong>moderari</strong></span> <span class='ocrx_word' id='word_1_238' title='bbox 748 3000 839 3044; x_wconf 88' lang='lat' dir='ltr'><strong>manu</strong></span> <span class='ocrx_word' id='word_1_239' title='bbox 854 2988 956 3045; x_wconf 88' lang='lat' dir='ltr'><strong>telum.</strong></span> <span class='ocrx_word' id='word_1_240' title='bbox 978 2989 1080 3046; x_wconf 84' lang='lat' dir='ltr'><strong>errant</strong></span> 
     </span>
     <span class='ocr_line' id='line_1_33' title="bbox 104 3067 1079 3145; baseline -0.008 -12"><span class='ocrx_word' id='word_1_241' title='bbox 104 3070 235 3133; x_wconf 88' lang='lat' dir='ltr'><strong>consilia</strong></span> <span class='ocrx_word' id='word_1_242' title='bbox 249 3076 368 3143; x_wconf 91' lang='lat' dir='ltr'><strong>nostra,</strong></span> <span class='ocrx_word' id='word_1_243' title='bbox 390 3070 538 3145; x_wconf 89' lang='lat' dir='ltr'><strong>quianon</strong></span> <span class='ocrx_word' id='word_1_244' title='bbox 553 3068 680 3143; x_wconf 90' lang='lat' dir='ltr'><strong>habent,</strong></span> <span class='ocrx_word' id='word_1_245' title='bbox 704 3084 765 3142; x_wconf 92' lang='lat' dir='ltr'><strong>quo</strong></span> <span class='ocrx_word' id='word_1_246' title='bbox 782 3067 957 3143; x_wconf 82' lang='lat' dir='ltr'><strong>dirigantur.</strong></span> <span class='ocrx_word' id='word_1_247' title='bbox 990 3068 1079 3141; x_wconf 84' lang='lat' dir='ltr'><strong>Igno-</strong></span> 
     </span>
     <span class='ocr_line' id='line_1_34' title="bbox 103 3152 1079 3231; baseline -0.008 -15"><span class='ocrx_word' id='word_1_248' title='bbox 103 3153 198 3230; x_wconf 90' lang='lat' dir='ltr'><strong>ranti‚</strong></span> <span class='ocrx_word' id='word_1_249' title='bbox 221 3171 313 3231; x_wconf 91' lang='lat' dir='ltr'><strong>quem</strong></span> <span class='ocrx_word' id='word_1_250' title='bbox 326 3161 447 3229; x_wconf 87' lang='lat' dir='ltr'><strong>portum</strong></span> <span class='ocrx_word' id='word_1_251' title='bbox 461 3159 559 3228; x_wconf 89' lang='lat' dir='ltr'><strong>petat,</strong></span> <span class='ocrx_word' id='word_1_252' title='bbox 582 3152 683 3212; x_wconf 88' lang='lat' dir='ltr'><strong>nuilus</strong></span> <span class='ocrx_word' id='word_1_253' title='bbox 707 3167 783 3210; x_wconf 92' lang='lat' dir='ltr'><strong>suus</strong></span> <span class='ocrx_word' id='word_1_254' title='bbox 797 3158 906 3211; x_wconf 88' lang='lat' dir='ltr'><strong>ventus</strong></span> <span class='ocrx_word' id='word_1_255' title='bbox 927 3158 983 3210; x_wconf 89' lang='lat' dir='ltr'><strong>est.</strong></span> <span class='ocrx_word' id='word_1_256' title='bbox 1027 3165 1079 3208; x_wconf 92' lang='lat' dir='ltr'><strong>ne-</strong></span> 
     </span>
     <span class='ocr_line' id='line_1_35' title="bbox 105 3232 1079 3309; baseline -0.01 -9"><span class='ocrx_word' id='word_1_257' title='bbox 105 3254 197 3300; x_wconf 86' lang='lat' dir='ltr'><strong>cesse</strong></span> <span class='ocrx_word' id='word_1_258' title='bbox 211 3248 259 3300; x_wconf 93' lang='lat' dir='ltr'><strong>est</strong></span> <span class='ocrx_word' id='word_1_259' title='bbox 271 3239 396 3298; x_wconf 89' lang='lat' dir='ltr'><strong>multum</strong></span> <span class='ocrx_word' id='word_1_260' title='bbox 415 3238 447 3296; x_wconf 92' lang='lat' dir='ltr'><strong>in</strong></span> <span class='ocrx_word' id='word_1_261' title='bbox 460 3236 524 3296; x_wconf 90' lang='lat' dir='ltr'><strong>vita</strong></span> <span class='ocrx_word' id='word_1_262' title='bbox 543 3244 649 3296; x_wconf 90' lang='lat' dir='ltr'><strong>nostra</strong></span> <span class='ocrx_word' id='word_1_263' title='bbox 669 3249 760 3294; x_wconf 88' lang='lat' dir='ltr'><strong>casus</strong></span> <span class='ocrx_word' id='word_1_264' title='bbox 782 3234 895 3308; x_wconf 89' lang='lat' dir='ltr'><strong>possit,</strong></span> <span class='ocrx_word' id='word_1_265' title='bbox 919 3233 991 3309; x_wconf 88' lang='lat' dir='ltr'><strong>quia</strong></span> <span class='ocrx_word' id='word_1_266' title='bbox 1004 3232 1079 3291; x_wconf 87' lang='lat' dir='ltr'><strong>vivi-</strong></span> 
     </span>
     <span class='ocr_line' id='line_1_36' title="bbox 104 3316 1109 3395; baseline -0.006 -11"><span class='ocrx_word' id='word_1_267' title='bbox 104 3339 174 3384; x_wconf 90' lang='lat' dir='ltr'><strong>mus</strong></span> <span class='ocrx_word' id='word_1_268' title='bbox 189 3337 274 3382; x_wconf 84' lang='lat' dir='ltr'><strong>casu.</strong></span> <span class='ocrx_word' id='word_1_269' title='bbox 313 3320 500 3395; x_wconf 86' lang='lat' dir='ltr'><strong>Quibusdam</strong></span> <span class='ocrx_word' id='word_1_270' title='bbox 520 3326 620 3380; x_wconf 85' lang='lat' dir='ltr'><strong>autem</strong></span> <span class='ocrx_word' id='word_1_271' title='bbox 645 3318 759 3391; x_wconf 89' lang='lat' dir='ltr'><strong>evenit,</strong></span> <span class='ocrx_word' id='word_1_272' title='bbox 782 3322 816 3375; x_wconf 89' lang='lat' dir='ltr'><strong>ut</strong></span> <span class='ocrx_word' id='word_1_273' title='bbox 829 3317 980 3391; x_wconf 87' lang='lat' dir='ltr'><strong>quaedam</strong></span> <span class='ocrx_word' id='word_1_274' title='bbox 1000 3316 1109 3378; x_wconf 77' lang='lat' dir='ltr'><strong>scired</strong></span> 
     </span>
     <span class='ocr_line' id='line_1_37' title="bbox 106 3398 1080 3480; baseline -0.008 -13"><span class='ocrx_word' id='word_1_275' title='bbox 106 3422 142 3467; x_wconf 89' lang='lat' dir='ltr'><strong>se</strong></span> <span class='ocrx_word' id='word_1_276' title='bbox 154 3406 302 3467; x_wconf 86' lang='lat' dir='ltr'><strong>nesciant.</strong></span> <span class='ocrx_word' id='word_1_277' title='bbox 348 3403 605 3480; x_wconf 86' lang='lat' dir='ltr'><strong>quemadmodum</strong></span> <span class='ocrx_word' id='word_1_278' title='bbox 623 3398 798 3477; x_wconf 87' lang='lat' dir='ltr'><strong>quaerimus</strong></span> <span class='ocrx_word' id='word_1_279' title='bbox 814 3416 910 3475; x_wconf 85' lang='lat' dir='ltr'><strong>saepe</strong></span> <span class='ocrx_word' id='word_1_280' title='bbox 925 3417 990 3474; x_wconf 89' lang='lat' dir='ltr'><strong>eos,</strong></span> <span class='ocrx_word' id='word_1_281' title='bbox 1012 3415 1080 3459; x_wconf 88' lang='lat' dir='ltr'><strong>cum</strong></span> 
     </span>
     <span class='ocr_line' id='line_1_38' title="bbox 107 3483 1081 3567; baseline -0.012 -13"><span class='ocrx_word' id='word_1_282' title='bbox 107 3491 219 3567; x_wconf 89' lang='lat' dir='ltr'><strong>quibus</strong></span> <span class='ocrx_word' id='word_1_283' title='bbox 240 3496 372 3563; x_wconf 85' lang='lat' dir='ltr'><strong>stamus,</strong></span> <span class='ocrx_word' id='word_1_284' title='bbox 394 3487 437 3550; x_wconf 85' lang='lat' dir='ltr'><strong>ita</strong></span> <span class='ocrx_word' id='word_1_285' title='bbox 455 3488 636 3563; x_wconf 88' lang='lat' dir='ltr'><strong>pierumque</strong></span> <span class='ocrx_word' id='word_1_286' title='bbox 660 3485 752 3544; x_wconf 89' lang='lat' dir='ltr'><strong>finem</strong></span> <span class='ocrx_word' id='word_1_287' title='bbox 773 3483 882 3545; x_wconf 91' lang='lat' dir='ltr'><strong>summi</strong></span> <span class='ocrx_word' id='word_1_288' title='bbox 902 3483 975 3545; x_wconf 89' lang='lat' dir='ltr'><strong>boni</strong></span> <span class='ocrx_word' id='word_1_289' title='bbox 995 3484 1081 3560; x_wconf 81' lang='lat' dir='ltr'><strong>igno-</strong></span> 
     </span>
    </p>

    <p class='ocr_par' dir='ltr' id='par_1_5' title="bbox 860 3568 918 3632">
     <span class='ocr_line' id='line_1_39' title="bbox 860 3568 918 3632; baseline 0 0"><span class='ocrx_word' id='word_1_290' title='bbox 860 3568 918 3632; x_wconf 82' lang='lat' dir='ltr'><strong>tt*</strong></span> 
     </span>
    </p>
   </div>
   <div class='ocr_carea' id='block_1_5' title="bbox 0 0 1243 3930">
    <p class='ocr_par' dir='ltr' id='par_1_6' title="bbox 0 0 1243 3930">
     <span class='ocr_line' id='line_1_40' title="bbox 0 0 1243 3930; baseline 0 0"><span class='ocrx_word' id='word_1_291' title='bbox 0 0 1243 3930; x_wconf 95' lang='lat' dir='ltr'><strong> </strong></span> 
     </span>
    </p>
   </div>
  </div>
 </body>
</html>
