2468 3930
217 239 390 301 EPISTUL.
405 239 499 301 MOR.
520 239 593 299 LIB.
608 240 673 301 XII.
693 240 751 300 ΕΡ.
766 251 790 303 1.
805 249 818 318 (
855 247 876 316 .)
975 242 1043 308 ala

61 393 203 468 ignoras,
229 398 343 467 quanto
365 407 405 451 ex
427 391 475 451 his
496 392 634 453 velocius
656 392 784 454 alterum
804 393 872 455 tiata
901 394 1044 456 mentitus
1152 408 1153 412 ’

61 493 141 539 sum.
175 475 233 535 iam
254 475 334 535 enirn
354 483 440 535 aetas
460 483 566 536 nostra
586 492 648 537 non
668 476 843 551 descendit,
874 477 932 538 sed
955 477 1045 538 cadit

60 559 224 636 Quomodo
239 567 341 620 tamen
351 557 536 620 hodiemum
543 567 700 621 certamen
711 561 801 621 nobis
813 561 941 622 cesserit
952 569 1072 636 quae-5

61 646 127 706 rist
149 644 327 718 quadrare
350 642 528 703 cursoribus
549 644 666 720 evenit,
691 643 794 704 hieran
818 645 956 706 fecimus.
995 645 1044 706 Ab

60 728 121 788 bac
136 724 313 802 fatigatione
328 725 427 801 magis
448 743 540 802 quam
555 727 772 788 exercitatione
791 727 821 786 in
837 729 977 804 frigidam
993 729 1045 788 de-

60 811 186 872 scendi:
213 810 274 870 hoc
292 811 375 884 apud
395 825 444 869 me
463 818 592 870 vocatur
612 827 719 885 parum
739 811 837 870 calda.
866 812 918 872 ille
943 818 1045 872 tantus

61 894 300 973 psychrolutes,
317 892 370 969 qui
384 894 520 953 calendis
534 893 683 954 Ianuariis
705 893 845 968 euripum
865 895 1043 967 salutabam,

62 980 116 1054 qui
136 992 217 1038 anno
241 993 324 1038 novo
348 977 608 1052 quemadmodum
632 978 748 1051 legere,
765 976 920 1052 scribere,
943 976 1046 1038 dicere

62 1061 197 1137 aliquid,
219 1061 267 1120 sic
287 1060 471 1137 auspicabar
490 1061 521 1119 in
535 1059 692 1136 Virginem
707 1058 845 1135 desilire,
862 1060 992 1136 primum
1007 1062 1047 1120 ad

62 1144 194 1206 Tiberim
204 1145 344 1204 transtuli
356 1151 465 1218 castra,
481 1144 592 1205 deinde
606 1142 717 1203 adhoc
731 1144 852 1219 solium,
868 1143 961 1219 quad,
978 1159 1047 1204 cum

64 1229 251 1290 fortissimus
265 1244 333 1289 sum
349 1237 379 1288 et
399 1229 501 1287 omnia
521 1227 685 1287 bonafide
709 1227 799 1302 liunt,
818 1229 867 1288 sol
881 1234 1045 1302 temporam

61 1328 125 1389 nan
138 1314 262 1372 multum
276 1311 351 1370 >mihi
365 1312 405 1371 ad
418 1311 560 1372 balneum
569 1318 728 1386 :superest
755 1309 846 1371 Panis
861 1311 973 1371 deinde
986 1311 1045 1370 sic·
1057 1321 1075 1376 6

62 1411 120 1457 cus
136 1403 167 1457 et
182 1396 248 1456 sine
265 1411 373 1455 mensa
387 1396 562 1470 prandium,
583 1402 657 1470 post
668 1394 756 1470 quod
772 1407 836 1456 nou
856 1402 929 1456 sunt
941 1394 1045 1454 lavan-

62 1480 124 1540 dae
150 1495 271 1540 manus.
313 1479 431 1540 dormio
459 1477 624 1538 minimum.
661 1479 919 1540 consuetudinem
946 1493 1046 1538 meam

61 1564 159 1624 nosti=
181 1561 365 1623 brevissimo
388 1579 497 1624 somno
518 1569 588 1623 utor
607 1568 638 1623 et
658 1563 747 1638 quasi
765 1562 948 1638 interiungo.
970 1562 1046 1623 satis

61 1654 113 1708 est
131 1645 205 1707 mibi
225 1645 351 1722 vigilare
371 1646 514 1706 desiisse.
537 1645 703 1720 aliquando
725 1646 877 1707 dormisse
898 1663 947 1707 me
970 1646 1046 1720 scio,

63 1731 231 1806 aliquando
251 1732 403 1806 suspicor.
442 1730 524 1790 Ecce
544 1729 731 1790 circensium
753 1729 904 1805 obstrepit
922 1732 1074 1791 clamant

62 1815 165 1875 subita
177 1814 283 1889 aliqua
297 1822 328 1875 et
341 1813 488 1875 universa
501 1829 581 1875 voce
595 1814 742 1875 feriuntur
759 1830 851 1875 auras
866 1829 962 1875 meae.
989 1829 1047 1874 nac

64 1898 279 1973 cogitationem
289 1898 445 1960 excutiunt
455 1913 555 1958 meam
570 1913 628 1959 nec
641 1898 872 1973 interrumpunt.
896 1896 1046 1959 fremitum

64 1982 187 2056 quidem
202 1980 424 2056 patientissime
440 1983 516 2042 fero.
537 1984 649 2043 multae
661 1997 757 2043 voces
773 1989 803 2042 et
818 1982 849 2041 in
861 1997 959 2042 >unum
972 1997 1046 2043 con-

63 2067 153 2127 fusae
174 2081 230 2140 pro
250 2064 346 2127 fluctu
365 2065 439 2124 mihi
459 2072 531 2126 sunt
553 2073 605 2127 aut
622 2072 715 2126 vento
737 2067 845 2125 silvam
866 2065 1048 2126 verberante

63 2155 95 2209 et
112 2149 222 2210 ceteris
239 2151 305 2209 sine
319 2149 474 2209 intellectu
485 2148 679 2210 sonantibus.
710 2147 789 2222 Quid
802 2164 875 2223 ergo
890 2156 940 2209 est
952 2159 1077 2223 nuncii

63 2233 113 2293 cui
130 2231 264 2293 animum
279 2233 466 2293 adiecerim?
487 2233 597 2292 dicam.
633 2232 822 2306 Superest
836 2248 881 2291 ex
900 2232 1046 2294 hester-

64 2330 111 2376 no
127 2316 219 2376 mihi
234 2316 443 2392 cogitatio,
466 2314 558 2391 quid
579 2315 656 2376 sibi
671 2315 868 2376 voluerint
885 2316 1047 2389 pruden-

64 2399 209 2462 tissimi
229 2401 319 2473 viri,
344 2401 409 2476 qui
428 2415 553 2461 rerum
575 2397 824 2459 maximarum
847 2397 1048 2472 probatio·

64 2499 133 2545 nes
155 2483 382 2544 levissimas
402 2492 439 2545 et
460 2485 673 2559 perplexas
697 2483 889 2554 fecerunt,
915 2488 1048 2557 quaeat

63 2568 125 2628 sint
140 2582 242 2641 verae,
258 2574 359 2628 tamen
372 2568 534 2629 mendacio
550 2567 667 2628 similes
683 2574 762 2628 sunt.
797 2566 890 2626 Vult
908 2580 980 2626 nos
1001 2564 1076 2626 aba

62 2650 261 2712 ebrietate
290 2651 494 2712 deterrere
522 2652 658 2725 Zenon,
687 2649 735 2710 vir
762 2649 930 2725 maximus,
956 2647 1048 2710 buius

62 2741 169 2795 sactae
184 2736 368 2796 fortissimae
380 2751 419 2795 rac
434 2736 648 2797 sanctissimae
662 2734 811 2796 conditor.
838 2733 929 2795 audi
941 2749 1048 2810 ergo,

62 2819 389 2893 quemadmodum
409 2819 573 2893 colligat
592 2822 714 2879 virum
737 2817 876 2880 bonum
898 2835 972 2879 non
997 2818 1049 2879 fu-

63 2911 187 2963 turum
202 2902 364 2964 ebrium:
386 2901 499 2975 „Ebrio
513 2909 666 2964 secretum
678 2917 852 2962 sermonem
863 2917 954 2963 nemo
965 2918 1048 2964 com·

63 2985 160 3058 mittit,
177 2987 243 3046 viro
259 2993 359 3046 autem
373 2985 456 3047 bono
473 2987 644 3047 committit=
673 3001 746 3060 ergo
767 2985 929 3047 virbonus
945 2985 1048 3046 ebrius

63 3085 126 3131 non
143 3068 229 3129 erit.“
261 3070 523 3144 Quemadmodum
544 3069 689 3146 obposita
703 3069 940 3143 interrogatione
959 3067 1049 3128 simili

63 3152 255 3226 derideatur,
271 3154 414 3214 adtende.
438 3154 513 3214 satis
529 3161 577 3214 est
588 3154 670 3213 enim
683 3169 775 3214 unam
791 3167 907 3227 ponere
915 3167 961 3211 ex
974 3149 1050 3210 mul-

64 3236 121 3296 tis=
143 3235 330 3311 „Dormienti
344 3253 434 3299 nemo
448 3245 600 3298 secretum
614 3251 786 3296 sermonem
802 3234 967 3309 committit,
981 3231 1049 3294 viro

65 3319 149 3380 bono
163 3327 266 3381 autem
279 3320 449 3383 committit:
464 3320 625 3402 virbonus
640 3334 714 3395 ergo
730 3335 793 3380 uon
808 3318 948 3379 dormit.“
982 3315 1092 3390 Quoto

63 3404 246 3465 anamodo
272 3411 388 3480 potest,
426 3404 610 3466 Posidonius
636 3403 771 3464 Zenonis
798 3403 895 3463 nostri
916 3416 1048 3464 causam

64 3487 138 3562 agn,
151 3487 208 3548 sed
224 3502 264 3548 ne
279 3488 324 3549 sio
342 3488 484 3574 quidem,¹
496 3495 530 3549 ut
543 3487 700 3562 existimo,
713 3486 766 3563 agi
780 3491 891 3563 potest.
914 3483 955 3546 ait
968 3485 1049 3546 enim
