2468 3930
252 271 421 334 EPlsTUL.
436 272 530 334 Μοιι
551 272 623 334 lita
636 273 712 334 xllt
734 275 791 334 ΕΡ.
803 286 829 338 4.
844 282 933 351 (na.)
1022 279 1084 345 371

107 425 296 485 animalem:
323 438 425 483 sermo
441 438 514 498 ergo
530 422 641 485 animal
656 431 712 484 est.
749 424 888 487 Prudens
904 442 1013 489 versus
1029 428 1084 490 bo-

106 525 179 570 uum
191 515 248 581 est,
263 506 378 568 bonum
389 516 491 568 autem
503 524 593 568 omne
607 507 718 568 animal
734 519 795 569 est:
811 525 921 570 versus
934 526 1008 587 ergo
1020 514 1083 574 ani-

105 593 165 653 mal
180 600 237 652 est.
261 593 302 651 ita

411 691 497 735 armo
510 679 662 750 virumque
675 693 752 736 cabo

109 760 217 821 animal
232 767 288 833 est,
305 759 389 834 quod
404 775 466 819 non
481 767 614 835 possunt
632 760 796 820 rotundum
811 760 923 834 dicere,
943 781 1011 824 cum
1027 781 1083 825 sex

106 844 204 920 pedes
230 843 350 903 habeat.
392 844 601 918 ‚,Textorium,
629 843 746 918 inquiS,
773 851 869 904 totum
891 847 1082 909 mehercules
1090 856 1125 910 ιδ

105 928 197 1000 istud,
213 927 298 1002 quod
315 943 383 987 curn
398 928 529 987 maxime
543 927 671 1001 agitur.“
698 927 822 987 Dissilio
837 928 909 1003 risu,
926 945 995 991 cum
1011 932 1084 991 mihi

105 1027 248 1088 propono
275 1011 493 1072 soloecismum
519 1011 630 1070 animal
656 1026 727 1070 esse
752 1017 782 1071 et
807 1010 1028 1074 barbarismum
1054 1023 1084 1074 et

105 1094 319 1174 syllogismum
333 1101 364 1155 et
377 1103 466 1170 aptas
481 1095 540 1154 illis
556 1095 650 1155 lacies
665 1102 819 1168 tamquam
830 1095 929 1170 pictor
941 1099 1082 1173 adsigno.

104 1180 189 1240 Hcec
201 1179 391 1253 disputamus
407 1179 551 1239 adtractis
567 1178 749 1252 superciliis
766 1180 865 1240 fronte
878 1197 1004 1254 rugosa
1020 1199 1083 1242 non

104 1279 235 1338 possum
259 1263 318 1323 boc
346 1264 413 1322 loco
438 1261 541 1323 dicere
565 1262 640 1322 illud
667 1262 884 1322 Caecilianum:
915 1265 960 1338 „0
986 1269 1083 1327 tristes

103 1350 263 1423 ιἠεριιαειιι
284 1346 431 1406 ridiculae
445 1354 531 1406 sunt:
557 1346 647 1421 quin
664 1346 766 1422 itaque
783 1347 916 1421 potius
931 1349 1083 1424 aliquid

103 1433 199 1491 utile
224 1430 337 1490 nobis
363 1447 404 1490 ac
430 1433 606 1490 salutare
625 1438 839 1491 tractamus
861 1439 897 1492 et
924 1433 1081 1507 quaeri·

103 1531 197 1589 mus,
227 1516 416 1590 quomodo
444 1514 489 1573 ad
514 1514 679 1574 virtutes
700 1515 838 1574 venire
864 1517 1082 1591 possimus,

106 1614 202 1674 quae
229 1614 297 1658 nos
324 1597 370 1657 ad
395 1598 485 1656 illas
508 1599 568 1657 via
587 1597 767 1657 adducat.
801 1598 886 1658 Doce
901 1615 949 1658 me
964 1617 1026 1659 non
1042 1607 1122 1662 ant?

103 1682 248 1743 tortitudo
271 1682 382 1742 animal
403 1680 458 1753 sit,
484 1682 541 1740 sed
562 1682 676 1740 nullum
697 1681 808 1740 animal
829 1682 901 1742 lelix
921 1699 993 1743 esse
1015 1685 1082 1743 sine

104 1766 293 1839 tortitudine,
315 1766 374 1824 nisi
388 1773 494 1825 contra
508 1766 631 1826 fortuita
644 1766 798 1826 convaluit
812 1773 842 1826 et
859 1783 965 1827 omnes
979 1783 1080 1842 casus,

104 1858 269 1925 antequam
277 1850 440 1924 exciperet,
456 1849 630 1910 meditando
646 1848 849 1925 praedomuit.
872 1850 950 1924 Quid
962 1857 1010 1910 est
1021 1851 1081 1912 ior·

104 1934 447 1995 titudo‘lmunimentum
458 1933 609 1994 humanae
621 1932 825 1994 inbecillitatis
833 1934 1080 2010 inexpugnabile,

104 2018 188 2093 quod
204 2018 256 2092 qui
268 2017 470 2078 circumdedit
485 2017 552 2091 sibi,
569 2033 698 2078 securus
711 2018 742 2076 in
756 2018 815 2077 huc
828 2018 908 2079 vitae
920 2018 1081 2080 obsidione

103 2103 258 2176 perdurat.
287 2102 378 2163 utitur
396 2101 476 2161 enim
492 2101 557 2161 suis
572 2101 703 2175 viribus,
726 2101 792 2161 suis
809 2102 888 2162 telis.
926 2102 993 2162 Hoc
1009 2103 1123 2162 locottt

103 2185 157 2246 tibi
179 2185 336 2246 Posidonii
358 2185 454 2245 nostri
474 2186 589 2244 referre
604 2185 785 2245 sententiam
800 2185 888 2246 volo=
914 2186 1001 2259 „Non
1025 2193 1080 2259 est,

104 2270 190 2346 quod
204 2285 348 2344 umquam
369 2271 509 2331 fortunae
526 2267 619 2328 armis
640 2275 728 2343 putes
751 2284 822 2328 esse
841 2275 871 2328 te
888 2275 998 2328 tutum:
1020 2269 1081 2328 tuis

102 2370 215 2430 pugna.
243 2361 349 2414 contra
368 2354 467 2429 ipsam
491 2353 612 2412 fortuna
634 2368 696 2412 non
719 2358 829 2411 armat:
856 2351 960 2426 itaque
975 2359 1081 2413 contra

101 2438 208 2500 hostes
226 2438 373 2511 instructi,
393 2444 498 2497 contra
512 2437 613 2510 ipsam
626 2436 758 2496 inermes
776 2439 876 2496 sunt.“
903 2435 1081 2495 Alexander
1088 2443 1123 2497 29

104 2521 228 2597 quidem
242 2521 354 2580 Persas
369 2528 398 2581 et
408 2521 571 2600 Hyrcanos
586 2528 616 2580 et
629 2520 724 2580 Indos
738 2527 770 2580 et
785 2519 932 2594 quicquid
946 2520 1081 2594 gentium

102 2604 252 2682 usquein
276 2621 424 2665 oceanum
446 2605 581 2664 extendit
602 2605 704 2665 oriens
726 2602 865 2664 vastabat
884 2602 1080 2679 lugebatque,

102 2691 156 2750 sed
175 2691 244 2764 ipse
258 2689 351 2750 modo
367 2690 471 2751 occiso
487 2689 601 2763 amico,
617 2689 710 2748 modo
725 2688 839 2750 amisso
857 2687 976 2749 iacebat
991 2689 1022 2747 in
1037 2694 1080 2748 te-

102 2772 220 2848 nebriS,
248 2773 323 2833 alias
352 2776 470 2844 sceluS,
498 2773 573 2832 alias
598 2772 784 2833 desiderium
810 2789 899 2834 suum
927 2788 1079 2845 moerenS,

103 2860 200 2918 victor
220 2864 263 2918 tot
282 2873 388 2932 regum
403 2865 496 2932 atque
515 2857 700 2933 populorum
715 2855 779 2918 irae
794 2856 996 2933 tristitiaeque
1010 2871 1080 2917 suc-

102 2942 259 3003 cumbens.
283 2940 314 3001 id
329 2941 409 3002 enim
425 2948 544 3016 egerat,
557 2948 590 3001 ut
605 2939 706 3001 omnia
720 2941 823 3016 potius
840 2941 966 3002 haberet
980 2940 1010 3000 in
1025 2957 1080 3015 po-

100 3033 211 3086 testate
234 3042 325 3100 quam
349 3027 498 3086 adlectus.
543 3024 565 3085 0
582 3042 672 3101 quam
688 3026 806 3099 magnis
820 3024 960 3085 homines
976 3029 1124 3089 tenen-30

99 3119 150 3172 tur
175 3108 347 3182 erroribus,
375 3109 426 3185 qui
450 3109 499 3169 ius
524 3107 702 3169 dominandi
727 3116 812 3168 trans
836 3113 932 3166 marta
955 3107 1082 3181 cupiunt

100 3195 275 3271 permittere
290 3191 547 3267 felicissimosque
560 3209 595 3252 se
609 3192 752 3265 iudicant,
767 3189 794 3251 si
809 3191 918 3251 multas
933 3206 990 3264 per
1005 3187 1080 3248 mili·

99 3287 147 3340 tes
175 3276 351 3354 provincias
377 3276 515 3338 obtinent
539 3283 570 3336 et
593 3292 692 3336 novas
720 3275 876 3335 veteribus
902 3274 1080 3348 adiungunt,

99 3361 207 3438 ignari,
222 3361 308 3437 quod
322 3362 361 3421 sit
373 3361 446 3421 illud
460 3362 569 3435 ingens
584 3375 703 3434 parque
713 3358 760 3420 dis
772 3374 914 3432 regnum:
930 3357 1082 3432 imperare

101 3446 161 3507 sibi
181 3445 345 3506 maximum
364 3443 525 3519 imperium
543 3450 600 3504 est.
642 3443 783 3516 Docc[at]
799 3458 863 3513 me,
887 3457 979 3519 quam
993 3445 1121 3502 sacrati

100 3546 151 3590 res
167 3529 207 3590 sit
221 3528 335 3590 iustitia
349 3529 480 3591 alienum
492 3529 606 3589 bonum
618 3534 771 3602 spectans,
789 3524 862 3587 nihil
874 3541 922 3650 en⁶
925 3541 959 3586 se
970 3531 1080 3601 petens
