2468 3930
253 219 423 281 EPISTUL.
437 218 531 281 MOR.
553 219 625 283 LIB.
638 219 717 278 VIII.
738 219 796 278 ΕΡ.
811 230 837 280 2.
854 228 925 296 (71.)
1017 220 1077 285 167

98 388 200 446 mum,
231 369 320 446 quem
342 385 437 445 saepe
457 367 586 431 induunt
606 384 778 444 generosae
804 371 917 431 indoIIs
938 371 1077 448 iuvenes,

102 472 183 532 quos
198 454 329 514 alleuius
344 453 493 514 honestae
507 455 552 514 rei
567 453 762 528 pulchritudo
780 453 949 530 percussit,
964 463 998 516 ut
1013 473 1076 516 om·

100 542 152 600 nia
177 536 300 599 fortuita
321 543 530 610 contemnant,
559 537 697 612 protecto
719 536 869 613 sapientia
890 539 1028 600 infundet
1047 547 1078 600 et

100 623 214 683 tradet:
238 618 437 697 persuadebit
449 637 544 681 unum
557 620 672 681 bonum
687 636 775 696 esse,
797 622 881 698 quod
896 622 1075 684 honestum:

99 707 161 767 hoc
175 720 234 766 nec
249 704 359 765 remitti
370 720 427 764 nec
442 703 555 764 Intendi
566 718 676 780 posse,
692 722 754 766 non
768 704 866 782 magis
882 723 973 781 quam
987 723 1076 782 regu·

101 793 177 864 lam,
193 805 254 864 qua
268 797 384 849 rectum
400 787 524 863 probari
539 790 632 861 solet,
653 787 771 848 flectes.
810 790 957 864 quinquid
971 791 1077 852 exilia

101 873 282 944 mutaveris,
303 872 412 932 infuria
432 878 480 932 est
498 872 582 932 recti.
616 872 700 931 Idem
722 888 795 946 ergo
817 873 856 932 de
869 874 979 934 virtute
994 873 1118 934 dice-lo

101 973 186 1017 musa
206 955 330 1016 ethaeo
349 961 434 1015 recta
456 963 512 1016 est.
547 954 696 1015 flexuram
717 972 779 1015 non
799 955 916 1032 recipit.
952 954 1076 1032 rigidari

102 1040 242 1116 quidem,
264 1040 395 1114 ampIIus
416 1039 530 1099 intendi
551 1055 614 1099 non
629 1045 739 1114 potest.
775 1039 853 1098 haec
876 1039 915 1099 de
934 1041 1075 1099 omnibus

100 1124 194 1184 rebus
219 1122 347 1198 iudIcat,
368 1123 408 1183 de
428 1121 486 1182 hac
507 1122 598 1182 nulla.
636 1123 663 1182 si
683 1120 796 1182 rectIor
815 1122 885 1196 ipsa
899 1138 960 1181 non
976 1129 1078 1198 potest

100 1207 184 1281 fieri,
208 1222 248 1265 ne
274 1223 354 1280 quae
380 1206 419 1266 ab
436 1206 488 1266 illa
508 1206 631 1280 quidem
652 1205 744 1279 fiunt,
772 1205 833 1277 adia⁴
857 1204 925 1266 aliis
945 1207 1078 1266 rectiora

100 1297 182 1352 sunt.
206 1290 276 1350 huIc
291 1292 370 1351 enim
386 1305 517 1350 necesse
532 1298 580 1350 est
592 1290 818 1365 respondeant:
841 1288 881 1349 itu
895 1289 982 1365 paria
996 1297 1077 1350 sunt.

100 1373 202 1451 „Quid
216 1380 315 1448 ergot
336 1374 452 1449 inquis:
473 1375 574 1434 iacere
588 1374 618 1434 in
634 1372 775 1434 convivio
790 1379 821 1433 et
834 1373 971 1448 torqueri
987 1374 1074 1449 paria
1085 1379 1117 1432 al

101 1456 216 1520 suntf“
243 1457 311 1518 Hoc
324 1455 432 1517 mirum
446 1457 654 1519 videtnrtibit
681 1457 756 1517 illud
777 1458 847 1517 lfoet
869 1457 966 1532 magis
982 1455 1078 1517 admi-

100 1545 195 1602 reris:
216 1540 317 1601 facere
338 1541 368 1600 in
390 1540 531 1602 convivio
554 1541 667 1602 malum
687 1547 750 1615 est,
772 1539 910 1617 torqueri
923 1540 953 1601 iu
968 1542 1077 1602 eculeo

100 1626 217 1686 bouum
234 1632 296 1699 est,
317 1624 343 1684 si
365 1625 439 1685 illud
454 1626 597 1700 turpiter,
618 1624 678 1686 hoo
699 1626 828 1686 honeste
843 1627 886 1686 fit.
922 1625 1004 1686 bona
1018 1625 1079 1685 ista

101 1717 154 1770 aut
167 1709 247 1768 mala
261 1724 322 1768 non
338 1707 432 1770 eflicit
445 1708 585 1780 mateola,
602 1709 658 1769 sed
671 1709 775 1790 virtus.
799 1709 876 1769 haec
891 1703 1078 1784 ubicumque

102 1791 259 1868 adparuit,
287 1793 388 1853 omnia
414 1793 552 1853 elusdem
572 1808 734 1853 mensurae
755 1809 791 1853 ac
813 1793 901 1868 pretii
924 1802 1003 1854 sunt.
1043 1792 1121 1852 luti

102 1877 211 1937 oculos
233 1892 313 1936 nunc
334 1875 407 1935 mihi
427 1892 535 1936 manus
556 1877 682 1938 iutentat
701 1877 766 1949 ille,
787 1875 839 1952 qui
860 1877 994 1937 omnium
1015 1877 1078 1937 ani·-

101 1975 185 2020 mnm
205 1958 346 2020 aestimat
365 1976 405 2019 ex
427 1976 500 2035 suo,
521 1960 606 2035 quod
622 1960 723 2021 dicam
738 1961 826 2036 paria
840 1961 923 2022 bona
938 1976 1010 2022 esse
1025 1961 1075 2021 ad-

101 2059 195 2104 versa
216 2044 333 2104 fortiter
353 2043 504 2118 portantis
529 2052 559 2104 et
580 2060 730 2120 prospera
755 2043 884 2105 honeste
905 2044 1078 2118 iudicantis

103 2127 190 2204 quod
204 2125 304 2187 dicam
318 2125 403 2202 paria
416 2128 499 2188 bona
512 2143 584 2188 esse
598 2130 664 2188 eius
673 2134 690 2203 ,’
704 2127 756 2202 qui
777 2128 942 2204 triumphat
955 2135 985 2188 et
1000 2128 1076 2199 eius,

102 2212 157 2287 qui
172 2217 241 2271 aute
257 2227 378 2272 currum
393 2210 512 2272 vehitur
526 2209 656 2271 invictus
672 2212 782 2271 animo.
803 2228 865 2271 uon
877 2220 986 2287 putant
999 2212 1079 2271 euim

101 2295 185 2366 fleri,
202 2294 349 2370 quicquid
369 2296 471 2355 facere
485 2310 548 2354 nou
563 2303 709 2369 possunt:
725 2309 764 2353 ex
777 2291 951 2355 infirmitate
967 2295 1079 2356 suade

101 2377 215 2439 virtute
229 2379 329 2438 ferunt
340 2379 529 2439 sententiam.
555 2377 633 2451 Quid
645 2376 781 2450 mirariS,
796 2378 822 2436 si
840 2379 902 2449 uri,
918 2378 1122 2451 volnerariis

103 2461 219 2535 occidi,
234 2462 362 2537 adligari
376 2461 474 2537 iuvat,
496 2462 662 2537 aliquando
677 2461 766 2522 etlam
779 2461 873 2522 libet‘t
905 2460 1078 2521 Luxurioso

103 2547 262 2620 frugalitas
279 2561 380 2621 poena
395 2555 451 2608 cst.
487 2548 574 2622 pigro
591 2545 734 2622 supplicii
749 2545 817 2605 loco
833 2545 920 2605 labor
935 2551 991 2605 est.
1027 2544 1079 2604 de·

105 2630 201 2691 luatis
222 2627 346 2690 miseria
363 2637 412 2691 est
427 2630 583 2692 industria.
619 2629 776 2691 desidioso
797 2630 922 2691 studere
942 2626 1081 2704 torqueri

104 2720 167 2774 est=
195 2713 306 2773 eodem
320 2714 412 2774 modo
428 2713 521 2789 hacc,
542 2714 581 2774 ad
597 2730 677 2790 quae
691 2730 798 2777 omnes
816 2713 948 2775 inbecilli
963 2729 1081 2788 sumus,

105 2797 296 2871 durantque
322 2797 512 2859 intoleranda
539 2799 708 2874 credimus,
734 2798 832 2871 obliti,
860 2814 952 2873 quam
977 2798 1079 2859 multis

104 2888 289 2942 tormentum
308 2881 348 2941 sit
366 2881 439 2942 vlno
461 2896 567 2941 carere
588 2888 640 2942 aut
655 2882 752 2958 prima
766 2885 835 2944 luce
850 2883 986 2946 excitari.
1018 2899 1081 2943 non

103 2965 165 3026 ista
186 2965 323 3025 diflicilia
345 2973 417 3026 sunt
441 2971 564 3038 natura,
601 2966 658 3026 sed
682 2984 740 3028 nos
766 2966 854 3028 fluidi
883 2974 913 3027 et
938 2982 1080 3027 enerves.

102 3048 217 3124 Magno
232 3047 332 3109 culmo
350 3047 495 3109 derebus
516 3050 634 3125 magnis
655 3050 852 3111 iudicandum
863 3058 925 3111 est=
947 3050 1124 3124 alioquinat

102 3131 258 3193 videbitur
282 3133 399 3193 illarum
424 3129 528 3194 vitium
548 3148 635 3206 esse,
661 3134 744 3207 quod
768 3141 906 3194 nostrum
933 3140 989 3193 est.
1029 3131 1081 3192 SIc

105 3216 259 3290 quaedam
276 3217 460 3288 rectissima,
484 3233 553 3277 cum
574 3218 731 3295 inaquam
753 3217 888 3277 demissa
903 3223 988 3289 sunt,
1010 3230 1080 3290 spe-

104 3300 182 3360 clem
197 3299 282 3360 curvi
294 3300 518 3376 praefractique
531 3300 701 3360 vIsentibus
722 3300 862 3359 reddunt.
890 3315 952 3358 nou
966 3305 1081 3358 tantum

104 3383 182 3460 quid
197 3382 321 3457 videas,
343 3385 399 3445 sed
417 3383 690 3460 quemadmodum,
713 3384 818 3443 refert:
841 3381 959 3442 animus
977 3387 1081 3442 noster

106 3465 147 3528 ad
161 3483 237 3529 vera
251 3468 468 3543 perspicienda
482 3468 601 3539 caligat.
637 3468 684 3528 Da
702 3466 774 3527 mihi
795 3466 1123 3528 adulescentemin-as
