2468 3930
24 40 70 131 ’.ἐῢ

11 134 54 352 f
164 241 228 306 470
328 246 361 303 L.
374 243 549 302 ANNAEUS
565 243 710 302 SENECA
728 242 974 301 GORDUBENSIS

136 401 196 463 lin
210 405 299 454 morte
319 397 460 452 neminem
474 396 594 465 tallere]
624 395 779 468 Opiniones
793 403 858 451 tuae
877 395 982 451 iudicia
997 395 1064 450 siut.
1091 413 1138 452 eo·

165 484 317 555 gitationes
335 496 426 551 vagas
447 481 486 548 [et
500 479 624 548 inutiles]
641 485 670 534 et
684 482 761 535 velut
774 480 884 534 somnio
899 480 1006 534 similes
1021 494 1079 535 non
1094 496 1139 536 re·

165 566 264 637 cipias,
280 566 381 636 quibus
398 565 423 618 si
441 564 565 618 animum
580 569 657 618 tuum
672 564 878 632 oblectaveris‚
891 580 956 618 eum
971 564 1067 620 omnia
1081 562 1140 619 dis·

165 649 312 720 posueris,
328 647 416 702 tristis
437 647 606 702 remanebis.
635 645 695 702 Sed
709 646 842 718 cogitatio
861 653 911 702 tua
930 647 1038 702 stabilis
1059 647 1140 702 silet

166 738 256 788 certa:
279 732 341 789 sive
355 730 491 786 deliberet
509 731 571 785 sive
590 731 793 801 contempletur
809 731 872 785 sive
888 735 1017 802 quaerat,
1038 746 1139 786 avero

140 821 225 876 enon
239 815 362 871 recedat
389 812 488 870 Sermo
505 830 617 885 quoque
631 819 695 868 tuus
711 829 768 869 uon
783 813 821 869 sit
832 815 934 882 inanis,
949 814 1002 870 sed
1015 820 1064 870 ant
1074 831 1138 870 sua-

167 899 232 954 deat
246 905 294 954 aut
305 902 418 953 moneat
433 904 480 953 aut
494 898 655 954 consoletur
669 903 716 952 aut
731 898 899 969 praecipiat.
929 898 1027 954 Lauda
1040 914 1137 969 parce,

165 983 297 1053 vitupera
311 983 435 1053 parcius.
455 997 519 1036 uam
539 981 667 1036 similiter
678 987 724 1037 est
735 981 966 1051 reprehensibilis
981 989 1039 1038 tam
1051 982 1137 1037 nimia

166 1066 289 1122 laudatio
304 1082 387 1138 quam
400 1064 584 1120 immoderata
595 1065 733 1135 culpatio;
747 1066 796 1120 illa
810 1066 951 1137 siquidem
965 1065 1135 1132 adulatione,

167 1152 221 1206 ista
237 1151 409 1221 malignitate
424 1154 556 1219 suspecta
570 1154 622 1206 est.
648 1148 849 1204 Testimonium
863 1150 988 1222 veritati,
1002 1165 1059 1205 non
1070 1150 1138 1204 ami·

167 1234 249 1290 citiae
271 1233 388 1290 reddas.
424 1230 493 1287 Cum
512 1230 738 1287 consideratione
756 1235 900 1302 promitte,
920 1234 1033 1304 plenius
1053 1249 1137 1305 quam

140 1329 157 1383 9
168 1317 351 1389 promiseris,
367 1322 490 1387 praesta.
518 1313 548 1371 Si
564 1315 691 1386 prudens
705 1321 750 1370 est
760 1317 871 1372 animam
886 1323 959 1391 tuus,
972 1317 1059 1373 tribus
1069 1323 1138 1372 tem-

167 1402 283 1473 poribus
298 1400 490 1471 dispensetur:
504 1400 665 1470 praesentia
672 1399 781 1468 ordina,
794 1400 887 1455 lutura
896 1399 1045 1471 praevide,
1054 1416 1138 1472 prae·

168 1485 249 1540 terita
261 1483 421 1539 recordare.
448 1499 512 1538 narn
527 1483 574 1553 qui
587 1483 749 1554 praesentia
762 1498 819 1537 non
838 1483 965 1552 ordinat,
981 1484 1136 1541 obliviosus

168 1574 196 1624 et
210 1569 302 1623 iatuus
317 1568 488 1638 appellatur,
503 1568 556 1638 qui
569 1568 608 1621 nil
624 1565 661 1621 de
681 1566 832 1638 praeterito
847 1567 966 1639 cogitat,
984 1567 1078 1640 perdit
1092 1568 1133 1622 vi·

167 1658 232 1718 tam,
248 1651 295 1720 qui
311 1652 350 1705 nil
365 1650 401 1704 de
414 1652 506 1704 tuturo
519 1650 752 1720 praemeditatur,
768 1652 798 1706 in
815 1651 910 1706 omnia
924 1652 1053 1707 incautus
1068 1652 1138 1706 inci-

168 1733 218 1789 dit.
247 1734 376 1804 Propone
391 1740 484 1788 autem
497 1734 591 1789 animo
610 1740 656 1789 tuo
671 1740 700 1788 et
713 1735 787 1790 mala
802 1739 829 1788 et
844 1736 917 1790 bona
932 1735 1033 1803 lutura,
1049 1735 1137 1790 utilia

127 1828 160 1880 ιο
169 1816 308 1872 sustinere
321 1817 430 1886 possis,
446 1817 501 1870 ista
514 1815 664 1872 moderari
690 1817 752 1872 iton
767 1834 881 1888 semper
896 1819 926 1873 in
940 1826 1005 1875 actu
1016 1820 1065 1887 sis,
1084 1818 1137 1874 sed

169 1898 308 1955 Interdum
323 1898 415 1953 animo
430 1905 477 1953 tuo
490 1901 617 1968 requiem
634 1901 709 1967 dato,
727 1900 781 1956 sed
795 1908 824 1957 et
836 1902 949 1972 requies
960 1903 1025 1975 ipsa
1041 1902 1076 1958 sit
1092 1919 1135 1958 sa·

167 1983 289 2055 pientiae
304 1981 405 2038 studiis
423 1989 451 2038 et
465 1983 680 2054 cogitationibus
700 1986 781 2039 bouis
803 1985 896 2056 plena.
925 2001 990 2041 nam
1009 1985 1136 2055 prudens

169 2082 318 2138 numquam
338 2072 444 2121 marcet
461 2067 526 2124 otio.
556 2067 707 2139 aliquando
727 2069 850 2123 animum
875 2071 1024 2125 remissum
1042 2067 1134 2132 habet,

169 2167 319 2223 numquam
333 2151 463 2206 solutum.
493 2153 632 2207 accelerat
648 2150 742 2218 tarda,
764 2152 899 2224 perplexa
914 2151 1042 2224 expedit,
1065 2151 1136 2208 dura

169 2235 265 2302 mollit,
288 2229 406 2313 [aspera
420 2228 530 2310 tentat]
544 2234 634 2290 ardua
649 2242 796 2305 exaequat.
826 2237 879 2290 scit
893 2237 982 2303 enirn,
999 2236 1066 2307 quid
1080 2251 1136 2306 qna

168 2319 216 2375 via
231 2318 349 2391 aggredi
364 2316 465 2374 debeat
479 2324 506 2372 et
519 2319 574 2375 cito
590 2319 702 2389 singula
717 2334 750 2373 ac
765 2318 894 2374 distincte
911 2318 989 2375 videt
1003 2314 1137 2395 [consilia

169 2396 384 2477 imperitorum]
397 2418 432 2456 ex
444 2402 548 2472 apertis
560 2403 681 2458 obscura
691 2402 828 2469 aestimat,
840 2418 877 2457 ex
885 2403 1011 2472 parvulis
1021 2418 1135 2474 magna,

127 2485 206 2542 ilex
219 2486 355 2558 proximis
368 2488 485 2550 remota,
502 2500 539 2538 ex
555 2485 680 2556 partibus
697 2491 763 2540 tota.
794 2485 857 2540 Non
872 2492 900 2540 te
913 2491 1027 2543 moveat
1041 2485 1135 2542 diceu-

169 2571 204 2625 tis
219 2570 385 2635 auctoritas,
408 2584 462 2623 nec
476 2570 555 2640 quis,
573 2568 625 2624 sed
640 2568 707 2639 quid
727 2567 801 2624 dicat
815 2568 960 2624 intendito.
983 2585 1037 2624 nec
1052 2585 1135 2639 quam

170 2654 261 2708 multis
277 2652 328 2708 sed
343 2652 471 2722 qualibus
484 2653 606 2722 placeas,
621 2652 724 2723 cogita.
754 2650 787 2706 Id
802 2668 936 2724 sequere,
955 2652 1031 2723 quod
1042 2660 1137 2723 potest

170 2736 304 2802 inveniri,
328 2733 358 2788 id
375 2733 469 2802 disce,
491 2735 567 2804 quod
587 2739 680 2804 potest
700 2735 780 2804 sciri,
801 2736 831 2791 id
849 2742 930 2808 opta,
950 2735 1026 2806 quod
1043 2746 1137 2811 potest

170 2817 260 2888 optari
277 2831 370 2873 coram
385 2816 475 2873 bonis.
504 2832 557 2872 nec
571 2819 660 2872 altiori
677 2819 756 2873 reite
772 2820 915 2890 imponas,
933 2819 968 2874 in'
982 2835 1040 2894 qua
1053 2823 1137 2879 stanti

127 2902 161 2955 li
171 2901 219 2956 tibi
245 2898 429 2966 tremendum,
452 2899 634 2957 descendenti
655 2901 813 2958 cadendum
834 2904 880 2958 sit.
914 2902 994 2962 Tunc
1019 2907 1138 2963 consilia

168 2985 217 3042 tibi
232 2983 364 3041 salutaria
380 2982 500 3054 advoca,
514 3001 578 3039 cum
592 2985 640 3041 tibi
656 2985 753 3041 alludit
769 2987 844 3041 vitae
857 2991 1043 3061 prosperitas.
1071 2997 1137 3047 tunc

168 3076 195 3125 te
210 3069 329 3126 velutin
350 3068 454 3127 lubrico
468 3069 610 3126 retinebis
627 3085 660 3124 ac
675 3071 758 3125 sistes
778 3085 831 3126 nec
852 3072 901 3132 tibi
917 3072 998 3131 dabis
1016 3075 1136 3145 impetus

169 3155 282 3221 liberos,
297 3151 349 3209 sed
364 3153 583 3226 circumspicies,
599 3169 654 3226 quo
667 3152 790 3211 eundum
808 3155 846 3213 sit
861 3159 908 3214 vel
923 3173 1080 3229 quousque.

252 3237 297 3294 lli.
319 3236 359 3292 De
375 3239 612 3311 magnanimitate.

143 3329 158 3380 t
232 3321 447 3393 Magnanimitas
471 3338 556 3392 vero,
583 3338 655 3394 quae
675 3328 703 3378 et
728 3324 860 3381 tortitudo
881 3324 997 3387 dicitur.
1023 3324 1048 3380 si
1072 3325 1138 3381 insit

169 3403 262 3461 animo
276 3410 340 3474 tuo,
360 3421 423 3461 cum
438 3421 541 3478 magna
555 3405 661 3462 fiducia
676 3406 773 3476 vives,
790 3409 879 3476 liber,
894 3407 1064 3480 intrepidus,
1080 3408 1138 3464 ala-

250 3488 384 3561 Magnum
394 3494 496 3548 bonum
510 3488 626 3546 humani
641 3491 725 3546 animi
736 3497 779 3548 cst
791 3508 848 3548 non
861 3497 990 3561 tremere,
1007 3491 1060 3548 sed
1069 3505 1138 3548 con·
