2468 3930
200 208 368 270 arrarum.
383 207 476 269 uon.
496 209 615 269 mov.
636 208 764 273 ausa
786 215 906 285 (mar.)
996 212 1036 277 aa

64 359 238 422 hominibus
251 358 382 434 quidem,
398 360 454 419 sed
464 364 618 435 tamquam
628 360 768 421 iumentis
779 362 936 435 abutimur,
953 365 1037 438 quod

66 460 136 506 cum
155 443 196 503 ad
217 442 408 503 coenandum
428 441 652 516 discubuimus,
677 443 754 505 Cius
780 453 870 520 sputa
889 447 1034 522 detergat,

63 528 142 589 alius
157 525 303 601 reliquias
317 528 546 586 temulentorum
559 527 698 588 subditus
711 529 833 603 colligit
867 529 955 590 Alius
967 540 1063 606 pre-6

62 613 162 674 tiosos
182 625 257 670 aves
278 609 402 669 scindite
431 616 608 684 peruectus
624 613 654 670 et
667 612 773 672 clunes
790 612 880 673 emtis
895 614 1034 674 ductibus

62 694 281 756 circumferens
295 693 579 754 eruditammunum
594 694 822 757 irustaexcutit.
843 693 962 771 infelix,
983 698 1035 774 qui

62 776 133 841 inis
146 777 199 840 aut
211 778 255 836 rei
268 777 357 851 vivit,
379 784 412 837 ut
426 776 517 837 altilia
530 778 674 838 decentor
689 785 789 839 secata
810 779 869 840 nisi
883 782 967 856 quod
980 782 1036 840 mi»

63 862 161 924 serior
180 868 242 934 est,
266 860 318 936 qui
337 861 399 920 boe
411 861 576 935 voluptatis
597 863 794 924 causa-docet
808 879 899 938 quam
915 865 966 938 qui
981 881 1034 925 ne-

62 945 214 1007 cessitatis
231 942 328 1004 discit
364 942 451 1004 Alius
464 943 527 1004 vini
537 944 673 1005 minister
684 946 714 1004 in
726 947 900 1006 muliebrem
913 949 1060 1017 modum?

62 1036 188 1090 ornatus
204 1043 273 1087 curn
294 1034 393 1088 aelate
412 1029 558 1089 luctatur:
580 1043 641 1088 non
663 1035 767 1103 potest
782 1029 917 1103 effugere
933 1032 1034 1105 pueri-

60 1115 147 1175 tiam=
167 1111 338 1185 retrahitur,
360 1111 482 1187 iamque
496 1111 615 1172 militari
629 1112 733 1173 trabitu
748 1111 853 1187 glaber
866 1111 977 1173 retritis
989 1114 1034 1188 pi-

59 1197 99 1258 lis
118 1204 171 1257 aut
192 1195 313 1271 naritus
334 1195 449 1256 evulsa
468 1203 532 1256 tota
551 1201 641 1255 nocte
658 1195 832 1270 pervigilat,
854 1211 944 1270 quam
958 1197 1036 1256 inter

61 1279 238 1340 ebrictatem
258 1277 371 1339 domini
394 1294 431 1339 ac
444 1278 599 1338 libidinem
615 1279 721 1341 dividit
735 1286 765 1340 et
779 1279 810 1338 in
825 1279 965 1339 eubiculo
979 1279 1034 1354 vir,

60 1365 89 1423 in
102 1363 246 1424 condrio
257 1379 335 1438 puer
344 1369 401 1423 est.
436 1363 538 1438 Atius,
553 1361 602 1422 cui
614 1362 812 1424 connvarum
822 1378 954 1423 censura
965 1373 1064 1438 per-u

60 1445 154 1508 missa
174 1453 237 1520 est,
259 1453 375 1521 perstat
394 1445 498 1506 infelix
520 1453 549 1507 et
567 1453 739 1522 suspectat,
761 1463 841 1522 qnos
854 1447 987 1508 adulatio
1003 1453 1033 1507 et

60 1531 290 1605 intemperantia
304 1536 356 1590 aut
370 1530 462 1604 gulae
474 1536 527 1591 aut
539 1531 662 1604 linguae
675 1538 800 1593 revocet
813 1531 844 1591 in
858 1533 1031 1592 crastinum.

59 1614 158 1674 Adice
171 1613 389 1686 obsonatores,
408 1613 518 1688 quibus
528 1613 672 1674 dominici
687 1615 779 1689 palati
793 1615 898 1675 notitia
907 1614 1031 1675 subtilis

60 1704 121 1772 est,
143 1698 194 1772 qui
215 1699 328 1772 sciunt,
350 1695 437 1758 ouius
457 1695 540 1757 illum
559 1697 604 1757 rei
622 1713 715 1773 sapor
729 1699 854 1772 excitet,
877 1698 964 1759 cuius
979 1699 1030 1759 de·

59 1782 150 1842 lactet
165 1781 348 1856 adspectus,
371 1781 458 1841 cuius
471 1778 604 1841 novitate
619 1781 850 1843 nausiabundus
864 1780 940 1858 erigi
958 1799 1031 1857 pos·

59 1866 113 1936 sit,
134 1864 209 1940 ataid
222 1866 284 1925 ianr
297 1867 368 1940 ipsa
381 1863 518 1925 satietate
530 1864 678 1940 fastidiat,
698 1866 773 1942 auid
784 1867 835 1926 illo
848 1866 1031 1927 dieeouriat.

59 1949 134 2009 Cum
152 1948 200 2008 bia
222 1964 351 2010 coenare
372 1964 435 2008 noa
449 1947 578 2009 sustinet
591 1955 623 2009 et
634 1949 799 2011 maiestatis
816 1965 890 2010 suae
903 1950 1030 2010 diminu-

56 2032 170 2093 tionem
192 2039 279 2107 putat
296 2032 337 2092 ad
354 2031 493 2092 eamdem
515 2047 651 2094 mensam
673 2048 741 2093 curm
761 2049 852 2094 seruo
870 2044 1031 2094 suo'acce-

58 2115 142 2175 dere.
164 2114 198 2175 di
209 2115 333 2176 meliust
357 2124 431 2192 quot
444 2130 484 2175 ex
497 2114 564 2176 istis
579 2117 719 2178 dominos
733 2114 840 2178 habeti
863 2115 1059 2181 Stareante9

58 2200 150 2258 limen
168 2198 282 2260 Callisti
299 2199 457 2262 dominum
476 2215 565 2260 suum
583 2198 647 2259 vidi
667 2208 697 2260 et
716 2215 799 2274 eum,
823 2198 875 2274 qui
888 2201 930 2259 illi
945 2201 1030 2276 inpe-

57 2289 144 2356 gerat
154 2281 288 2356 titulum,
303 2284 353 2358 qui
364 2284 443 2345 inter
452 2283 580 2345 ridicula
590 2282 742 2358 mancipia
752 2282 948 2357 produxerat,
964 2281 1031 2343 aliis

59 2366 240 2427 intrantibus
258 2367 394 2427 excludis
421 2369 522 2428 reudit
541 2366 582 2425 illi
598 2367 723 2440 gratiam
737 2379 849 2426 servus
861 2365 911 2425 ille
925 2367 954 2424 iu
972 2364 1032 2440 pri-

58 2466 138 2510 mam
160 2449 316 2510 decuriam
333 2452 506 2524 coniectus,
532 2448 565 2509 in
584 2466 646 2524 qua
659 2465 768 2510 vocam
783 2464 895 2524 praeco
911 2447 1030 2523 experi-

57 2541 121 2594 tur:
144 2540 175 2593 et
193 2534 261 2609 ipse
280 2535 362 2595 ilium
383 2534 513 2596 invicem
531 2532 722 2610 apologum,
745 2540 776 2594 et
794 2534 862 2608 inse
876 2547 936 2591 non
954 2527 1030 2590 iudi·

59 2617 142 2678 cauit
153 2615 246 2678 domo
258 2634 315 2679 sua
326 2619 458 2694 dignum.
478 2618 625 2679 Dominus
639 2617 793 2678 Callistum
800 2615 952 2677 vendicio
975 2613 1030 2674 sed

60 2700 187 2761 domitto
212 2718 302 2776 quam
324 2705 417 2764 multa
442 2702 598 2762 Callistus!
633 2701 689 2762 Vis
716 2708 748 2762 tu
773 2701 906 2776 cogitare
930 2701 1029 2773 istum,
1041 2712 1072 2765 to

60 2794 153 2858 quem
175 2800 298 2845 wuum
318 2793 400 2847 tuum
420 2801 529 2860 uocas,
552 2802 591 2846 ex
610 2785 718 2846 iisdem
740 2784 905 2846 seminibus
922 2791 1030 2858 ortum,

60 2867 171 2928 eodem
189 2867 249 2929 frui
271 2871 373 2944 coelo,
400 2884 497 2945 aeque
516 2870 650 2944 spirare,
672 2884 771 2944 aeque
790 2868 909 2942 vivere,
932 2882 1030 2943 aeque

59 2951 159 3012 morit
184 2959 246 3014 tam
266 2959 300 3013 tu
318 2953 400 3014 illum
421 2953 525 3013 uidere
545 2953 710 3027 ingenuum
728 2959 816 3026 potes
832 2967 922 3028 quam
937 2949 987 3011 ille
1001 2957 1031 3010 te

61 3050 196 3096 serrum.
224 3037 360 3098 variana
373 3037 459 3098 clade
474 3037 584 3097 multos
599 3035 846 3112 splendidissime
860 3041 959 3108 natos
982 3049 1030 3093 se-

60 3118 210 3180 natorium
231 3135 289 3194 mer
308 3118 441 3181 trititiam
462 3120 658 3196 auspicantes
677 3117 821 3194 gradum
843 3119 962 3178 fortuna
978 3116 1030 3174 de
1056 3143 1058 3148 ·

60 3201 190 3278 pressitz
218 3204 307 3263 alium
330 3219 368 3263 ax
386 3201 446 3264 illis
467 3210 638 3279 pastorem,
660 3201 752 3263 alium
766 3200 925 3262 custodem
940 3213 1031 3258 casae
1129 3199 1131 3203 ’

61 3285 148 3347 recita
176 3293 337 3348 contemne
355 3302 436 3348 nuuc
457 3288 524 3348 eius
544 3289 682 3348 ionunae
700 3285 866 3357 hominem,
887 3284 918 3342 in
938 3297 1030 3357 quam

61 3369 208 3445 manure,
235 3371 309 3431 dum
330 3370 513 3446 contemnis,
539 3378 638 3446 potes.
677 3369 754 3429 Nolo
774 3368 805 3428 in
817 3368 970 3442 ingentem
983 3374 1068 3428 meli
1169 3445 1173 3452 Ι

61 3454 164 3517 locum
186 3454 334 3516 inmittere
358 3462 390 3515 et
407 3455 446 3515 de
465 3471 524 3517 usu
541 3468 697 3516 servorum
713 3452 884 3528 disputare,
904 3449 935 3512 ir
951 3464 1030 3526 quos
