2468 3930
149 221 191 288 84
433 221 466 281 L.
487 220 634 280 ANNAEI
654 218 828 280 SENECAE

145 375 206 435 Vix
227 373 338 432 oratori
359 370 548 447 permiserim
567 372 657 430 talem
679 369 800 431 dicendi
821 369 1012 430 velocitatem
1037 370 1119 431 inre-

145 455 314 518 vocabilem
334 471 371 515 ac
391 455 457 514 sine
477 456 545 528 lege
560 454 729 514 vadentem.
766 453 1021 529 quemadmodum
1036 454 1118 514 enim

144 542 237 601 iudex
260 538 406 614 subsequi
426 538 551 613 poterit,
574 536 739 610 aliquando
757 537 846 597 etiam
860 536 1007 611 inperitus
1023 545 1117 622 etru-

145 623 213 684 dist
245 624 320 682 Tum
341 637 480 697 quoque,
511 636 578 681 eum
599 621 682 680 illum
703 626 754 681 aut
776 621 936 681 ostentatio
958 621 1118 684 abstulerit

144 714 197 767 aut
214 706 353 766 adiectus
373 706 494 780 inpetus
516 703 578 779 sui,
608 710 722 765 tanturn
743 704 865 765 festinet
884 711 975 778 atque
989 703 1115 780 ingerat,

116 795 289 866 liquantum
309 804 398 850 aures
422 788 483 862 pati
504 795 645 863 possunt.
680 789 775 848 Recte
792 803 864 862 ergo
880 786 990 862 iacies,
1013 789 1040 848 si
1055 806 1117 850 non

88 932 92 943 ,
144 873 258 933 videris
280 872 372 945 istos,
394 873 445 947 qui
467 878 611 948 quantum
632 872 747 945 dicant,
771 888 832 932 non
850 871 1109 946 quemadmodum

146 962 309 1033 quaerunt,
332 957 443 1030 etipse
458 956 615 1029 malueris,
638 956 664 1015 si
678 970 808 1015 necesse
823 961 884 1027 est,
908 956 957 1014 vel
972 961 1005 1016 ut
1019 954 1052 1015 Ρ.
1063 958 1103 1018 Vi

145 1041 241 1101 nicius
254 1039 365 1102 dicere.
393 1038 469 1113 „Qui
481 1039 625 1114 itaquer‘
652 1038 725 1099 Cum
738 1044 943 1114 quaereretur,
961 1041 1116 1114 quomodo

144 1124 176 1182 Ρ.
187 1123 325 1183 Vinicius
341 1121 469 1198 diceret,
489 1123 623 1183 Arellius
634 1122 688 1183 ait=
710 1120 915 1196 ‚,tractim.“
937 1138 1008 1182 narn
1018 1123 1117 1183 Gemi-

145 1224 204 1268 nus
219 1207 329 1267 Varius
348 1207 403 1266 ait=
434 1206 601 1280 ‚,Qttomodo
620 1208 706 1267 istam
727 1207 868 1267 disertam
881 1207 988 1267 dicatis
1002 1210 1118 1268 macto:

144 1295 203 1352 tra'o
216 1292 306 1353 verbo
318 1306 377 1351 non
388 1296 483 1364 potest
495 1293 647 1366 ionaeref‘
682 1287 791 1364 Quidni
803 1288 889 1348 malis
901 1295 934 1349 tu
945 1289 994 1350 sio
1003 1289 1116 1362 dicere,

104 1387 137 1440 10
147 1376 301 1450 quomodo
328 1373 491 1432 Vinicius?
532 1373 651 1448 Aliquis
678 1380 737 1433 tam
762 1373 898 1433 insulsus
924 1373 1119 1434 intervenerit

146 1474 236 1534 quam
260 1457 311 1532 qui
336 1455 377 1515 illi
402 1455 522 1530 singula
541 1457 636 1516 verba
656 1456 791 1529 vellenti,
815 1463 968 1531 tamquam
983 1457 1117 1532 dictaret,

145 1557 208 1601 non
221 1540 349 1613 diceret,
372 1538 426 1600 ait:
449 1542 526 1612 „dte
536 1556 696 1615 numquam
710 1537 834 1602 dt'cosl“
868 1539 942 1599 Nam
958 1539 991 1614 Q.
1003 1541 1118 1602 Haterii

145 1639 282 1698 cursum,
304 1623 370 1682 suis
385 1623 574 1699 temporibus
589 1623 719 1698 oratoris
734 1623 935 1697 celeberrimi,
957 1625 1049 1699 longe
1063 1623 1114 1684 ab·

145 1723 216 1768 esse
228 1707 266 1768 ab
276 1706 398 1767 homine
410 1723 486 1767 sano
497 1709 585 1768 velot
602 1723 768 1783 numquam
779 1706 934 1783 dubitavit,
949 1723 1115 1786 numquam

104 1789 312 1852 llintermisit.
341 1791 436 1851 semel
450 1790 627 1866 incipiebat,
650 1792 745 1851 semel
759 1790 926 1853 desinebat.
962 1793 1117 1868 Quaedam

144 1882 245 1935 tamen
262 1881 292 1934 et
311 1874 482 1936 nationibus
502 1881 576 1950 puto
592 1874 688 1950 magis
704 1874 870 1937 autminus
886 1877 1065 1936 convenire:
1087 1877 1119 1936 in

146 1955 271 2018 Graecis
285 1957 364 2018 bane
378 1957 529 2019 licentiam
542 1958 656 2019 tuleris.
685 1975 742 2018 nos
758 1959 848 2019 etiam
863 1975 932 2021 cum
946 1959 1118 2033 scribimus,

145 2041 359 2117 interpungere
379 2042 585 2107 adsuevimus.
620 2042 725 2104 Cicero
741 2059 866 2119 quoque
880 2052 997 2117 noster,
1020 2058 1118 2119 aquo

144 2127 283 2187 Romana
305 2127 479 2203 eloquentia
502 2125 641 2202 exsiluit,
670 2126 829 2201 gradarius
854 2127 917 2188 luit.
960 2129 1119 2189 Romanus

146 2225 246 2271 sermo
261 2210 358 2284 magis
373 2226 408 2271 se
426 2209 631 2286 circumspicit
641 2219 670 2271 et
681 2211 820 2272 aestimat
830 2211 1017 2287 praebetque
1029 2212 1119 2272 aesti-

105 2294 296 2355 12mandum.
336 2292 505 2368 Fabianus,
529 2295 575 2354 vir
594 2295 736 2369 egregius
757 2301 787 2353 et
806 2294 866 2355 vita
887 2301 918 2355 et
936 2295 1064 2356 scientia
1079 2301 1118 2368 et,

147 2378 230 2454 quod
252 2377 401 2454 postlata
422 2385 483 2452 est,
513 2376 686 2454 eloquentia
708 2393 845 2453 quoque,
871 2375 1047 2454 disputabat
1065 2392 1117 2436 ex·

147 2462 249 2537 pedite
262 2459 359 2537 magis
372 2477 463 2538 quam
479 2461 641 2535 concitate,
662 2469 695 2521 ut
708 2477 820 2537 posses
832 2461 935 2522 dicere
947 2461 1118 2523 facilitatem

146 2561 219 2606 esse
239 2546 334 2620 illam,
361 2562 422 2605 non
444 2545 635 2606 celeritatem.
668 2545 747 2605 hanc
768 2560 825 2620 ego
847 2545 877 2604 in
898 2545 963 2606 viro
980 2544 1118 2621 sapiente

146 2629 277 2701 recipio:
298 2643 360 2688 nou
371 2629 478 2703 exigo,
494 2627 633 2689 utoratio
645 2627 711 2688 eius
723 2627 1007 2703 sineinpedimento
1019 2635 1116 2688 exeat.

106 2722 138 2775 13
147 2711 317 2785 proferatur
337 2718 436 2771 tamen
457 2713 536 2771 malo
558 2726 649 2787 quam
668 2712 811 2787 profluat.
846 2711 890 2774 Eo
906 2720 1007 2773 autem
1021 2713 1117 2786 magis

146 2800 176 2853 te
196 2793 334 2854 deterreo
357 2794 394 2854 ab
412 2794 471 2856 isto
487 2795 609 2869 morbo,
633 2797 716 2871 quod
732 2813 793 2857 non
808 2802 912 2871 potest
925 2797 978 2857 tibi
991 2800 1042 2856 res
1060 2795 1118 2855 ista

147 2876 322 2951 contingere
347 2876 433 2938 aliter
455 2895 545 2954 quam
570 2880 597 2939 si
616 2885 647 2939 te
668 2881 785 2955 pudere
805 2880 942 2940 desierit:
970 2878 1117 2955 perfrices

147 2961 276 3021 frontem
298 2968 417 3037 oportet
443 2969 473 3021 et
500 2963 654 3039 teipsum
679 2981 740 3024 non
765 2962 882 3025 audias.
921 2964 1014 3025 multe
1039 2959 1118 3021 enim

148 3044 385 3118 [in]observatus
399 3046 449 3105 ille
464 3061 573 3107 cursus
588 3048 678 3121 ieret,
703 3061 782 3123 quae
794 3045 1019 3122 reprehendere
1030 3045 1116 3105 velis.

107 3129 211 3189 14Non
233 3136 349 3205 potest,
370 3127 509 3206 inquam,
531 3129 583 3191 tibi
605 3131 779 3207 contingere
792 3146 843 3191 res
858 3131 917 3191 ista
932 3132 1016 3191 salva
1031 3143 1114 3188 vere

146 3214 266 3275 cundia.
302 3221 460 3290 praeterea
481 3215 696 3277 exercitatione
717 3230 796 3289 opus
817 3221 865 3275 est
884 3215 1036 3276 cotidiana
1055 3217 1118 3272 eta

145 3298 239 3358 rebus
261 3299 393 3360 studium
415 3299 658 3360 transferendum
679 3306 726 3359 est
739 3298 780 3358 ad
793 3299 896 3359 verba.
924 3299 1000 3358 haee
1016 3301 1117 3357 autem

147 3380 263 3442 etiamsi
278 3384 406 3445 aderunt
420 3390 449 3443 et
459 3389 601 3459 poterunt
612 3384 678 3444 sine
690 3383 751 3443 ullo
764 3389 815 3443 tuo
827 3382 932 3442 labore
944 3382 1115 3450 decurrere,

147 3472 245 3525 tamen
257 3468 453 3541 temperanda
465 3473 544 3528 sunt.
560 3483 630 3527 nam
643 3466 896 3541 quemadmodum
908 3465 1039 3541 sapienti
1051 3463 1115 3523 viro
