<?xml version="1.0" encoding="UTF-8"?>
<!DOCTYPE html PUBLIC "-//W3C//DTD XHTML 1.0 Transitional//EN"
    "http://www.w3.org/TR/xhtml1/DTD/xhtml1-transitional.dtd">
<html xmlns="http://www.w3.org/1999/xhtml" xml:lang="en" lang="en">
 <head>
  <title>
</title>
<meta http-equiv="Content-Type" content="text/html;charset=utf-8" />
  <meta name='ocr-system' content='tesseract 3.04.00' />
  <meta name='ocr-capabilities' content='ocr_page ocr_carea ocr_par ocr_line ocrx_word'/>
</head>
<body>
  <div class='ocr_page' id='page_1' title='image "./lannaeisenecaeo00haasgoog_0067.png"; bbox 0 0 2468 3930; ppageno 0'>
   <div class='ocr_carea' id='block_1_1' title="bbox 134 232 824 298">
    <p class='ocr_par' dir='ltr' id='par_1_1' title="bbox 134 232 824 298">
     <span class='ocr_line' id='line_1_1' title="bbox 134 232 824 298; baseline -0.009 0"><span class='ocrx_word' id='word_1_1' title='bbox 134 232 178 298; x_wconf 76' lang='grc'><strong>34</strong></span> <span class='ocrx_word' id='word_1_2' title='bbox 424 235 458 295; x_wconf 87' lang='lat' dir='ltr'><strong>L.</strong></span> <span class='ocrx_word' id='word_1_3' title='bbox 479 233 627 294; x_wconf 84' lang='lat' dir='ltr'>ANNAEI</span> <span class='ocrx_word' id='word_1_4' title='bbox 649 233 824 295; x_wconf 77' lang='lat' dir='ltr'>SENECAE</span> 
     </span>
    </p>
   </div>
   <div class='ocr_carea' id='block_1_2' title="bbox 131 384 1115 1199">
    <p class='ocr_par' dir='ltr' id='par_1_2' title="bbox 131 384 1115 1199">
     <span class='ocr_line' id='line_1_2' title="bbox 134 384 1111 463; baseline 0.002 -15"><span class='ocrx_word' id='word_1_5' title='bbox 134 388 239 460; x_wconf 89' lang='lat' dir='ltr'><strong>stitue,</strong></span> <span class='ocrx_word' id='word_1_6' title='bbox 271 402 361 463; x_wconf 88' lang='lat' dir='ltr'><strong>quem</strong></span> <span class='ocrx_word' id='word_1_7' title='bbox 381 385 512 447; x_wconf 90' lang='lat' dir='ltr'><strong>transire</strong></span> <span class='ocrx_word' id='word_1_8' title='bbox 531 402 570 446; x_wconf 95' lang='lat' dir='ltr'><strong>ne</strong></span> <span class='ocrx_word' id='word_1_9' title='bbox 592 387 694 461; x_wconf 92' lang='lat' dir='ltr'><strong>possis</strong></span> <span class='ocrx_word' id='word_1_10' title='bbox 717 387 855 462; x_wconf 88' lang='lat' dir='ltr'><strong>quidem,</strong></span> <span class='ocrx_word' id='word_1_11' title='bbox 882 386 910 446; x_wconf 94' lang='lat' dir='ltr'><strong>si</strong></span> <span class='ocrx_word' id='word_1_12' title='bbox 929 384 1024 448; x_wconf 81' lang='lat' dir='ltr'><strong>valis=</strong></span> <span class='ocrx_word' id='word_1_13' title='bbox 1051 388 1111 450; x_wconf 89' lang='lat' dir='ltr'><strong>dis·</strong></span> 
     </span>
     <span class='ocr_line' id='line_1_3' title="bbox 135 469 1115 546; baseline 0 -14"><span class='ocrx_word' id='word_1_14' title='bbox 135 473 247 532; x_wconf 83' lang='lat' dir='ltr'>cedant</span> <span class='ocrx_word' id='word_1_15' title='bbox 265 472 430 546; x_wconf 87' lang='lat' dir='ltr'><strong>aliquando</strong></span> <span class='ocrx_word' id='word_1_16' title='bbox 452 470 511 530; x_wconf 88' lang='lat' dir='ltr'><strong>ista</strong></span> <span class='ocrx_word' id='word_1_17' title='bbox 532 470 681 531; x_wconf 91' lang='lat' dir='ltr'><strong>insidiosa</strong></span> <span class='ocrx_word' id='word_1_18' title='bbox 695 469 777 531; x_wconf 89' lang='lat' dir='ltr'><strong>bona</strong></span> <span class='ocrx_word' id='word_1_19' title='bbox 792 477 822 530; x_wconf 93' lang='lat' dir='ltr'><strong>et</strong></span> <span class='ocrx_word' id='word_1_20' title='bbox 839 471 1034 545; x_wconf 80' lang='lat' dir='ltr'><strong>sperantibus</strong></span> <span class='ocrx_word' id='word_1_21' title='bbox 1050 488 1115 532; x_wconf 88' lang='lat' dir='ltr'><strong>me·</strong></span> 
     </span>
     <span class='ocr_line' id='line_1_4' title="bbox 133 553 1115 630; baseline 0.003 -17"><span class='ocrx_word' id='word_1_22' title='bbox 133 555 211 614; x_wconf 91' lang='lat' dir='ltr'><strong>liora</strong></span> <span class='ocrx_word' id='word_1_23' title='bbox 233 571 324 629; x_wconf 88' lang='lat' dir='ltr'><strong>quam</strong></span> <span class='ocrx_word' id='word_1_24' title='bbox 350 553 516 614; x_wconf 88' lang='lat' dir='ltr'><strong>adsecutis.</strong></span> <span class='ocrx_word' id='word_1_25' title='bbox 552 554 579 612; x_wconf 89' lang='lat' dir='ltr'><strong>si</strong></span> <span class='ocrx_word' id='word_1_26' title='bbox 600 553 674 628; x_wconf 93' lang='lat' dir='ltr'><strong>quid</strong></span> <span class='ocrx_word' id='word_1_27' title='bbox 694 553 724 613; x_wconf 93' lang='lat' dir='ltr'><strong>in</strong></span> <span class='ocrx_word' id='word_1_28' title='bbox 746 553 805 614; x_wconf 87' lang='lat' dir='ltr'><strong>illis</strong></span> <span class='ocrx_word' id='word_1_29' title='bbox 827 560 912 615; x_wconf 87' lang='lat' dir='ltr'><strong>esset</strong></span> <span class='ocrx_word' id='word_1_30' title='bbox 927 554 1033 630; x_wconf 89' lang='lat' dir='ltr'><strong>solidi,</strong></span> <span class='ocrx_word' id='word_1_31' title='bbox 1059 557 1115 616; x_wconf 89' lang='lat' dir='ltr'><strong>ali·</strong></span> 
     </span>
     <span class='ocr_line' id='line_1_5' title="bbox 135 636 1115 713; baseline 0.003 -16"><span class='ocrx_word' id='word_1_32' title='bbox 135 638 258 713; x_wconf 90' lang='lat' dir='ltr'><strong>quando</strong></span> <span class='ocrx_word' id='word_1_33' title='bbox 278 645 308 699; x_wconf 89' lang='lat' dir='ltr'><strong>et</strong></span> <span class='ocrx_word' id='word_1_34' title='bbox 328 639 493 712; x_wconf 80' lang='lat' dir='ltr'><strong>inplerena</strong></span> <span class='ocrx_word' id='word_1_35' title='bbox 523 653 604 697; x_wconf 93' lang='lat' dir='ltr'><strong>nunc</strong></span> <span class='ocrx_word' id='word_1_36' title='bbox 626 637 829 699; x_wconf 81' lang='lat' dir='ltr'>haurientium</span> <span class='ocrx_word' id='word_1_37' title='bbox 849 636 929 697; x_wconf 90' lang='lat' dir='ltr'><strong>sitim</strong></span> <span class='ocrx_word' id='word_1_38' title='bbox 950 639 1115 700; x_wconf 75' lang='lat' dir='ltr'><strong>concitant.</strong></span> 
     </span>
     <span class='ocr_line' id='line_1_6' title="bbox 133 718 1113 797; baseline 0.001 -16"><span class='ocrx_word' id='word_1_39' title='bbox 133 727 285 781; x_wconf 89' lang='lat' dir='ltr'><strong>mutantur</strong></span> <span class='ocrx_word' id='word_1_40' title='bbox 304 721 440 796; x_wconf 84' lang='lat' dir='ltr'><strong>speciosi</strong></span> <span class='ocrx_word' id='word_1_41' title='bbox 460 720 637 795; x_wconf 84' lang='lat' dir='ltr'><strong>adparatus.</strong></span> <span class='ocrx_word' id='word_1_42' title='bbox 665 727 696 781; x_wconf 87' lang='lat' dir='ltr'><strong>et</strong></span> <span class='ocrx_word' id='word_1_43' title='bbox 710 721 785 796; x_wconf 89' lang='lat' dir='ltr'><strong>quid</strong></span> <span class='ocrx_word' id='word_1_44' title='bbox 799 718 892 782; x_wconf 83' lang='lat' dir='ltr'><strong>futuri</strong></span> <span class='ocrx_word' id='word_1_45' title='bbox 905 722 1052 797; x_wconf 90' lang='lat' dir='ltr'><strong>temporis</strong></span> <span class='ocrx_word' id='word_1_46' title='bbox 1067 723 1113 782; x_wconf 88' lang='lat' dir='ltr'><strong>in-</strong></span> 
     </span>
     <span class='ocr_line' id='line_1_7' title="bbox 134 803 1115 879; baseline 0.004 -16"><span class='ocrx_word' id='word_1_47' title='bbox 134 813 216 866; x_wconf 86' lang='lat' dir='ltr'><strong>certa</strong></span> <span class='ocrx_word' id='word_1_48' title='bbox 238 820 308 865; x_wconf 91' lang='lat' dir='ltr'><strong>sors</strong></span> <span class='ocrx_word' id='word_1_49' title='bbox 331 803 445 865; x_wconf 79' lang='lat' dir='ltr'><strong>volvitt</strong></span> <span class='ocrx_word' id='word_1_50' title='bbox 472 818 567 877; x_wconf 88' lang='lat' dir='ltr'><strong>quare</strong></span> <span class='ocrx_word' id='word_1_51' title='bbox 587 804 689 879; x_wconf 93' lang='lat' dir='ltr'><strong>potius</strong></span> <span class='ocrx_word' id='word_1_52' title='bbox 711 820 730 864; x_wconf 89' lang='lat' dir='ltr'><strong>a</strong></span> <span class='ocrx_word' id='word_1_53' title='bbox 751 805 873 864; x_wconf 82' lang='lat' dir='ltr'><strong>fortuna</strong></span> <span class='ocrx_word' id='word_1_54' title='bbox 893 805 1058 879; x_wconf 83' lang='lat' dir='ltr'><strong>inpetrem,</strong></span> <span class='ocrx_word' id='word_1_55' title='bbox 1079 815 1115 867; x_wconf 88' lang='lat' dir='ltr'><strong>ut</strong></span> 
     </span>
     <span class='ocr_line' id='line_1_8' title="bbox 134 888 1113 963; baseline 0.004 -16"><span class='ocrx_word' id='word_1_56' title='bbox 134 888 199 961; x_wconf 89' lang='lat' dir='ltr'><strong>det,</strong></span> <span class='ocrx_word' id='word_1_57' title='bbox 223 904 314 962; x_wconf 89' lang='lat' dir='ltr'><strong>quam</strong></span> <span class='ocrx_word' id='word_1_58' title='bbox 327 904 346 947; x_wconf 91' lang='lat' dir='ltr'><strong>a</strong></span> <span class='ocrx_word' id='word_1_59' title='bbox 359 903 424 961; x_wconf 88' lang='lat' dir='ltr'><strong>me,</strong></span> <span class='ocrx_word' id='word_1_60' title='bbox 440 903 480 947; x_wconf 91' lang='lat' dir='ltr'><strong>ne</strong></span> <span class='ocrx_word' id='word_1_61' title='bbox 491 893 615 962; x_wconf 66' lang='lat' dir='ltr'><strong>petam?</strong></span> <span class='ocrx_word' id='word_1_62' title='bbox 637 903 732 963; x_wconf 89' lang='lat' dir='ltr'><strong>quare</strong></span> <span class='ocrx_word' id='word_1_63' title='bbox 744 894 844 948; x_wconf 90' lang='lat' dir='ltr'><strong>autem</strong></span> <span class='ocrx_word' id='word_1_64' title='bbox 858 894 979 963; x_wconf 79' lang='lat' dir='ltr'><strong>petamt</strong></span> <span class='ocrx_word' id='word_1_65' title='bbox 1000 889 1113 951; x_wconf 88' lang='lat' dir='ltr'><strong>oblitus</strong></span> 
     </span>
     <span class='ocr_line' id='line_1_9' title="bbox 133 970 1113 1046; baseline 0.003 -16"><span class='ocrx_word' id='word_1_66' title='bbox 133 972 302 1046; x_wconf 84' lang='lat' dir='ltr'><strong>fragilitatis</strong></span> <span class='ocrx_word' id='word_1_67' title='bbox 323 971 474 1031; x_wconf 89' lang='lat' dir='ltr'><strong>humanae</strong></span> <span class='ocrx_word' id='word_1_68' title='bbox 494 978 679 1046; x_wconf 68' lang='lat' dir='ltr'><strong>congeram?</strong></span> <span class='ocrx_word' id='word_1_69' title='bbox 705 971 735 1030; x_wconf 90' lang='lat' dir='ltr'><strong>in</strong></span> <span class='ocrx_word' id='word_1_70' title='bbox 758 970 832 1046; x_wconf 91' lang='lat' dir='ltr'><strong>quid</strong></span> <span class='ocrx_word' id='word_1_71' title='bbox 852 970 1010 1031; x_wconf 68' lang='lat' dir='ltr'><strong>laborem?</strong></span> <span class='ocrx_word' id='word_1_72' title='bbox 1037 988 1113 1033; x_wconf 87' lang='lat' dir='ltr'><strong>ecce</strong></span> 
     </span>
     <span class='ocr_line' id='line_1_10' title="bbox 133 1053 1112 1130; baseline 0 -16"><span class='ocrx_word' id='word_1_73' title='bbox 133 1053 182 1115; x_wconf 89' lang='lat' dir='ltr'><strong>hic</strong></span> <span class='ocrx_word' id='word_1_74' title='bbox 205 1055 271 1115; x_wconf 92' lang='lat' dir='ltr'><strong>dies</strong></span> <span class='ocrx_word' id='word_1_75' title='bbox 292 1055 415 1115; x_wconf 89' lang='lat' dir='ltr'><strong>ultimus</strong></span> <span class='ocrx_word' id='word_1_76' title='bbox 436 1061 494 1114; x_wconf 88' lang='lat' dir='ltr'><strong>est.</strong></span> <span class='ocrx_word' id='word_1_77' title='bbox 525 1059 640 1115; x_wconf 91' lang='lat' dir='ltr'><strong>utnon</strong></span> <span class='ocrx_word' id='word_1_78' title='bbox 661 1053 716 1115; x_wconf 72' lang='lat' dir='ltr'><strong>sita</strong></span> <span class='ocrx_word' id='word_1_79' title='bbox 750 1070 849 1130; x_wconf 81' lang='lat' dir='ltr'><strong>prope</strong></span> <span class='ocrx_word' id='word_1_80' title='bbox 870 1053 909 1114; x_wconf 88' lang='lat' dir='ltr'><strong>ab</strong></span> <span class='ocrx_word' id='word_1_81' title='bbox 929 1053 1035 1116; x_wconf 92' lang='lat' dir='ltr'><strong>ultimo</strong></span> <span class='ocrx_word' id='word_1_82' title='bbox 1054 1063 1112 1116; x_wconf 89' lang='lat' dir='ltr'><strong>est.</strong></span> 
     </span>
     <span class='ocr_line' id='line_1_11' title="bbox 131 1139 218 1199; baseline -0.011 -1"><span class='ocrx_word' id='word_1_83' title='bbox 131 1139 218 1199; x_wconf 82' lang='lat' dir='ltr'>Vale.</span> 
     </span>
    </p>
   </div>
   <div class='ocr_carea' id='block_1_3' title="bbox 385 1257 853 1405">
    <p class='ocr_par' dir='ltr' id='par_1_3' title="bbox 385 1257 853 1405">
     <span class='ocr_line' id='line_1_12' title="bbox 425 1257 816 1329; baseline 0.008 -14"><span class='ocrx_word' id='word_1_84' title='bbox 425 1257 641 1316; x_wconf 85' lang='lat' dir='ltr'>EPISTULA</span> <span class='ocrx_word' id='word_1_85' title='bbox 668 1258 716 1314; x_wconf 93' lang='lat' dir='ltr'><strong>IV.</strong></span> <span class='ocrx_word' id='word_1_86' title='bbox 744 1258 816 1329; x_wconf 77' lang='lat' dir='ltr'><strong>(ta)</strong></span> 
     </span>
     <span class='ocr_line' id='line_1_13' title="bbox 385 1352 853 1405; baseline 0.002 -3"><span class='ocrx_word' id='word_1_87' title='bbox 385 1352 496 1404; x_wconf 77' lang='lat' dir='ltr'><strong>Sennea</strong></span> <span class='ocrx_word' id='word_1_88' title='bbox 513 1353 623 1405; x_wconf 80' lang='lat' dir='ltr'><strong>Lucruro</strong></span> <span class='ocrx_word' id='word_1_89' title='bbox 642 1365 694 1404; x_wconf 90' lang='lat' dir='ltr'><strong>suo</strong></span> <span class='ocrx_word' id='word_1_90' title='bbox 714 1365 853 1404; x_wconf 72' lang='lat' dir='ltr'><strong>suturam.</strong></span> 
     </span>
    </p>
   </div>
   <div class='ocr_carea' id='block_1_4' title="bbox 54 1469 1112 3552">
    <p class='ocr_par' dir='ltr' id='par_1_4' title="bbox 105 1469 1112 1965">
     <span class='ocr_line' id='line_1_14' title="bbox 105 1469 1112 1546; baseline 0.005 -18"><span class='ocrx_word' id='word_1_91' title='bbox 105 1485 118 1536; x_wconf 88' lang='lat' dir='ltr'><strong>l</strong></span> <span class='ocrx_word' id='word_1_92' title='bbox 193 1470 325 1545; x_wconf 82' lang='lat' dir='ltr'><strong>Liquere</strong></span> <span class='ocrx_word' id='word_1_93' title='bbox 345 1469 405 1530; x_wconf 90' lang='lat' dir='ltr'><strong>hoc</strong></span> <span class='ocrx_word' id='word_1_94' title='bbox 425 1470 493 1546; x_wconf 89' lang='lat' dir='ltr'><strong>tibi,</strong></span> <span class='ocrx_word' id='word_1_95' title='bbox 521 1471 631 1544; x_wconf 81' lang='lat' dir='ltr'><strong>Lucili,</strong></span> <span class='ocrx_word' id='word_1_96' title='bbox 664 1471 746 1545; x_wconf 88' lang='lat' dir='ltr'><strong>scio,</strong></span> <span class='ocrx_word' id='word_1_97' title='bbox 774 1471 960 1531; x_wconf 90' lang='lat' dir='ltr'><strong>neminem</strong></span> <span class='ocrx_word' id='word_1_98' title='bbox 988 1487 1112 1546; x_wconf 85' lang='lat' dir='ltr'><strong>posse</strong></span> 
     </span>
     <span class='ocr_line' id='line_1_15' title="bbox 131 1552 1112 1631; baseline 0.002 -17"><span class='ocrx_word' id='word_1_99' title='bbox 131 1555 245 1618; x_wconf 84' lang='lat' dir='ltr'><strong>beate</strong></span> <span class='ocrx_word' id='word_1_100' title='bbox 272 1552 423 1629; x_wconf 89' lang='lat' dir='ltr'><strong>vivere,</strong></span> <span class='ocrx_word' id='word_1_101' title='bbox 457 1571 502 1615; x_wconf 90' lang='lat' dir='ltr'><strong>ne</strong></span> <span class='ocrx_word' id='word_1_102' title='bbox 524 1554 793 1616; x_wconf 82' lang='lat' dir='ltr'><strong>tolerabiliter</strong></span> <span class='ocrx_word' id='word_1_103' title='bbox 821 1555 990 1631; x_wconf 89' lang='lat' dir='ltr'><strong>quidem,</strong></span> <span class='ocrx_word' id='word_1_104' title='bbox 1025 1555 1112 1617; x_wconf 88' lang='lat' dir='ltr'><strong>sine</strong></span> 
     </span>
     <span class='ocr_line' id='line_1_16' title="bbox 132 1635 1111 1714; baseline 0.002 -17"><span class='ocrx_word' id='word_1_105' title='bbox 132 1635 354 1712; x_wconf 87' lang='lat' dir='ltr'><strong>sapientiae</strong></span> <span class='ocrx_word' id='word_1_106' title='bbox 373 1638 503 1698; x_wconf 90' lang='lat' dir='ltr'><strong>studio</strong></span> <span class='ocrx_word' id='word_1_107' title='bbox 526 1646 556 1698; x_wconf 90' lang='lat' dir='ltr'><strong>el</strong></span> <span class='ocrx_word' id='word_1_108' title='bbox 569 1639 688 1699; x_wconf 85' lang='lat' dir='ltr'><strong>beatam</strong></span> <span class='ocrx_word' id='word_1_109' title='bbox 701 1637 794 1698; x_wconf 67' lang='lat' dir='ltr'><strong>utam</strong></span> <span class='ocrx_word' id='word_1_110' title='bbox 810 1640 945 1713; x_wconf 88' lang='lat' dir='ltr'><strong>perlecta</strong></span> <span class='ocrx_word' id='word_1_111' title='bbox 959 1639 1111 1714; x_wconf 87' lang='lat' dir='ltr'><strong>sapientia</strong></span> 
     </span>
     <span class='ocr_line' id='line_1_17' title="bbox 132 1720 1111 1798; baseline 0.003 -18"><span class='ocrx_word' id='word_1_112' title='bbox 132 1720 237 1792; x_wconf 76' lang='lat' dir='ltr'><strong>ellici,</strong></span> <span class='ocrx_word' id='word_1_113' title='bbox 248 1725 382 1781; x_wconf 91' lang='lat' dir='ltr'><strong>ceterum</strong></span> <span class='ocrx_word' id='word_1_114' title='bbox 394 1722 582 1782; x_wconf 88' lang='lat' dir='ltr'><strong>tolerabilem</strong></span> <span class='ocrx_word' id='word_1_115' title='bbox 595 1721 684 1782; x_wconf 91' lang='lat' dir='ltr'><strong>etiarn</strong></span> <span class='ocrx_word' id='word_1_116' title='bbox 695 1721 846 1782; x_wconf 86' lang='lat' dir='ltr'><strong>inchoata.</strong></span> <span class='ocrx_word' id='word_1_117' title='bbox 869 1723 926 1783; x_wconf 93' lang='lat' dir='ltr'><strong>sed</strong></span> <span class='ocrx_word' id='word_1_118' title='bbox 938 1722 1006 1797; x_wconf 91' lang='lat' dir='ltr'><strong>boc,</strong></span> <span class='ocrx_word' id='word_1_119' title='bbox 1025 1722 1111 1798; x_wconf 91' lang='lat' dir='ltr'><strong>quod</strong></span> 
     </span>
     <span class='ocr_line' id='line_1_18' title="bbox 131 1803 1109 1881; baseline 0.002 -17"><span class='ocrx_word' id='word_1_120' title='bbox 131 1805 242 1879; x_wconf 93' lang='lat' dir='ltr'><strong>liquet,</strong></span> <span class='ocrx_word' id='word_1_121' title='bbox 268 1803 449 1866; x_wconf 83' lang='lat' dir='ltr'><strong>firmandum</strong></span> <span class='ocrx_word' id='word_1_122' title='bbox 470 1814 500 1867; x_wconf 91' lang='lat' dir='ltr'><strong>et</strong></span> <span class='ocrx_word' id='word_1_123' title='bbox 520 1805 610 1867; x_wconf 89' lang='lat' dir='ltr'><strong>altius</strong></span> <span class='ocrx_word' id='word_1_124' title='bbox 631 1805 784 1866; x_wconf 90' lang='lat' dir='ltr'><strong>cotidiana</strong></span> <span class='ocrx_word' id='word_1_125' title='bbox 803 1806 1000 1868; x_wconf 86' lang='lat' dir='ltr'><strong>meditatione</strong></span> <span class='ocrx_word' id='word_1_126' title='bbox 1013 1806 1109 1881; x_wconf 86' lang='lat' dir='ltr'><strong>figen-</strong></span> 
     </span>
     <span class='ocr_line' id='line_1_19' title="bbox 133 1888 1110 1965; baseline 0.002 -17"><span class='ocrx_word' id='word_1_127' title='bbox 133 1888 206 1961; x_wconf 88' lang='lat' dir='ltr'><strong>dum</strong></span> <span class='ocrx_word' id='word_1_128' title='bbox 227 1894 288 1948; x_wconf 79' lang='lat' dir='ltr'><strong>est:</strong></span> <span class='ocrx_word' id='word_1_129' title='bbox 317 1889 387 1963; x_wconf 92' lang='lat' dir='ltr'><strong>plus</strong></span> <span class='ocrx_word' id='word_1_130' title='bbox 409 1890 513 1965; x_wconf 91' lang='lat' dir='ltr'><strong>operis</strong></span> <span class='ocrx_word' id='word_1_131' title='bbox 536 1889 633 1950; x_wconf 88' lang='lat' dir='ltr'><strong>estin</strong></span> <span class='ocrx_word' id='word_1_132' title='bbox 654 1905 708 1963; x_wconf 92' lang='lat' dir='ltr'><strong>eo,</strong></span> <span class='ocrx_word' id='word_1_133' title='bbox 728 1896 763 1949; x_wconf 88' lang='lat' dir='ltr'><strong>ut</strong></span> <span class='ocrx_word' id='word_1_134' title='bbox 778 1888 937 1965; x_wconf 89' lang='lat' dir='ltr'><strong>proposita</strong></span> <span class='ocrx_word' id='word_1_135' title='bbox 953 1889 1110 1950; x_wconf 89' lang='lat' dir='ltr'><strong>custodias</strong></span> 
     </span>
    </p>

    <p class='ocr_par' dir='ltr' id='par_1_5' title="bbox 54 1971 1110 2132">
     <span class='ocr_line' id='line_1_20' title="bbox 54 1971 1109 2048; baseline 0.006 -22"><span class='ocrx_word' id='word_1_136' title='bbox 54 2023 56 2026; x_wconf 77' lang='grc'>,</span> <span class='ocrx_word' id='word_1_137' title='bbox 133 1985 225 2045; x_wconf 89' lang='lat' dir='ltr'><strong>quam</strong></span> <span class='ocrx_word' id='word_1_138' title='bbox 246 1977 279 2032; x_wconf 91' lang='lat' dir='ltr'><strong>ut</strong></span> <span class='ocrx_word' id='word_1_139' title='bbox 299 1971 430 2033; x_wconf 89' lang='lat' dir='ltr'><strong>honesta</strong></span> <span class='ocrx_word' id='word_1_140' title='bbox 449 1989 618 2048; x_wconf 91' lang='lat' dir='ltr'><strong>proponas.</strong></span> <span class='ocrx_word' id='word_1_141' title='bbox 646 1973 908 2048; x_wconf 89' lang='lat' dir='ltr'><strong>perseverandum</strong></span> <span class='ocrx_word' id='word_1_142' title='bbox 921 1979 1014 2033; x_wconf 91' lang='lat' dir='ltr'><strong>estet</strong></span> <span class='ocrx_word' id='word_1_143' title='bbox 1027 1971 1109 2033; x_wconf 89' lang='lat' dir='ltr'><strong>adsi·</strong></span> 
     </span>
     <span class='ocr_line' id='line_1_21' title="bbox 131 2054 1110 2132; baseline 0.003 -18"><span class='ocrx_word' id='word_1_144' title='bbox 131 2054 195 2116; x_wconf 89' lang='lat' dir='ltr'><strong>duo</strong></span> <span class='ocrx_word' id='word_1_145' title='bbox 210 2055 312 2116; x_wconf 92' lang='lat' dir='ltr'><strong>studio</strong></span> <span class='ocrx_word' id='word_1_146' title='bbox 327 2056 422 2117; x_wconf 89' lang='lat' dir='ltr'><strong>robur</strong></span> <span class='ocrx_word' id='word_1_147' title='bbox 438 2057 629 2131; x_wconf 89' lang='lat' dir='ltr'><strong>addendum,</strong></span> <span class='ocrx_word' id='word_1_148' title='bbox 649 2058 749 2117; x_wconf 89' lang='lat' dir='ltr'><strong>donec</strong></span> <span class='ocrx_word' id='word_1_149' title='bbox 760 2056 841 2117; x_wconf 88' lang='lat' dir='ltr'><strong>bona</strong></span> <span class='ocrx_word' id='word_1_150' title='bbox 852 2071 939 2116; x_wconf 91' lang='lat' dir='ltr'><strong>mens</strong></span> <span class='ocrx_word' id='word_1_151' title='bbox 950 2056 1004 2130; x_wconf 91' lang='lat' dir='ltr'><strong>sit,</strong></span> <span class='ocrx_word' id='word_1_152' title='bbox 1026 2056 1110 2132; x_wconf 88' lang='lat' dir='ltr'><strong>quod</strong></span> 
     </span>
    </p>

    <p class='ocr_par' dir='ltr' id='par_1_6' title="bbox 103 2137 1110 2799">
     <span class='ocr_line' id='line_1_22' title="bbox 103 2137 1109 2218; baseline 0.005 -23"><span class='ocrx_word' id='word_1_153' title='bbox 103 2137 213 2198; x_wconf 71' lang='lat' dir='ltr'><strong>ibono</strong></span> <span class='ocrx_word' id='word_1_154' title='bbox 227 2139 368 2201; x_wconf 84' lang='lat' dir='ltr'><strong>voluntas</strong></span> <span class='ocrx_word' id='word_1_155' title='bbox 384 2147 441 2201; x_wconf 91' lang='lat' dir='ltr'><strong>est.</strong></span> <span class='ocrx_word' id='word_1_156' title='bbox 475 2141 581 2216; x_wconf 88' lang='lat' dir='ltr'><strong>Itaque</strong></span> <span class='ocrx_word' id='word_1_157' title='bbox 593 2141 663 2216; x_wconf 83' lang='lat' dir='ltr'><strong>[non</strong></span> <span class='ocrx_word' id='word_1_158' title='bbox 673 2157 747 2216; x_wconf 84' lang='lat' dir='ltr'><strong>opus</strong></span> <span class='ocrx_word' id='word_1_159' title='bbox 757 2140 811 2218; x_wconf 80' lang='lat' dir='ltr'><strong>esi]</strong></span> <span class='ocrx_word' id='word_1_160' title='bbox 824 2139 876 2199; x_wconf 89' lang='lat' dir='ltr'><strong>tibi</strong></span> <span class='ocrx_word' id='word_1_161' title='bbox 887 2140 971 2215; x_wconf 91' lang='lat' dir='ltr'><strong>apud</strong></span> <span class='ocrx_word' id='word_1_162' title='bbox 982 2155 1032 2201; x_wconf 91' lang='lat' dir='ltr'><strong>me</strong></span> <span class='ocrx_word' id='word_1_163' title='bbox 1043 2140 1109 2215; x_wconf 91' lang='lat' dir='ltr'><strong>plu·</strong></span> 
     </span>
     <span class='ocr_line' id='line_1_23' title="bbox 130 2221 1110 2298; baseline 0.001 -17"><span class='ocrx_word' id='word_1_164' title='bbox 130 2221 216 2282; x_wconf 90' lang='lat' dir='ltr'><strong>ribus</strong></span> <span class='ocrx_word' id='word_1_165' title='bbox 237 2223 340 2283; x_wconf 92' lang='lat' dir='ltr'><strong>verbis</strong></span> <span class='ocrx_word' id='word_1_166' title='bbox 361 2231 394 2284; x_wconf 82' lang='lat' dir='ltr'><strong>ut</strong></span> <span class='ocrx_word' id='word_1_167' title='bbox 413 2224 602 2284; x_wconf 82' lang='lat' dir='ltr'><strong>adfirmantis</strong></span> <span class='ocrx_word' id='word_1_168' title='bbox 624 2229 759 2284; x_wconf 88' lang='lat' dir='ltr'><strong>nectam</strong></span> <span class='ocrx_word' id='word_1_169' title='bbox 781 2223 896 2298; x_wconf 76' lang='lat' dir='ltr'><strong>longis:</strong></span> <span class='ocrx_word' id='word_1_170' title='bbox 919 2223 1063 2298; x_wconf 88' lang='lat' dir='ltr'><strong>intellego</strong></span> <span class='ocrx_word' id='word_1_171' title='bbox 1080 2230 1110 2284; x_wconf 89' lang='lat' dir='ltr'><strong>te</strong></span> 
     </span>
     <span class='ocr_line' id='line_1_24' title="bbox 132 2303 1108 2383; baseline -0.002 -18"><span class='ocrx_word' id='word_1_172' title='bbox 132 2307 257 2367; x_wconf 91' lang='lat' dir='ltr'><strong>multum</strong></span> <span class='ocrx_word' id='word_1_173' title='bbox 283 2308 464 2382; x_wconf 86' lang='lat' dir='ltr'><strong>proiecisse.</strong></span> <span class='ocrx_word' id='word_1_174' title='bbox 494 2323 575 2383; x_wconf 88' lang='lat' dir='ltr'><strong>quae</strong></span> <span class='ocrx_word' id='word_1_175' title='bbox 600 2306 724 2380; x_wconf 87' lang='lat' dir='ltr'><strong>scribis,</strong></span> <span class='ocrx_word' id='word_1_176' title='bbox 753 2308 835 2367; x_wconf 93' lang='lat' dir='ltr'><strong>unde</strong></span> <span class='ocrx_word' id='word_1_177' title='bbox 860 2303 1000 2380; x_wconf 88' lang='lat' dir='ltr'><strong>veniant,</strong></span> <span class='ocrx_word' id='word_1_178' title='bbox 1029 2306 1108 2366; x_wconf 66' lang='lat' dir='ltr'><strong>scios</strong></span> 
     </span>
     <span class='ocr_line' id='line_1_25' title="bbox 131 2387 1108 2452; baseline -0.002 -3"><span class='ocrx_word' id='word_1_179' title='bbox 131 2406 193 2450; x_wconf 95' lang='lat' dir='ltr'><strong>non</strong></span> <span class='ocrx_word' id='word_1_180' title='bbox 219 2399 292 2451; x_wconf 88' lang='lat' dir='ltr'><strong>sunt</strong></span> <span class='ocrx_word' id='word_1_181' title='bbox 315 2391 387 2452; x_wconf 89' lang='lat' dir='ltr'><strong>ficta</strong></span> <span class='ocrx_word' id='word_1_182' title='bbox 411 2406 469 2451; x_wconf 89' lang='lat' dir='ltr'><strong>nec</strong></span> <span class='ocrx_word' id='word_1_183' title='bbox 495 2392 639 2452; x_wconf 89' lang='lat' dir='ltr'><strong>colorata.</strong></span> <span class='ocrx_word' id='word_1_184' title='bbox 670 2391 768 2450; x_wconf 90' lang='lat' dir='ltr'><strong>dicam</strong></span> <span class='ocrx_word' id='word_1_185' title='bbox 791 2398 892 2451; x_wconf 89' lang='lat' dir='ltr'><strong>tamen</strong></span> <span class='ocrx_word' id='word_1_186' title='bbox 913 2387 1108 2451; x_wconf 74' lang='lat' dir='ltr'><strong>sententiam:</strong></span> 
     </span>
     <span class='ocr_line' id='line_1_26' title="bbox 134 2472 1109 2553; baseline 0.001 -20"><span class='ocrx_word' id='word_1_187' title='bbox 134 2473 241 2553; x_wconf 89' lang='lat' dir='ltr'><strong>[quod]</strong></span> <span class='ocrx_word' id='word_1_188' title='bbox 256 2474 315 2535; x_wconf 91' lang='lat' dir='ltr'><strong>iam</strong></span> <span class='ocrx_word' id='word_1_189' title='bbox 331 2475 370 2535; x_wconf 91' lang='lat' dir='ltr'><strong>de</strong></span> <span class='ocrx_word' id='word_1_190' title='bbox 384 2483 414 2535; x_wconf 92' lang='lat' dir='ltr'><strong>te</strong></span> <span class='ocrx_word' id='word_1_191' title='bbox 429 2490 517 2550; x_wconf 89' lang='lat' dir='ltr'><strong>spem</strong></span> <span class='ocrx_word' id='word_1_192' title='bbox 531 2474 647 2548; x_wconf 90' lang='lat' dir='ltr'><strong>habeo,</strong></span> <span class='ocrx_word' id='word_1_193' title='bbox 664 2474 802 2533; x_wconf 91' lang='lat' dir='ltr'><strong>nondum</strong></span> <span class='ocrx_word' id='word_1_194' title='bbox 812 2472 966 2534; x_wconf 88' lang='lat' dir='ltr'><strong>fiduciam.</strong></span> <span class='ocrx_word' id='word_1_195' title='bbox 988 2480 1023 2534; x_wconf 89' lang='lat' dir='ltr'><strong>tu</strong></span> <span class='ocrx_word' id='word_1_196' title='bbox 1034 2488 1109 2548; x_wconf 91' lang='lat' dir='ltr'><strong>quo·</strong></span> 
     </span>
     <span class='ocr_line' id='line_1_27' title="bbox 133 2555 1109 2632; baseline -0.002 -14"><span class='ocrx_word' id='word_1_197' title='bbox 133 2574 193 2632; x_wconf 87' lang='lat' dir='ltr'><strong>que</strong></span> <span class='ocrx_word' id='word_1_198' title='bbox 213 2559 294 2618; x_wconf 91' lang='lat' dir='ltr'><strong>idem</strong></span> <span class='ocrx_word' id='word_1_199' title='bbox 315 2558 411 2617; x_wconf 86' lang='lat' dir='ltr'><strong>iacias</strong></span> <span class='ocrx_word' id='word_1_200' title='bbox 432 2559 520 2617; x_wconf 78' lang='lat' dir='ltr'><strong>volo:</strong></span> <span class='ocrx_word' id='word_1_201' title='bbox 549 2573 609 2616; x_wconf 93' lang='lat' dir='ltr'><strong>non</strong></span> <span class='ocrx_word' id='word_1_202' title='bbox 632 2565 693 2628; x_wconf 89' lang='lat' dir='ltr'><strong>est,</strong></span> <span class='ocrx_word' id='word_1_203' title='bbox 717 2558 802 2632; x_wconf 89' lang='lat' dir='ltr'><strong>quod</strong></span> <span class='ocrx_word' id='word_1_204' title='bbox 822 2555 876 2617; x_wconf 92' lang='lat' dir='ltr'><strong>tibi</strong></span> <span class='ocrx_word' id='word_1_205' title='bbox 899 2557 958 2616; x_wconf 87' lang='lat' dir='ltr'><strong>cito</strong></span> <span class='ocrx_word' id='word_1_206' title='bbox 974 2563 1004 2616; x_wconf 92' lang='lat' dir='ltr'><strong>et</strong></span> <span class='ocrx_word' id='word_1_207' title='bbox 1021 2556 1109 2616; x_wconf 88' lang='lat' dir='ltr'><strong>lacile</strong></span> 
     </span>
     <span class='ocr_line' id='line_1_28' title="bbox 133 2637 1110 2702; baseline -0.001 -3"><span class='ocrx_word' id='word_1_208' title='bbox 133 2642 253 2701; x_wconf 88' lang='lat' dir='ltr'><strong>credas.</strong></span> <span class='ocrx_word' id='word_1_209' title='bbox 280 2650 390 2700; x_wconf 87' lang='lat' dir='ltr'><strong>excute</strong></span> <span class='ocrx_word' id='word_1_210' title='bbox 415 2647 496 2700; x_wconf 86' lang='lat' dir='ltr'><strong>teet</strong></span> <span class='ocrx_word' id='word_1_211' title='bbox 520 2639 604 2699; x_wconf 88' lang='lat' dir='ltr'><strong>varie</strong></span> <span class='ocrx_word' id='word_1_212' title='bbox 630 2647 767 2702; x_wconf 88' lang='lat' dir='ltr'><strong>scrutare</strong></span> <span class='ocrx_word' id='word_1_213' title='bbox 787 2648 817 2701; x_wconf 93' lang='lat' dir='ltr'><strong>et</strong></span> <span class='ocrx_word' id='word_1_214' title='bbox 836 2640 984 2701; x_wconf 67' lang='lat' dir='ltr'><strong>observa</strong></span> <span class='ocrx_word' id='word_1_215' title='bbox 1011 2637 1110 2699; x_wconf 92' lang='lat' dir='ltr'><strong>illud</strong></span> 
     </span>
     <span class='ocr_line' id='line_1_29' title="bbox 132 2722 1108 2799; baseline -0.001 -17"><span class='ocrx_word' id='word_1_216' title='bbox 132 2731 219 2784; x_wconf 89' lang='lat' dir='ltr'><strong>ante</strong></span> <span class='ocrx_word' id='word_1_217' title='bbox 247 2723 373 2783; x_wconf 89' lang='lat' dir='ltr'><strong>omnia</strong></span> <span class='ocrx_word' id='word_1_218' title='bbox 396 2723 500 2797; x_wconf 89' lang='lat' dir='ltr'><strong>vide,</strong></span> <span class='ocrx_word' id='word_1_219' title='bbox 528 2732 653 2784; x_wconf 89' lang='lat' dir='ltr'><strong>utrum</strong></span> <span class='ocrx_word' id='word_1_220' title='bbox 673 2725 707 2784; x_wconf 91' lang='lat' dir='ltr'><strong>in</strong></span> <span class='ocrx_word' id='word_1_221' title='bbox 731 2722 987 2799; x_wconf 88' lang='lat' dir='ltr'><strong>philosophia</strong></span> <span class='ocrx_word' id='word_1_222' title='bbox 1008 2738 1054 2782; x_wconf 89' lang='lat' dir='ltr'><strong>an</strong></span> <span class='ocrx_word' id='word_1_223' title='bbox 1072 2723 1108 2781; x_wconf 93' lang='lat' dir='ltr'><strong>in</strong></span> 
     </span>
    </p>

    <p class='ocr_par' dir='ltr' id='par_1_7' title="bbox 102 2804 1110 3552">
     <span class='ocr_line' id='line_1_30' title="bbox 102 2804 1109 2882; baseline -0.004 -13"><span class='ocrx_word' id='word_1_224' title='bbox 102 2804 221 2880; x_wconf 73' lang='lat' dir='ltr'><strong>eipso</strong></span> <span class='ocrx_word' id='word_1_225' title='bbox 239 2806 322 2867; x_wconf 87' lang='lat' dir='ltr'><strong>vita</strong></span> <span class='ocrx_word' id='word_1_226' title='bbox 344 2807 575 2880; x_wconf 84' lang='lat' dir='ltr'><strong>proieceris.</strong></span> <span class='ocrx_word' id='word_1_227' title='bbox 607 2808 674 2867; x_wconf 90' lang='lat' dir='ltr'><strong>Non</strong></span> <span class='ocrx_word' id='word_1_228' title='bbox 690 2815 737 2868; x_wconf 90' lang='lat' dir='ltr'><strong>est</strong></span> <span class='ocrx_word' id='word_1_229' title='bbox 750 2805 945 2882; x_wconf 89' lang='lat' dir='ltr'><strong>philosophia</strong></span> <span class='ocrx_word' id='word_1_230' title='bbox 959 2807 1109 2882; x_wconf 88' lang='lat' dir='ltr'><strong>populare</strong></span> 
     </span>
     <span class='ocr_line' id='line_1_31' title="bbox 132 2888 1109 2966; baseline -0.001 -18"><span class='ocrx_word' id='word_1_231' title='bbox 132 2889 292 2950; x_wconf 85' lang='lat' dir='ltr'><strong>artificium</strong></span> <span class='ocrx_word' id='word_1_232' title='bbox 314 2904 371 2949; x_wconf 90' lang='lat' dir='ltr'><strong>nec</strong></span> <span class='ocrx_word' id='word_1_233' title='bbox 392 2889 586 2952; x_wconf 91' lang='lat' dir='ltr'><strong>ostentationi</strong></span> <span class='ocrx_word' id='word_1_234' title='bbox 607 2899 755 2966; x_wconf 88' lang='lat' dir='ltr'><strong>paratum.</strong></span> <span class='ocrx_word' id='word_1_235' title='bbox 782 2907 843 2951; x_wconf 93' lang='lat' dir='ltr'><strong>non</strong></span> <span class='ocrx_word' id='word_1_236' title='bbox 864 2889 894 2950; x_wconf 91' lang='lat' dir='ltr'><strong>in</strong></span> <span class='ocrx_word' id='word_1_237' title='bbox 910 2889 1029 2962; x_wconf 87' lang='lat' dir='ltr'><strong>verbis,</strong></span> <span class='ocrx_word' id='word_1_238' title='bbox 1053 2888 1109 2951; x_wconf 87' lang='lat' dir='ltr'><strong>sed</strong></span> 
     </span>
     <span class='ocr_line' id='line_1_32' title="bbox 131 2971 1108 3048; baseline -0.001 -15"><span class='ocrx_word' id='word_1_239' title='bbox 131 2973 163 3033; x_wconf 94' lang='lat' dir='ltr'><strong>in</strong></span> <span class='ocrx_word' id='word_1_240' title='bbox 184 2973 277 3033; x_wconf 91' lang='lat' dir='ltr'><strong>rebus</strong></span> <span class='ocrx_word' id='word_1_241' title='bbox 298 2980 354 3034; x_wconf 89' lang='lat' dir='ltr'><strong>est.</strong></span> <span class='ocrx_word' id='word_1_242' title='bbox 387 2990 445 3035; x_wconf 91' lang='lat' dir='ltr'><strong>nec</strong></span> <span class='ocrx_word' id='word_1_243' title='bbox 465 2975 495 3033; x_wconf 92' lang='lat' dir='ltr'><strong>in</strong></span> <span class='ocrx_word' id='word_1_244' title='bbox 510 2975 570 3035; x_wconf 89' lang='lat' dir='ltr'><strong>hoc</strong></span> <span class='ocrx_word' id='word_1_245' title='bbox 586 2975 753 3048; x_wconf 84' lang='lat' dir='ltr'><strong>adhibetur,</strong></span> <span class='ocrx_word' id='word_1_246' title='bbox 777 2982 810 3035; x_wconf 91' lang='lat' dir='ltr'><strong>ut</strong></span> <span class='ocrx_word' id='word_1_247' title='bbox 827 2977 920 3046; x_wconf 82' lang='lat' dir='ltr'><strong>[cum]</strong></span> <span class='ocrx_word' id='word_1_248' title='bbox 936 2973 1039 3048; x_wconf 90' lang='lat' dir='ltr'><strong>aliqua</strong></span> <span class='ocrx_word' id='word_1_249' title='bbox 1056 2971 1108 3033; x_wconf 82' lang='lat' dir='ltr'><strong>ob</strong></span> 
     </span>
     <span class='ocr_line' id='line_1_33' title="bbox 132 3055 1109 3132; baseline -0.001 -17"><span class='ocrx_word' id='word_1_250' title='bbox 132 3056 294 3119; x_wconf 87' lang='lat' dir='ltr'><strong>lactatione</strong></span> <span class='ocrx_word' id='word_1_251' title='bbox 309 3066 505 3119; x_wconf 87' lang='lat' dir='ltr'><strong>consumatur</strong></span> <span class='ocrx_word' id='word_1_252' title='bbox 520 3058 602 3132; x_wconf 89' lang='lat' dir='ltr'><strong>dies,</strong></span> <span class='ocrx_word' id='word_1_253' title='bbox 619 3066 651 3118; x_wconf 91' lang='lat' dir='ltr'><strong>ul</strong></span> <span class='ocrx_word' id='word_1_254' title='bbox 665 3058 803 3118; x_wconf 89' lang='lat' dir='ltr'><strong>dematur</strong></span> <span class='ocrx_word' id='word_1_255' title='bbox 817 3057 879 3117; x_wconf 91' lang='lat' dir='ltr'><strong>otio</strong></span> <span class='ocrx_word' id='word_1_256' title='bbox 893 3055 1019 3117; x_wconf 83' lang='lat' dir='ltr'><strong>nausia:</strong></span> <span class='ocrx_word' id='word_1_257' title='bbox 1045 3055 1109 3116; x_wconf 89' lang='lat' dir='ltr'><strong>ani·</strong></span> 
     </span>
     <span class='ocr_line' id='line_1_34' title="bbox 132 3140 1109 3216; baseline -0.002 -16"><span class='ocrx_word' id='word_1_258' title='bbox 132 3157 214 3202; x_wconf 91' lang='lat' dir='ltr'><strong>mum</strong></span> <span class='ocrx_word' id='word_1_259' title='bbox 236 3141 345 3202; x_wconf 84' lang='lat' dir='ltr'><strong>format</strong></span> <span class='ocrx_word' id='word_1_260' title='bbox 365 3149 396 3202; x_wconf 86' lang='lat' dir='ltr'><strong>et</strong></span> <span class='ocrx_word' id='word_1_261' title='bbox 416 3142 558 3214; x_wconf 82' lang='lat' dir='ltr'><strong>lubricat,</strong></span> <span class='ocrx_word' id='word_1_262' title='bbox 583 3142 675 3201; x_wconf 89' lang='lat' dir='ltr'><strong>vitam</strong></span> <span class='ocrx_word' id='word_1_263' title='bbox 694 3141 843 3216; x_wconf 90' lang='lat' dir='ltr'><strong>disponit,</strong></span> <span class='ocrx_word' id='word_1_264' title='bbox 866 3141 1003 3201; x_wconf 81' lang='lat' dir='ltr'><strong>actiones</strong></span> <span class='ocrx_word' id='word_1_265' title='bbox 1022 3140 1109 3214; x_wconf 85' lang='lat' dir='ltr'><strong>regit,</strong></span> 
     </span>
     <span class='ocr_line' id='line_1_35' title="bbox 132 3223 1110 3300; baseline 0 -16"><span class='ocrx_word' id='word_1_266' title='bbox 132 3225 252 3300; x_wconf 88' lang='lat' dir='ltr'><strong>agenda</strong></span> <span class='ocrx_word' id='word_1_267' title='bbox 266 3232 297 3285; x_wconf 88' lang='lat' dir='ltr'><strong>et</strong></span> <span class='ocrx_word' id='word_1_268' title='bbox 313 3226 479 3287; x_wconf 89' lang='lat' dir='ltr'><strong>omittenda</strong></span> <span class='ocrx_word' id='word_1_269' title='bbox 492 3226 693 3295; x_wconf 89' lang='lat' dir='ltr'><strong>demonstrat,</strong></span> <span class='ocrx_word' id='word_1_270' title='bbox 714 3225 801 3285; x_wconf 93' lang='lat' dir='ltr'><strong>sedet</strong></span> <span class='ocrx_word' id='word_1_271' title='bbox 814 3224 853 3283; x_wconf 92' lang='lat' dir='ltr'><strong>ad</strong></span> <span class='ocrx_word' id='word_1_272' title='bbox 868 3223 1110 3299; x_wconf 81' lang='lat' dir='ltr'><strong>gubernaculum</strong></span> 
     </span>
     <span class='ocr_line' id='line_1_36' title="bbox 132 3305 1110 3385; baseline -0.004 -16"><span class='ocrx_word' id='word_1_273' title='bbox 132 3315 163 3369; x_wconf 91' lang='lat' dir='ltr'><strong>et</strong></span> <span class='ocrx_word' id='word_1_274' title='bbox 177 3325 233 3384; x_wconf 92' lang='lat' dir='ltr'><strong>per</strong></span> <span class='ocrx_word' id='word_1_275' title='bbox 247 3308 391 3385; x_wconf 91' lang='lat' dir='ltr'><strong>ancipitia</strong></span> <span class='ocrx_word' id='word_1_276' title='bbox 405 3307 613 3370; x_wconf 88' lang='lat' dir='ltr'><strong>fluctuantium</strong></span> <span class='ocrx_word' id='word_1_277' title='bbox 627 3308 728 3382; x_wconf 80' lang='lat' dir='ltr'><strong>dirigit</strong></span> <span class='ocrx_word' id='word_1_278' title='bbox 742 3324 874 3368; x_wconf 89' lang='lat' dir='ltr'><strong>cursum.</strong></span> <span class='ocrx_word' id='word_1_279' title='bbox 903 3307 970 3367; x_wconf 90' lang='lat' dir='ltr'><strong>sine</strong></span> <span class='ocrx_word' id='word_1_280' title='bbox 984 3305 1043 3366; x_wconf 89' lang='lat' dir='ltr'><strong>hae</strong></span> <span class='ocrx_word' id='word_1_281' title='bbox 1056 3321 1110 3364; x_wconf 90' lang='lat' dir='ltr'><strong>ne-</strong></span> 
     </span>
     <span class='ocr_line' id='line_1_37' title="bbox 132 3387 1110 3468; baseline -0.001 -18"><span class='ocrx_word' id='word_1_282' title='bbox 132 3406 182 3451; x_wconf 91' lang='lat' dir='ltr'><strong>mo</strong></span> <span class='ocrx_word' id='word_1_283' title='bbox 204 3392 355 3468; x_wconf 89' lang='lat' dir='ltr'><strong>intrepide</strong></span> <span class='ocrx_word' id='word_1_284' title='bbox 369 3399 472 3468; x_wconf 91' lang='lat' dir='ltr'><strong>potest</strong></span> <span class='ocrx_word' id='word_1_285' title='bbox 487 3392 604 3466; x_wconf 86' lang='lat' dir='ltr'><strong>vivere,</strong></span> <span class='ocrx_word' id='word_1_286' title='bbox 627 3408 716 3452; x_wconf 90' lang='lat' dir='ltr'><strong>nemo</strong></span> <span class='ocrx_word' id='word_1_287' title='bbox 732 3407 855 3452; x_wconf 77' lang='lat' dir='ltr'><strong>secure:</strong></span> <span class='ocrx_word' id='word_1_288' title='bbox 877 3387 1110 3452; x_wconf 85' lang='lat' dir='ltr'><strong>innumerabilia</strong></span> 
     </span>
     <span class='ocr_line' id='line_1_38' title="bbox 132 3472 1110 3552; baseline -0.002 -17"><span class='ocrx_word' id='word_1_289' title='bbox 132 3473 275 3537; x_wconf 86' lang='lat' dir='ltr'><strong>accidunt</strong></span> <span class='ocrx_word' id='word_1_290' title='bbox 296 3475 425 3551; x_wconf 75' lang='lat' dir='ltr'><strong>singnis</strong></span> <span class='ocrx_word' id='word_1_291' title='bbox 444 3475 544 3552; x_wconf 89' lang='lat' dir='ltr'><strong>horis,</strong></span> <span class='ocrx_word' id='word_1_292' title='bbox 575 3491 654 3552; x_wconf 91' lang='lat' dir='ltr'><strong>quae</strong></span> <span class='ocrx_word' id='word_1_293' title='bbox 675 3474 835 3537; x_wconf 88' lang='lat' dir='ltr'><strong>consilium</strong></span> <span class='ocrx_word' id='word_1_294' title='bbox 857 3474 996 3550; x_wconf 82' lang='lat' dir='ltr'><strong>exigant,</strong></span> <span class='ocrx_word' id='word_1_295' title='bbox 1024 3472 1110 3548; x_wconf 93' lang='lat' dir='ltr'><strong>quod</strong></span> 
     </span>
    </p>
   </div>
   <div class='ocr_carea' id='block_1_5' title="bbox 0 0 1238 3930">
    <p class='ocr_par' dir='ltr' id='par_1_8' title="bbox 0 0 1238 3930">
     <span class='ocr_line' id='line_1_39' title="bbox 0 0 1238 3930; baseline 0 0"><span class='ocrx_word' id='word_1_296' title='bbox 0 0 1238 3930; x_wconf 95' lang='lat' dir='ltr'><strong> </strong></span> 
     </span>
    </p>
   </div>
  </div>
 </body>
</html>
