2468 3930
142 257 205 322 150
428 254 462 314 L.
482 255 630 315 ΑΝΝΑΕΙ
653 253 829 320 SENECAE

141 410 328 486 serpentium
344 423 449 468 morsu
464 415 517 466 aut
531 407 645 468 tructos
660 407 747 466 ruina
761 416 814 466 aut
834 421 889 482 per
908 408 1032 482 longam
1046 422 1116 469 ner·

140 512 248 556 vorum
264 492 502 553 contractionem
517 498 654 551 extortos
670 490 851 551 minutatlm=
870 490 1041 566 aliquorum
1053 507 1116 552 me-

141 581 199 641 lior
220 578 295 646 dici,
317 575 488 650 aliquorum
510 575 596 649 peior
623 580 725 650 polest
745 575 860 635 exitus:
882 590 966 636 mors
991 574 1118 651 quidem

142 662 276 725 omnium
292 676 347 735 par
364 667 421 720 εει
459 674 513 734 per
534 674 612 733 quae
633 657 731 730 venit,
753 657 877 719 diversa
897 665 983 719 suut=
1007 659 1064 733 [id]
1085 659 1117 720 in

142 747 230 823 quod
242 745 400 815 desinunt,
424 759 516 803 unum
537 751 593 803 est.
637 741 722 802 Mors
742 742 825 802 nulla
842 742 939 802 maior
954 748 1007 803 aut
1019 744 1118 803 minor

142 838 206 892 est=
238 829 330 887 habet
353 828 432 886 enim
457 826 597 887 eumdem
622 825 653 885 in
680 825 822 886 omnibus
846 827 986 898 modum,
1010 827 1119 887 finisse

100 915 244 976 ttritam.
276 912 359 971 Idem
379 910 430 970 tibi
446 911 588 970 debonis
605 910 690 969 dico:
713 909 773 970 hoc
793 910 907 970 bonum
923 910 1001 970 inter
1016 927 1117 972 meras

143 998 326 1070 voluptates,
342 995 401 1054 hoc
412 1001 460 1054 est
469 993 547 1054 inter
558 993 656 1054 tristia
667 1001 696 1053 et
706 994 828 1055 acerba.
843 994 918 1054 illud
926 995 1117 1061 lorlunaeiu-

30 1152 33 1158 Ι
144 1080 329 1154 dulgentiam
339 1079 425 1149 rexit,
439 1078 498 1138 hoc
512 1077 686 1139 violentiam
699 1077 830 1137 domuit:
845 1085 1009 1153 utrumque
1019 1093 1119 1153 aeque

143 1165 257 1225 bonum
269 1170 331 1235 εει,
347 1162 486 1237 quamvls
506 1161 580 1220 illud
599 1163 689 1236 plana
711 1162 907 1234 emolliverit,
922 1161 982 1222 hoc
996 1177 1119 1236 aspera.

144 1249 227 1308 ldem
238 1247 308 1306 linis
321 1246 455 1305 omnium
466 1250 527 1304 est:
542 1244 625 1305 bona
638 1252 717 1317 sunt,
725 1245 879 1305 laudanda
889 1253 970 1318 sunt,
977 1245 1119 1306 virtulem

143 1333 354 1403 rationemque
366 1328 562 1389 comitantur:
582 1329 678 1388 virtus
689 1335 803 1403 aequat
815 1328 896 1389 inter
907 1345 951 1401 se,
972 1329 1120 1404 quicquid

101 1426 136 1481 45
146 1414 295 1489 agnoscit,
339 1411 400 1469 Nec
415 1418 477 1482 est,
500 1427 594 1484 quare
608 1411 667 1471 hoc
684 1413 762 1472 inter
776 1420 882 1474 nostra
900 1413 1014 1488 placita
1030 1413 1119 1473 mire·

144 1500 203 1557 ris:
225 1495 308 1570 apud
323 1493 488 1567 Epicurum
504 1495 565 1554 duo
581 1496 663 1555 bona
678 1504 763 1568 sunt,
786 1512 825 1555 ex
840 1497 952 1572 quibus
967 1513 1121 1559 sumtuum

144 1580 218 1639 illud
235 1579 417 1652 beatumque
432 1578 627 1653 componitur,
650 1588 702 1653 „ul
722 1595 836 1654 corpus
858 1581 926 1640 sine
947 1579 1057 1640 dolore
1072 1580 1119 1654 sil,

145 1664 264 1723 animus
287 1663 353 1721 sine
375 1661 631 1736 perturbatione.“
676 1663 753 1723 haec
774 1664 858 1724 bona
880 1679 940 1723 non
967 1670 1119 1736 crescunt,

146 1748 171 1807 sl
191 1749 282 1822 plena
296 1753 378 1806 sunt:
402 1762 463 1819 quo
479 1745 559 1804 enim
574 1754 708 1818 crescet,
732 1747 818 1822 quod
832 1749 954 1822 plenum
971 1753 1040 1808 est‘l
1065 1747 1120 1808 do

145 1833 211 1891 lore
232 1846 345 1904 corpus
369 1836 467 1889 caret:
496 1828 570 1903 quid
591 1830 630 1889 ad
650 1829 729 1890 hanc
750 1832 901 1891 accedere
924 1831 1121 1891 indolentiam

147 1921 269 1990 potest?
304 1913 422 1973 animus
437 1921 558 1973 constat
579 1913 637 1972 sibi
655 1921 686 1974 ει
700 1913 839 1987 placidus
854 1922 917 1976 est:
940 1914 1013 1989 quid
1031 1929 1118 1974 acce·

102 1999 219 2064 rodere
244 1999 283 2057 ad
315 1997 393 2055 hanc
421 1996 667 2070 tranquillitatem
694 2005 816 2072 potesta
858 1997 1122 2071 Quemadmodum

146 2083 296 2144 serenitas
317 2081 394 2140 coeli
415 2097 476 2140 non
497 2082 606 2155 recipit
626 2081 770 2141 maiorem
791 2081 891 2141 adhuc
909 2081 1119 2141 claritabemin

146 2164 385 2227 sincerissimum
414 2163 542 2225 nitorem
567 2171 744 2239 repurgataz
776 2165 822 2225 sic
846 2165 977 2225 hominis
1005 2179 1120 2240 eorpus

146 2250 341 2324 animumque
356 2249 490 2309 curantis
505 2256 536 2309 et
551 2249 663 2308 bonum
686 2265 776 2308 suum
795 2264 834 2308 ex
852 2257 982 2324 utroque
997 2256 1120 2310 necteus

147 2336 184 2396 tis
206 2335 361 2408 perlectus
382 2341 430 2393 εει
450 2339 547 2392 ειειεε
569 2340 600 2393 ει
619 2349 767 2393 summam
787 2334 851 2393 voti
872 2332 921 2392 sui
940 2332 1070 2406 invenit,
1094 2332 1121 2392 si

145 2435 203 2479 nec
223 2427 327 2478 aestus
349 2418 449 2477 animo
475 2424 600 2477 estnec
627 2417 716 2476 dolor
741 2417 874 2491 corpori.
910 2415 1020 2491 siqua
1034 2421 1122 2475 extra

145 2503 351 2562 blandimenta
377 2501 568 2574 contingunt,
597 2516 657 2561 non
684 2507 796 2575 augent
821 2515 972 2560 summum
996 2500 1120 2572 bonum,

147 2587 215 2658 sed,
232 2594 264 2645 ut
278 2586 320 2644 ita
333 2584 449 2655 dIcam,
465 2584 611 2644 condiunt
624 2591 654 2643 et
671 2585 833 2645 oblectant.
855 2584 1029 2644 absolutum
1040 2584 1120 2642 enim

147 2669 220 2726 illud
246 2667 397 2726 humanae
421 2675 548 2726 naturae
572 2666 686 2727 bonum
710 2669 850 2742 corporis
872 2675 902 2727 ει
926 2667 1017 2726 animi
1044 2681 1121 2742 pace

106 2761 138 2818 tt
146 2757 326 2810 contentum
336 2757 392 2808 εει.
437 2750 522 2809 Dabo
538 2750 619 2824 apud
635 2751 799 2824 Epicurum
813 2749 868 2812 tibi
890 2751 1065 2811 etiamnunc
1080 2749 1120 2812 sl-

146 2832 298 2893 millimam
320 2832 390 2892 huic
410 2841 535 2893 nostrae
557 2833 737 2894 divisionem
764 2836 931 2897 bonorum=
953 2836 1012 2894 alia
1029 2833 1121 2895 'enim

146 2924 217 2977 sunt
232 2918 314 2989 apud
330 2918 424 2988 illurn,
449 2933 529 2992 quae
545 2918 628 2977 malit
642 2921 819 2993 contingere
833 2919 905 2990 sibi,
929 2925 962 2979 ut
979 2915 1120 2992 corporis

147 3002 278 3077 quietem
301 3001 340 3060 ab
360 3001 441 3060 omni
462 3002 655 3063 incommodo
675 3002 800 3063 liberam
816 3010 847 3063 et
861 3001 951 3062 animi
964 3001 1120 3063 remissio-

147 3103 216 3147 nem
240 3084 390 3145 bonorum
417 3102 543 3146 suorum
568 3087 824 3160 contemplatione
849 3086 1028 3160 gaudentis:
1061 3083 1122 3147 aba

147 3177 232 3241 sunl,
254 3186 334 3244 quae
360 3170 499 3243 quamvls
526 3171 601 3231 nolit
621 3171 777 3241 accidere,
800 3169 995 3231 nibilominus
1018 3167 1123 3229 laudat

147 3264 177 3314 ει
192 3254 378 3328 conprobat,
395 3261 547 3329 tamquam
563 3255 658 3328 illam,
675 3272 766 3329 quam
783 3256 873 3328 paulo
886 3261 955 3314 ante
969 3252 1121 3324 dicebam,

146 3340 244 3398 malac
265 3337 439 3398 valitudinis
461 3346 491 3398 el
512 3340 651 3399 dolorum
673 3339 924 3412 gravissimorum
944 3334 1121 3412 perpessio·

147 3439 231 3493 nem,
254 3423 284 3480 in
302 3439 363 3495 qua
375 3422 527 3496 Epicurus
543 3423 598 3483 luit
617 3423 668 3482 illo
689 3439 807 3482 summo
828 3437 865 3482 ac
879 3419 1121 3482 fortunatissimo

144 3504 198 3564 die
212 3520 280 3565 suo.
325 3504 367 3564 ait
385 3505 467 3565 enim
487 3522 542 3581 „se
556 3506 678 3567 vesicae
697 3516 728 3567 ει
744 3506 910 3568 exulcerati
930 3503 1045 3567 ventris
1059 3510 1122 3565 tor·
