2468 3930
138 246 159 309 6
406 248 440 306 L.
461 247 608 307 ANNAEl
628 245 803 307 SENECAE

138 402 237 464 antico
256 416 363 463 omnes
380 416 482 474 curas,
505 415 611 460 omnes
627 397 828 473 cogitationes
842 405 911 459 tuas
926 398 1031 460 misce.
1065 399 1114 460 Fi·

138 487 238 547 delem
259 484 286 545 si
310 485 481 560 putaveris,
503 484 608 543 iacies.
636 498 712 550 ‚narn
735 483 858 557 quidam
880 483 985 542 tallere
999 484 1114 544 docue-

137 577 221 643 runt,
237 569 308 629 dum
323 569 428 628 timent
442 567 518 641 falli,
539 575 569 628 et
582 564 625 626 illi
639 566 687 627 ius
701 565 852 641 peccandi
866 566 1055 641 suspicando
1071 569 1115 628 le·

137 660 254 714 cerunt.
277 651 353 726 Quid
370 660 431 725 est,
448 666 543 726 quare
559 665 617 724 ego
632 652 693 709 ulla
706 649 801 709 verba
811 665 915 710 coram
931 651 1029 712 amico
1044 668 1115 713 meo

137 735 312 796 retraham?
340 736 491 810 quidest,
513 749 609 809 quare
623 748 672 792 me
687 747 791 793 coram
803 733 855 793 illo
868 749 930 794 non
944 741 1048 809 putem
1064 751 1114 796 so·

107 821 219 882 llum?
243 819 370 894 Quidam
383 834 462 893 quac
476 825 592 879 tantum
605 817 713 877 amicis
729 817 943 879 committenda
958 826 1045 893 sunt,
1061 820 1114 880 oh·

136 904 196 963 viis
222 909 344 963 narrant
368 909 398 962 et
421 903 452 961 in
478 901 630 977 quaslibet
651 915 757 976 aures,
784 899 933 975 quicquid
953 901 1023 963 illos
1044 903 1114 976 urit,

137 995 314 1050 exonerant.
338 986 462 1061 quidam
477 1001 585 1046 rursus
601 985 691 1045 etiam
709 983 938 1045 carissimorum
953 986 1113 1046 conscien-

139 1070 208 1131 tiam
222 1068 434 1143 reformidant,
455 1076 485 1130 et
500 1069 526 1128 si
540 1076 685 1144 possent,
702 1084 741 1127 ne
755 1068 815 1128 sibi
830 1068 953 1143 quidem
969 1070 1114 1131 credituri

137 1152 263 1215 interius
277 1162 419 1229 premunt
431 1169 522 1214 omne
533 1160 700 1213 secretum=
722 1157 862 1213 nentrum
873 1152 1046 1213 laciendum
1057 1161 1115 1213 est.

136 1245 298 1312 utrumque
322 1238 401 1296 enim
422 1237 528 1298 vitium
548 1241 595 1296 est
615 1241 646 1296 et
664 1236 805 1297 omnihus
831 1236 958 1296 credere
977 1243 1009 1296 et
1030 1238 1115 1297 nulli.

106 1333 122 1385 5
137 1322 194 1381 sed
205 1324 331 1382 alterum
344 1321 504 1381 honestius
517 1318 645 1378 dixerim
660 1319 785 1392 vitium,
800 1320 928 1379 alterum
941 1318 1044 1380 tutius.
1063 1319 1115 1381 Sic

137 1412 286 1479 utrosque
306 1403 532 1479 reprehendas,
554 1409 583 1461 et
603 1417 659 1461 eos
680 1402 733 1477 qui
747 1417 871 1477 semper
891 1401 1018 1478 inquieti
1033 1411 1114 1476 sunt,

138 1495 168 1546 et
187 1503 243 1547 eos
267 1486 319 1561 qui
340 1501 462 1562 semper
481 1485 652 1560 quiescunt.
682 1500 752 1544 nam
766 1485 817 1544 illa
830 1487 959 1547 tumultu
974 1488 1114 1561 gaudens

137 1587 198 1631 non
219 1578 267 1630 est
278 1568 441 1642 industria,
458 1569 515 1629 sed
534 1566 704 1642 exagitatae
725 1569 834 1629 mentis
851 1571 1057 1632 concursatio.
1085 1579 1115 1632 et

138 1654 214 1713 haec
229 1670 291 1714 non
307 1658 354 1712 est
368 1651 471 1727 quies,
488 1667 568 1726 quae
582 1660 695 1712 motum
716 1667 836 1712 omnem
850 1651 1022 1713 molestiam
1036 1654 1114 1715 iudi-

105 1735 122 1790 6
140 1745 202 1810 cat,
224 1737 279 1797 sed
303 1736 462 1797 dissolutio
483 1743 512 1795 et
532 1735 670 1810 languor.
699 1736 806 1811 Itaque
826 1734 901 1811 hoc,
922 1738 1006 1813 quod
1030 1738 1113 1814 apud

137 1819 337 1895 Pomponium
353 1820 427 1895 legi,
443 1820 542 1879 animo
558 1818 765 1880 mandabitur=

172 1904 300 1976 Quidum
312 1904 388 1965 odeo
402 1906 433 1965 tn
447 1904 576 1965 latebras
587 1903 738 1979 resapere,
754 1909 788 1964 ut
799 1908 906 1979 putent
920 1906 952 1965 io
967 1905 1087 1966 turbido

171 2005 248 2061 esse,
262 1989 403 2064 quicquid
415 1993 459 2048 est
472 1991 503 2048 io
519 1991 598 2049 lucc.

136 2072 217 2131 luter
240 2088 276 2131 se
300 2072 359 2132 ista
379 2070 536 2131 miscenda
555 2079 642 2131 sunta
668 2078 698 2130 et
720 2071 888 2146 quiescenti
909 2071 1062 2147 agendum
1084 2080 1115 2134 et

137 2155 238 2230 agenti
266 2155 485 2230 quiescendum
512 2162 568 2216 est.
614 2154 688 2215 Cum
708 2170 809 2215 rerum
831 2163 940 2216 natura
960 2153 1113 2216 delibera:

135 2238 188 2299 illa
201 2237 282 2300 dicet
294 2237 347 2300 tibi
362 2255 398 2300 se
412 2246 442 2300 et
455 2239 534 2300 diem
549 2236 663 2299 fecisse
677 2245 708 2299 et
722 2247 852 2301 noctem.
873 2240 961 2299 Vale.

471 2374 687 2432 EPISTULA
714 2377 761 2434 IV.

391 2470 502 2522 Seneca
519 2471 631 2522 Lucum
651 2484 703 2523 suo
723 2483 862 2527 susurru.

107 2591 122 2643 1
199 2573 366 2634 Persevera
381 2582 413 2635 ut
428 2573 557 2649 coepisti
574 2581 605 2633 et
618 2581 764 2650 quantum
781 2583 869 2650 potes
885 2590 1034 2650 propera,
1051 2591 1113 2650 quo

137 2656 249 2717 diutius
268 2656 327 2716 frui
345 2657 506 2716 emendato
521 2657 621 2717 animo
643 2666 673 2718 et
694 2658 856 2735 conposito
875 2660 989 2734 possis.
1018 2658 1113 2718 Frue-

136 2740 179 2800 ris
200 2741 323 2816 quidem
344 2739 433 2799 etiam
456 2740 527 2799 dum
552 2741 714 2814 emendas,
741 2744 830 2803 etiam
852 2743 924 2802 dum
941 2743 1112 2817 conponis.

135 2823 195 2887 alia
209 2833 310 2885 tamen
330 2821 381 2881 illa
401 2824 542 2898 voluptas
559 2832 621 2899 est,
645 2841 724 2901 quae
740 2825 907 2900 percipitur
920 2843 960 2886 ex
978 2836 1113 2887 contem-

104 2921 122 2975 2
138 2907 271 2981 piatione
284 2905 393 2966 mentis
410 2906 447 2966 ab
463 2907 545 2968 omni
559 2909 628 2969 labe
644 2925 739 2984 purae
753 2917 783 2971 et
797 2911 987 2985 splendidae.
1011 2911 1113 2970 Tenes

136 2990 241 3064 utique
256 2989 416 3063 memoria,
439 3000 584 3067 quantum
605 2991 742 3054 senseris
756 2994 915 3069 gaudium,
937 3010 1006 3054 cum
1022 3009 1099 3069 prae

137 3079 221 3133 texta
240 3072 342 3146 posita
363 3077 522 3150 sumpsisti
542 3077 658 3136 virilem
676 3083 778 3152 togam
799 3077 880 3136 etin
901 3079 1000 3139 lorum
1016 3077 1112 3137 dedu·

136 3160 202 3215 etus
214 3171 265 3216 es:
280 3157 377 3219 maius
393 3169 554 3235 exspecta,
569 3176 639 3220 curn
655 3161 799 3235 puerilem
812 3161 945 3222 animum
957 3161 1113 3237 deposue-

135 3239 193 3313 ris,
219 3247 249 3300 et
273 3249 302 3301 te
326 3241 356 3302 in
382 3242 467 3303 viros
496 3243 691 3319 philosophia
716 3243 969 3320 transscripserit.
1011 3243 1114 3305 adhuc

136 3323 214 3382 enim
237 3341 299 3386 uon
320 3327 462 3401 pueritia,
488 3328 545 3387 sed
564 3328 648 3403 quod
662 3336 710 3388 est
723 3329 864 3403 gravius,
890 3326 1047 3404 puerilitas
1064 3343 1113 3388 re-

136 3414 244 3468 manet
272 3416 303 3469 et
322 3409 381 3471 hoc
403 3411 526 3486 quidem
550 3411 636 3486 peior
651 3419 713 3486 est,
735 3411 820 3486 quod
834 3411 1042 3473 auctoritatem
1058 3411 1112 3471 ha·

135 3489 242 3552 bemus
257 3507 380 3567 senum,
399 3493 470 3554 vitia
482 3510 662 3568 puerorum,
678 3510 735 3555 nec
749 3511 914 3569 puerorum
926 3502 1042 3557 tantum
1053 3495 1113 3556 sed
