2468 3930
134 177 175 242 16
423 181 456 241 L.
478 179 626 239 ANNAEI
645 178 820 239 SENECAE
897 199 899 205 ’

133 348 226 394 mune
240 338 302 392 esta
324 331 493 406 sapientem
508 345 543 390 sc
558 331 627 405 ipso
642 346 715 391 esse
730 339 912 393 contentum.
940 333 997 392 sed
1011 341 1112 395 tamen

134 423 165 476 ct
195 416 324 476 amicum
352 412 468 473 habere
498 413 563 473 vult
586 421 617 474 et
639 413 773 474 vicinum
798 423 828 475 et
852 416 1111 492 contubernalem,

103 498 273 575 dquamvis
291 496 350 558 sibi
365 497 433 572 ipse
448 495 590 558 sufficiat.
626 497 708 558 Vide
723 515 814 574 quam
829 499 868 558 sit
884 514 918 560 se
934 507 1112 562 contentum

132 581 298 657 aliquando
315 581 363 642 sui
378 589 465 657 parte
480 587 641 641 contentus
655 588 712 640 est.
743 581 770 640 si
784 582 825 641 illi
836 598 957 641 manum
969 591 1022 644 aut
1032 601 1112 645 mor-

131 665 190 725 bus
207 670 259 725 ant
272 664 371 725 hostis
386 664 548 737 exciderit,
570 663 597 725 si
613 665 683 740 quis
697 666 818 738 oculum
832 666 883 726 vel
898 669 1005 728 oculos
1018 682 1112 729 casus

132 748 320 822 excusserit,
342 746 492 824 reliquiae
512 748 554 807 illi
575 763 651 808 suae
671 746 874 822 satisfacient,
901 756 931 809 et
951 751 1006 810 erit
1026 750 1113 811 inmi-

132 840 206 892 nuto
229 846 360 906 corpore
380 840 411 892 et
428 838 584 906 amputato
604 839 665 890 tam
678 829 787 902 laetus,
805 847 897 905 quarn
913 833 1030 907 integro
1047 835 1112 895 fuit.

133 914 191 974 sed
206 930 285 990 qnae
301 914 360 975 sibi
372 914 499 990 desunt,
520 931 583 976 non
599 914 753 975 desiderat
766 917 904 988 [deessem
926 933 987 977 non
1000 916 1113 978 deesse

104 999 257 1060 §mavult
293 998 337 1059 lta
358 999 484 1073 sapiens
506 1013 542 1058 se
561 995 729 1058 contentus
744 1006 805 1072 est,
818 995 890 1060 'non
908 1007 941 1060 ut
955 1001 1028 1060 velit
1041 1017 1113 1062 esse

133 1082 201 1142 sine
222 1081 337 1156 amico,
363 1082 419 1142 sed
440 1087 474 1142 ut
493 1081 601 1156 possit.
638 1089 668 1142 et
683 1080 758 1156 hoc,
783 1084 867 1158 quod
882 1082 951 1143 dico
967 1086 1112 1159 possit,

131 1167 193 1227 tale
214 1174 276 1227 est:
298 1166 445 1227 amissum
462 1180 562 1240 aequo
578 1163 678 1226 animo
694 1167 760 1227 fert.
789 1165 861 1227 Sine
875 1167 973 1228 amico
989 1167 1111 1243 quidem

134 1266 299 1325 numquam
314 1249 379 1309 erit.
403 1249 433 1308 in
448 1264 505 1308 sua
520 1248 671 1323 potestate
685 1249 789 1324 habet,
806 1266 896 1324 quam
909 1251 968 1310 cito
980 1259 1111 1325 reparet.

134 1334 290 1409 quomodo
306 1333 333 1392 si
348 1332 516 1407 perdiderit
528 1331 651 1392 Phidias
666 1339 810 1408 statuam,
828 1332 975 1408 ‘protinus
987 1334 1112 1394 alteram

133 1417 237 1477 faciet=
267 1417 312 1476 sic
332 1416 381 1475 hic
394 1415 602 1477 faciendarum
616 1417 813 1478 amicitiarum
827 1417 934 1476 artifex
950 1417 1113 1478 substituet

104 1499 225 1562 dalimn
245 1499 275 1558 in
296 1499 397 1560 locum
419 1499 534 1560 amissi.
569 1498 712 1574 Quaeris,
736 1501 891 1575 quomodo
907 1501 1037 1561 amicum
1052 1502 1111 1562 cito

133 1584 268 1643 facturus
291 1581 343 1644 sia
372 1583 486 1657 dicam,
514 1584 540 1642 si
561 1582 636 1644 illud
655 1584 728 1643 mihi
747 1592 847 1645 tecum
866 1585 1056 1658 convenerit,
1079 1593 1112 1647 ut

134 1667 233 1727 statim
259 1665 312 1727 tibi
337 1666 472 1740 solvam,
503 1667 586 1742 quod
613 1666 728 1741 debeo,
756 1675 787 1728 et
811 1675 957 1744 quantum
977 1668 1111 1728 adhanc

134 1750 311 1826 epistulam,
341 1750 427 1824 paria
449 1751 606 1811 faciamus.
641 1751 778 1813 Hecaton
792 1752 848 1812 alt:
871 1768 944 1826 „epo
957 1753 1010 1813 tibi
1024 1768 1111 1812 mon-

132 1835 232 1895 strabo
254 1837 430 1894 amatorium
447 1837 512 1896 sine
524 1835 751 1907 medicamento,
771 1838 836 1896 sine
849 1836 956 1907 bobo,
983 1838 1047 1895 aine
1060 1839 1093 1895 ut

132 1920 190 1978 lfao
209 1921 355 1992 veneficae
368 1921 518 1979 carmine:
539 1922 567 1980 af
578 1922 621 1979 vis
635 1921 747 1992 amari,
769 1922 866 1978 ama.“
899 1915 995 1976 habes
1010 1925 1112 1977 autem
1145 1966 1149 1972 .

133 2017 195 2062 non
215 2009 330 2062 tanturn
352 2018 412 2062 usu
432 2000 581 2062 amicitiae
602 2002 713 2062 veteris
734 2008 764 2061 ct
783 2007 882 2060 certae
901 2015 1041 2075 magnam
1056 2017 1111 2061 vo-

132 2085 294 2159 luptatem,
318 2086 374 2145 sed
397 2085 486 2146 etiarn
507 2089 584 2146 inter
603 2086 718 2145 initium
740 2091 770 2145 et
789 2084 1036 2158 conparationem
1055 2101 1110 2145 no·

104 2179 119 2235 7
134 2184 199 2228 vae.
234 2168 323 2242 Quod
334 2169 460 2230 interest
471 2169 548 2229 inter
559 2174 719 2228 metentem
732 2165 896 2242 agricolam
908 2175 938 2227 et
950 2173 1110 2242 serentem,

132 2251 192 2312 hoc
206 2252 284 2313 inter
298 2250 381 2326 eum,
404 2252 456 2328 qui
471 2253 600 2312 amicum
615 2251 734 2326 paravit
747 2258 777 2310 et
794 2251 845 2325 qui
861 2258 957 2326 parat.
989 2251 1110 2313 Attalus

133 2334 338 2410 philosophus
360 2337 464 2396 dicere
486 2335 619 2396 solebat:
642 2335 895 2407 „iucundtusease
910 2337 1037 2396 amioum
1051 2335 1110 2409 sa-

122 2437 201 2480 'cere
215 2436 305 2495 quam
318 2421 437 2480 babere.
476 2419 619 2494 quomodo
635 2421 745 2492 artifici
762 2420 920 2481 iucundius
931 2422 1058 2495 piopcre
1069 2423 1111 2480 est

132 2519 222 2577 quom
241 2507 406 2580 pinxisse.“
448 2502 503 2562 Illa
522 2504 552 2562 in
573 2516 667 2575 opere
688 2517 744 2562 suo
767 2509 917 2577 occupata
936 2501 1109 2562 sollicitudo

133 2587 242 2660 ingens
265 2587 521 2647 oblectamentum
540 2585 632 2647 habet
654 2583 684 2645 in
706 2584 775 2661 ipsa
796 2586 1007 2662 occupatione.
1048 2601 1109 2646 non

133 2685 233 2744 aeque
249 2670 426 2743 delectatur,
450 2667 502 2744 qui
521 2670 559 2730 ab
575 2684 669 2743 opere
686 2670 822 2744 perfecto
837 2668 966 2730 removit
979 2685 1110 2729 manum.

133 2753 193 2812 iam
214 2753 314 2814 fructu
335 2754 407 2814 artis
429 2768 504 2812 suae
525 2752 647 2813 fruitur:
675 2753 744 2827 ipsa
765 2754 920 2814 fruebatur
940 2755 1018 2827 arte,
1042 2768 1110 2812 cum

134 2836 280 2912 pingeret.
317 2836 516 2897 Fructuosior
542 2844 589 2896 est
615 2836 823 2897 adulescentia
842 2836 1023 2908 liberorum,
1054 2835 1111 2896 sed

103 2921 258 2980 ainfantia
279 2919 406 2982 dulcior.
441 2920 527 2981 Nunc
550 2920 590 2980 ad
612 2918 803 2996 propositum
821 2928 1019 2982 revertamur.
1056 2918 1111 2979 Sa·

134 3005 222 3079 piens
247 3005 366 3064 etiamsi
392 3010 551 3065 contentus
577 3011 697 3079 estse,
725 3010 824 3064 tamen
847 3005 961 3065 habere
982 3001 1111 3063 amicum

134 3089 212 3163 vult,
236 3089 262 3148 si
278 3088 351 3148 nihil
366 3088 462 3164 aliud,
483 3096 515 3148 ut
529 3096 672 3149 exerceat
686 3089 862 3161 amicitiam,
880 3104 919 3148 ne
931 3094 990 3147 tam
1002 3102 1112 3162 magna

135 3171 229 3234 virtus
244 3173 356 3246 iaceat,
379 3188 440 3233 non
457 3172 584 3246 adhoc,
609 3172 693 3247 quod
709 3172 830 3233 dicebat
841 3172 994 3247 Epicurus
1009 3171 1039 3230 in
1054 3170 1113 3252 hac

133 3258 203 3331 ipsa
227 3257 374 3331 epistula,
407 3263 459 3330 „ot
478 3256 596 3331 babent,
624 3259 677 3331 qni
689 3257 747 3316 sibi
761 3272 854 3331 oepro
867 3256 1017 3329 adsideat,
1039 3271 1113 3315 snc-

132 3347 238 3401 currat
256 3344 288 3402 itt
309 3343 428 3402 uinculo
449 3343 577 3402 coniecto
597 3343 644 3401 cel
662 3343 777 3415 inopi,“
799 3340 855 3400 sed
874 3347 907 3401 ut
927 3338 1039 3399 habeat
1058 3337 1112 3398 ali-

136 3439 241 3498 quem,
264 3423 314 3484 cui
327 3424 396 3499 ipse
412 3439 504 3499 aegro
520 3423 675 3497 adsideat,
692 3439 782 3498 quem
793 3423 863 3498 ipse
875 3424 1112 3484 circumventum
