2468 3930
170 230 234 296 406
465 229 498 289 L.
519 227 666 289 ANNAEI
687 225 862 288 SENECAE
953 252 955 256 ·

168 383 334 444 vivendum
355 380 489 442 sollertia
510 389 571 441 est:
600 376 736 454 videbis,
760 393 839 455 quae
852 377 920 440 aliis
934 378 1051 439 inutilia
1066 384 1148 455 sunt,

170 468 228 528 sibi
242 468 311 543 ipsa
325 482 387 526 non
403 466 523 525 deesse.
563 465 651 524 Vale.
669 533 672 539 ¹

465 599 679 657 EPISTULA
702 600 739 654 V.
768 599 857 671 (l‘li.)

421 695 531 746 Seneca
549 697 660 747 Lucum
679 706 731 746 svo
751 705 889 745 securum.

142 808 158 860 1
230 799 448 860 Detrimentum
462 797 522 857 iarn
539 797 605 858 dies
621 797 727 859 sensit.
755 797 872 857 resiluit
886 797 1089 872 aliquantum,
1109 799 1152 860 ita

170 890 272 945 tamen
286 890 320 942 ut
334 883 458 942 liberale
474 883 574 942 adhuc
589 880 720 957 spatium
737 881 790 955 sit,
811 881 838 940 si
854 881 923 956 quis
939 897 1007 942 oum
1021 881 1101 958 ipso,
1117 891 1153 944 ut

170 966 211 1027 ita
226 967 340 1040 dicam,
356 967 406 1026 die
423 974 536 1040 surgat.
559 964 728 1027 officiosior
742 964 924 1040 meliorque,
940 965 1051 1042 siquis
1067 967 1151 1027 illum

170 1056 333 1125 exspectat
347 1057 377 1110 et
392 1051 491 1110 lucem
506 1050 634 1124 primam
649 1047 776 1125 exet'pit:
798 1049 913 1123 turpis,
934 1050 986 1124 qui
1007 1051 1068 1111 alto
1085 1050 1152 1110 sole

171 1134 377 1194 semisomnus
392 1134 485 1204 iacet,
509 1132 597 1193 euius
610 1132 714 1208 vigilia
728 1134 829 1192 medio
846 1133 896 1192 die
909 1133 1030 1209 incipit:
1053 1141 1084 1195 et
1097 1134 1153 1195 ad-

141 1219 231 1280 thuc
251 1218 351 1278 multis
373 1217 434 1278 hoc
459 1219 669 1277 antelucanum
696 1223 753 1277 est
798 1215 892 1276 Sunt
908 1218 985 1293 qui
1011 1218 1152 1278 cilicia

170 1302 271 1361 lucis
299 1301 509 1374 noctisque
537 1301 804 1376 perverterint
827 1315 885 1359 nec
911 1308 980 1362 ante
1005 1301 1153 1362 diducant

171 1382 279 1445 ocultis
294 1384 438 1445 hesterna
453 1400 566 1459 graves
581 1386 707 1459 crapula
728 1400 821 1459 quam
841 1384 987 1459 adpetere
1001 1401 1066 1445 nox
1080 1401 1151 1445 coe-

172 1468 224 1543 pit.
254 1467 354 1543 qualis
368 1468 488 1528 illorum
510 1468 650 1529 condicio
666 1467 790 1542 dicitur,
812 1483 890 1543 quos
913 1475 1036 1544 natura,
1057 1475 1091 1530 ut
1112 1469 1153 1530 ait

170 1552 333 1627 Vergilius,
352 1551 478 1612 sedibus
494 1553 607 1613 nostris
623 1552 764 1613 subditos
779 1567 797 1611 e
814 1553 964 1613 contrario
982 1552 1096 1628 posuit,

254 1652 364 1711 nosque
377 1637 428 1697 ulti
437 1639 555 1712 primus
568 1640 650 1713 eques
666 1637 770 1698 Oriens
784 1634 1046 1712 adflavit'anltelis,

254 1721 314 1778 iltis
327 1737 396 1780 sera
409 1721 519 1781 rubeas
534 1723 672 1781 accendit
684 1723 797 1781 lamma
819 1721 945 1796 Vesper:

170 1802 238 1864 talis
260 1801 370 1863 horum
390 1804 541 1865 contraria
564 1805 704 1866 omnibus
724 1821 785 1865 non
806 1804 907 1878 regio,
934 1803 991 1865 sed
1010 1804 1072 1865 vita
1093 1811 1150 1865 est.

171 1885 248 1947 Sunt
270 1885 392 1962 quidam
414 1889 444 1948 in
466 1888 573 1948 eadem
587 1888 663 1949 urbe
683 1886 861 1963 antipodes,
885 1888 952 1963 qui,
973 1895 1006 1949 ut
1019 1887 1059 1946 Μ.
1076 1888 1150 1948 Cato

171 1971 221 2044 ait,
236 1987 309 2045 „nec
321 1974 461 2033 orientem
476 1989 614 2047 umquem
628 1975 717 2034 solem
731 1974 869 2034 viderunt
877 1988 933 2033 nec
942 1972 1150 2034 occidentem.“

140 2055 234 2115 ltHos
249 2061 282 2114 tu
296 2056 454 2116 existimas
470 2056 564 2130 scire,
581 2056 837 2131 quemadmodum
855 2056 1017 2117 vivendum
1032 2053 1080 2128 sit,
1097 2055 1150 2131 (tui

169 2138 327 2213 nesciunt²
347 2140 492 2214 quandot
519 2147 549 2199 et
561 2139 592 2199 hi
608 2147 736 2200 mortem
750 2140 869 2214 timent,
886 2140 917 2199 in
933 2155 1024 2214 quam
1038 2154 1074 2199 se
1088 2139 1151 2199 vivi

170 2221 394 2284 condiderunt?
410 2232 471 2284 tarn
486 2223 610 2284 inlausti
628 2223 769 2284 homines
785 2239 875 2297 quam
892 2230 1061 2284 nocturnae
1075 2238 1150 2285 aves

170 2313 257 2368 sunt:
285 2306 356 2366 licet
375 2305 405 2367 in
428 2309 498 2367 vino
521 2314 740 2383 unguentoque
759 2307 901 2368 tenebras
921 2323 994 2367 suas
1017 2306 1149 2381 exigant,

169 2390 240 2450 licet
260 2390 359 2466 epulis
380 2399 411 2451 et
432 2392 555 2465 quidem
574 2391 604 2450 in
628 2393 721 2452 multa
737 2390 872 2465 fericula
894 2390 1035 2451 discretis
1054 2397 1150 2450 toturn

168 2489 338 2548 perversae
353 2474 474 2549 vigiliae
488 2481 609 2551 tempus
624 2476 770 2535 educant:
791 2491 853 2534 non
868 2471 1077 2547 convivantur,
1093 2473 1149 2534 sed

168 2558 250 2617 iusta
266 2556 324 2617 sibi
347 2559 470 2619 iaciunt.
513 2559 641 2624 Mortuis
657 2567 740 2619 certe
761 2558 892 2618 interdiu
908 2564 1097 2633 parentatum
1119 2562 1151 2617 at

169 2641 361 2700 mehercules
373 2642 414 2700 nil
428 2643 528 2716 agenti
540 2641 607 2702 dies
622 2643 734 2716 longus
750 2649 806 2702 est.
825 2641 1025 2702 extendamus
1042 2641 1149 2701 vitame

169 2723 260 2782 huius
275 2729 305 2781 et
323 2724 455 2784 olficium
472 2733 502 2786 et
515 2733 725 2800 argumentum
740 2733 825 2786 actus
840 2733 896 2786 est.
919 2724 1149 2786 circumscriba-

138 2812 217 2873 ttur
231 2821 295 2865 nox
310 2813 340 2866 et
354 2805 469 2880 aliquid
485 2823 524 2866 ex
539 2808 589 2868 illa
598 2807 628 2868 ln
641 2809 720 2868 diem
732 2810 939 2871 transferatur.
962 2808 1056 2882 Aves,
1070 2822 1149 2882 quae

169 2889 319 2948 conviviis
337 2898 556 2965 conparantur,
578 2899 610 2952 ut
623 2893 755 2954 inmotae
769 2892 859 2954 lacile
880 2893 1097 2970 pinguescant,
1119 2891 1149 2950 in

168 2972 303 3035 obscuro
320 2974 525 3036 continentum
545 2974 587 3036 ita
601 2976 668 3037 sine
679 2978 741 3037 ulla
751 2977 968 3038 exercitatione
979 2975 1148 3038 iacentibus

167 3064 268 3119 tumor
289 3059 408 3137 pigrum
426 3063 542 3135 'corpus
563 3059 679 3121 invadit
698 3068 728 3121 et
741 3075 837 3135 super
850 3061 985 3120 membra
1000 3061 1083 3120 iners
1100 3074 1149 3119 sa·

168 3143 239 3217 gina
254 3145 442 3205 subcrescit:
464 3144 505 3205 ita
519 3145 646 3205 istorum
660 3160 807 3220 corpora,
833 3145 885 3220 qui
905 3159 941 3205 se
953 3144 1090 3204 tenebris
1103 3141 1148 3202 di·

169 3235 329 3304 caverunt,
351 3229 443 3290 loeda
466 3229 613 3290 visuntur.
644 3230 759 3305 quippe
782 3228 956 3304 suspectior
975 3228 1034 3288 illis
1056 3241 1148 3303 quam

168 3312 276 3373 morbo
293 3312 476 3388 pallentibus
491 3314 577 3373 color
591 3319 652 3373 est:
674 3312 809 3388 languidi
823 3320 854 3373 et
864 3311 985 3372 evanidi
1002 3311 1106 3372 albent
1119 3313 1150 3369 et

168 3393 200 3453 ln
214 3396 294 3457 vivis
309 3413 381 3457 caro
397 3397 555 3458 morticina
569 3403 626 3457 est.
669 3396 736 3456 lloc
755 3403 856 3456 tamen
873 3394 1028 3460 minimum
1043 3393 1073 3453 in
1088 3391 1148 3454 illis

168 3480 315 3540 malorum
331 3481 474 3540 dixerim=
498 3487 611 3557 quanto
626 3482 696 3556 plus
709 3478 903 3540 tenebrarum
918 3479 1064 3538 inanimo
1079 3482 1148 3538 cstt
