2468 3930
108 249 279 313 EPISTUL.
293 251 388 312 ΜΘΗ.
410 252 483 312 LIB.
496 251 603 312 xviii.
625 253 682 312 ΕΡ.
695 261 723 315 s.
734 261 760 313 4.
780 260 855 329 (roo.
867 259 941 326 10⁷.)
983 252 1046 316 349

66 403 140 464 dum
157 408 211 463 ‘est
225 402 441 477 conpagosum
462 401 523 462 hoc
541 403 606 462 iter.
636 402 823 482 [Mortuus]
850 402 1078 479 Praeparetura

65 488 186 547 animus
202 493 307 546 eontra
323 485 437 547 omnia:
461 487 537 547 sciat
552 501 587 546 se
601 487 740 561 venisse,
757 487 809 547 ubi
823 495 908 549 tonat
923 489 1045 548 tulmen.

66 571 146 632 sciat
160 587 195 631 se
209 570 335 630 venisse
350 569 403 631 ubi

151 657 247 716 tuctus
257 660 287 716 ot
298 657 420 716 ultrices
431 670 557 729 posuere
569 655 680 715 cubitio
692 672 785 715 corae

65 777 70 784 ·
146 741 351 815 pollentesque
365 739 499 798 habitant
512 738 607 798 morbi
619 742 765 812 tristisque
777 746 919 800 senectus.

64 823 96 884 in
116 822 178 885 hoc
198 823 398 884 contubernio
421 821 483 882 vita
504 822 645 895 degenda
666 829 722 882 est.
754 820 891 897 effugere
911 824 969 885 ista
983 843 1045 887 uon

65 914 171 983 potes=
191 915 386 968 contemnere
400 913 500 980 potes.
521 912 697 966 contemnes
710 912 825 979 autem,
842 907 868 965 si
883 923 979 983 saepe
994 926 1045 971 co·

65 991 211 1066 gitaveris
232 997 262 1050 et
282 991 383 1051 futura
396 991 652 1064 praesumpseris.
682 990 796 1050 Nemo
811 1006 884 1050 non
902 993 1045 1054 fortius
1061 1008 1079 1060 4

66 1074 112 1135 ad
134 1073 187 1148 id,
210 1075 270 1135 eui
293 1090 334 1134 se
354 1072 419 1134 diu
441 1083 722 1148 conposuerat,
745 1075 1045 1138 accessitetdu·

64 1159 122 1219 ris
139 1173 310 1234 quoque,
326 1158 357 1217 si
376 1156 658 1233 praemeditata
674 1166 800 1232 erant,
819 1159 980 1221 obstitit.
1011 1168 1047 1221 at

66 1250 203 1305 contra
221 1241 430 1318 inparatus
451 1242 565 1302 etiam
584 1243 789 1302 levissima
809 1245 978 1317 expavit.
1011 1244 1046 1304 id

65 1326 218 1403 agendum
234 1333 293 1400 est,
308 1342 348 1385 ne
362 1326 536 1402 quidnobis
548 1325 736 1401 inopinatum
748 1326 795 1386 sit.
818 1334 849 1386 et
861 1326 933 1402 quia
945 1329 1046 1388 omnia

64 1411 201 1473 novitate
215 1411 357 1486 graviora
371 1418 457 1484 sunt,
478 1409 538 1470 hoc
559 1411 702 1485 cogitatio
724 1410 854 1471 adsidua
871 1411 1045 1487 praestabit,

64 1503 98 1556 ut
111 1495 186 1556 nulii
201 1495 244 1554 sis
262 1496 342 1555 malo
354 1492 421 1555 tiro.
444 1493 553 1568 „Servi
565 1509 613 1553 me
626 1495 845 1569 reliquerunt.“
866 1494 956 1556 atium
972 1513 1045 1557 oon·
1061 1515 1077 1566 5

66 1579 253 1655 pitaverunt,
275 1579 367 1643 alium
382 1587 622 1652 accusaverunt,
639 1579 729 1639 atium
745 1579 936 1654 occiderunt,
955 1581 1045 1640 atium

65 1664 280 1740 prodiderunt,
295 1663 387 1724 atium
400 1665 609 1736 calcaverunt,
627 1661 718 1723 alium
730 1680 864 1738 veneno,
880 1665 971 1724 alium
989 1667 1046 1725 cri-

28 1783 32 1790 -
65 1747 231 1808 minatione
259 1748 425 1823 petierunt:
462 1746 608 1823 quicquid
636 1747 769 1822 dixeris,
797 1747 900 1809 multis
926 1750 1044 1809 accidit.

64 1828 234 1906 Deinceps,
255 1847 335 1907 quae
355 1834 448 1892 multa
467 1837 496 1891 et
516 1831 600 1892 varia
615 1832 707 1905 sunt,
724 1832 764 1910 [in
782 1849 840 1893 nos
855 1830 1045 1908 diriguntur]

67 1915 220 1991 quaedam
235 1915 264 1974 in
281 1931 339 1975 nos
353 1915 416 1975 fixa
431 1923 515 1990 sunt,
538 1917 691 1991 quaedam
714 1917 835 1976 vibrant
855 1926 885 1978 et
900 1933 969 1978 cum
984 1934 1045 1977 ma-

65 1999 147 2060 xime
158 1999 297 2073 veniunt,
315 2000 465 2075 quaedam
479 2001 509 2061 in
522 2001 599 2060 aiios
614 2007 800 2075 perventura
813 2017 870 2061 nos
886 2000 1045 2077 stringunt.

65 2078 144 2143 Nihil
163 2084 306 2144 miremur
326 2099 446 2158 eorum,
472 2085 511 2143 ad
536 2100 616 2160 quae
635 2085 697 2143 nati
723 2101 843 2157 sumus,
873 2101 952 2160 quae
972 2087 1075 2148 ideoo

39 2221 41 2226 .
65 2167 139 2228 nulli
156 2169 326 2242 querenda,
347 2167 418 2244 quia
434 2168 520 2244 paria
534 2174 605 2227 sunt
619 2169 775 2228 omnibus=
797 2169 838 2227 ita
853 2168 937 2242 dico,
960 2171 1046 2244 paria

66 2258 148 2312 sunt.
183 2267 253 2311 nam
275 2252 364 2312 etiam
387 2253 470 2327 quod
492 2250 598 2327 effugit
615 2251 740 2326 aliquis,
769 2252 832 2326 pati
854 2252 966 2327 potuit:
995 2269 1045 2313 ae-

66 2352 161 2412 quum
184 2344 283 2396 autem
307 2337 354 2395 ius
376 2343 423 2396 est
443 2353 504 2396 non
520 2351 581 2411 quo
597 2351 703 2395 omnes
718 2334 768 2396 usi
784 2343 870 2408 sunt,
889 2336 944 2394 sed
963 2336 1047 2412 quod

66 2418 207 2481 omnibus
222 2421 315 2480 latum
329 2427 385 2480 est.
403 2421 572 2495 Imperetur
586 2419 725 2494 aequitas
736 2419 836 2479 animo
849 2427 879 2479 et
893 2419 960 2478 sine
972 2437 1046 2494 que·

64 2504 129 2564 reia
151 2504 339 2564 mortaiitatis
359 2502 470 2565 tributa
491 2503 671 2579 pendamus.
698 2503 801 2562 Hiems
822 2503 936 2578 frigora
951 2503 1077 2577 adda-7

66 2588 121 2647 cit:
157 2587 320 2663 algendum
346 2596 403 2649 est.
441 2596 544 2650 aestas
564 2587 684 2648 calores
703 2588 810 2647 refert:
845 2588 1048 2648 aestuandum

65 2678 122 2732 est.
152 2670 349 2746 intemperies
365 2673 443 2732 coeli
458 2672 655 2732 valitudinem
669 2678 812 2748 temptats
828 2673 1047 2747 aegrotandum

67 2761 122 2816 est.
152 2762 183 2815 et
203 2756 270 2816 tera
285 2755 373 2815 nobis
389 2755 490 2832 aliquo
506 2758 574 2816 loco
591 2763 731 2817 occurret
745 2764 776 2817 et
788 2756 881 2818 homo
897 2758 1048 2833 pernicio-

65 2839 130 2900 sior
151 2839 226 2899 feris
242 2840 393 2900 omnibus.
417 2840 498 2902 aliud
514 2857 609 2916 aqua,
631 2840 714 2901 atiud
728 2841 808 2916 ignis
823 2841 946 2917 eripiet:
969 2841 1049 2901 hanc

62 2937 167 2984 rerum
182 2921 393 2984 condicionem
407 2933 524 2986 mutare
538 2942 600 2985 non
615 2942 796 3001 possumuss
824 2925 854 2984 id
870 2941 1047 3001 possumus,

56 3009 209 3082 'magnum
229 3023 351 3068 sumere
372 3007 504 3068 animum
525 3017 555 3069 et
568 3007 634 3069 viro
649 3009 732 3070 bono
748 3007 888 3082 dignum,
910 3025 971 3084 quo
988 3010 1049 3069 tor*

63 3090 134 3153 titer
156 3090 279 3152 fortuita
299 3091 449 3167 patiamur
470 3099 501 3152 et
521 3101 647 3152 naturae
668 3092 905 3152 consentiamus.
937 3091 1081 3157 Naturae

64 3181 168 3237 autem
184 3173 261 3248 hoc,
284 3176 368 3251 quod
382 3176 486 3249 vides,
507 3191 634 3250 regnum
654 3175 870 3236 mutationibus
884 3181 1048 3249 temperat=

63 3259 169 3320 nubilo
187 3273 296 3320 serena
317 3261 496 3320 succedunt.
522 3259 681 3319 turbantur
703 3258 811 3334 maria,
834 3273 902 3318 cum
924 3259 1047 3332 quieve-

64 3350 145 3403 runt.
181 3340 256 3404 iiant
277 3344 308 3404 in
330 3344 429 3404 vicem
448 3342 539 3402 remi.
575 3350 695 3404 noctem
717 3342 783 3402 dies
798 3342 944 3417 sequitur.
976 3358 1047 3417 pars

64 3426 145 3488 coeli
160 3428 331 3503 consurgit,
355 3444 427 3503 pars
442 3425 601 3503 mergitur:
631 3428 789 3489 contrariis
804 3443 905 3488 rerum
919 3426 1047 3487 aeterni-

66 3519 114 3572 tas
130 3517 259 3573 constat.
290 3513 339 3572 Ad
360 3511 439 3572 hanc
453 3513 551 3588 legem
568 3511 685 3574 animus
702 3519 808 3574 noster
823 3512 975 3587 aptandus
991 3516 1047 3572 cst.
1063 3518 1080 3572 9
