2468 3930
204 255 244 322 76
488 257 522 317 L.
544 256 691 317 ANNAEI
713 254 889 317 SENECAE

504 461 720 520 EPISTULA
745 461 781 516 V.
807 461 879 533 (st)

452 557 564 610 Srnrcn
581 558 692 610 Lucrum
711 567 763 608 suo
783 566 923 608 sntururr.

175 667 191 721 1
265 657 406 718 crasco
440 665 476 719 et
506 658 661 719 exsulto
690 664 728 718 et
754 657 942 719 discussa
973 663 1181 721 senectute

201 742 421 813 recalesoo,
444 740 626 817 quotiens
649 756 694 801 ex
715 738 791 813 his,
815 755 913 816 quae
929 737 1179 815 agisetscri-

201 826 277 898 bis,
300 823 505 899 intellego,
528 830 709 900 quantum
726 823 1179 898 teipsemamturbamolim

202 909 385 983 reliqueras)
407 907 683 983 superieceris.
719 905 752 967 Si
773 907 938 982 agricolam
955 907 1048 969 arbor
1061 906 1102 968 ad
1116 909 1178 970 iru-

202 997 283 1052 etum
298 991 446 1065 perducta
459 992 605 1064 delectat,
628 991 655 1051 si
669 996 776 1065 pastor
789 1006 829 1050 ex
843 991 905 1052 letu
918 991 1021 1066 gregis
1036 991 1086 1062 sui
1098 989 1180 1068 capit

202 1075 403 1150 voluptatem,
420 1075 447 1135 si
462 1077 616 1136 alumnum
631 1090 721 1135 suum
734 1089 824 1134 nemo
840 1074 926 1135 aliter
940 1073 1073 1135 intuetur
1088 1090 1179 1150 quam

201 1166 235 1220 ut
249 1158 487 1220 adulescentiam
501 1159 582 1220 illius
598 1174 686 1218 sunm
699 1158 826 1219 iudicet:
850 1156 924 1232 quid
939 1157 1063 1218 evenire
1077 1159 1179 1219 credis

200 1241 264 1317 liis,
282 1243 334 1318 qui
348 1243 469 1316 ingenia
484 1243 692 1303 educaverunt
705 1248 735 1302 et
750 1256 829 1318 quae
842 1247 948 1302 tenera
963 1242 1178 1316 formaverunt,

171 1326 304 1387 aadultn
324 1325 426 1387 subito
442 1325 574 1407 ⁸videntt
612 1326 734 1385 Adsero
755 1331 785 1385 te
805 1324 893 1384 mihi=
918 1340 1019 1386 meum
1034 1341 1115 1401 opus
1133 1341 1178 1385 es.

201 1425 259 1484 ego
282 1424 351 1470 cunr
370 1408 518 1468 vidissem
539 1406 672 1469 indolem
686 1415 783 1482 tuam,
804 1405 894 1468 inieci
908 1424 1044 1482 manum,
1068 1407 1178 1470 exhor·

200 1499 281 1552 tatus
297 1508 380 1563 sum,
399 1491 503 1551 addidi
518 1492 657 1552 stimulos
673 1507 730 1551 nee
745 1494 824 1552 lente
839 1493 884 1552 ire
898 1508 1012 1567 passus
1026 1507 1105 1567 sum,
1121 1491 1179 1554 sed

201 1574 333 1635 subinde
347 1574 485 1636 incitavi=
507 1582 538 1636 et
551 1591 632 1635 nune
646 1573 727 1635 idem
741 1575 836 1649 facio,
860 1576 919 1636 sed
932 1577 992 1636 iam
1006 1584 1178 1639 currentem

173 1657 307 1718 ahortor
321 1665 351 1718 et
364 1658 494 1719 invicem
507 1657 686 1720 hortantem.
719 1659 819 1733 „Quid
831 1659 929 1733 aliud,
949 1660 1061 1736 inquis,
1077 1659 1179 1722 adhuc

199 1743 313 1802 volot“
340 1742 371 1801 in
385 1742 445 1802 hoe
459 1743 621 1817 plurimum
635 1750 697 1815 cst,
720 1759 781 1804 non
796 1744 841 1803 sie
856 1742 1013 1817 quomodo
1029 1743 1180 1820 principia

199 1824 292 1886 totius
308 1826 411 1899 operis
430 1826 584 1887 dimidium
599 1841 752 1901 occupare
767 1827 920 1887 dicuntum
941 1825 998 1887 ista
1010 1842 1062 1887 res
1077 1827 1178 1887 animo

201 1914 335 1969 constat:
353 1908 456 1984 itaque
468 1925 541 1985 pars
551 1926 662 1985 magna
672 1910 816 1971 bonitatis
829 1917 877 1971 est
886 1911 966 1970 velle
976 1909 1041 1971 fieri
1052 1910 1178 1972 bonum.

201 1991 269 2053 Scis
286 2008 377 2067 quem
391 1993 505 2053 bonum
521 1994 643 2054 dicamt
671 1995 857 2069 perfectum,
879 1994 1065 2066 absolutum,
1086 2009 1179 2067 quem

170 2078 312 2137 Amalum
332 2078 434 2137 lacere
454 2078 537 2153 nulla
555 2075 618 2159 viS,
646 2079 731 2138 nullo
752 2078 922 2139 necessitas
943 2077 1054 2152 possit
1087 2076 1179 2140 Hunc

200 2160 254 2233 [in]
276 2168 306 2220 te
324 2160 496 2237 prospicio,
520 2162 546 2221 si
559 2162 770 2237 perseveraris
785 2169 815 2221 et
829 2159 1004 2221 incubueris
1018 2167 1050 2222 et
1062 2159 1094 2222 id
1108 2176 1178 2236 ege-

198 2242 257 2319 ris,
281 2251 315 2305 ut
335 2244 436 2305 omnia
461 2245 542 2306 lacta
565 2244 708 2321 dictaque
733 2251 786 2305 tua
806 2244 884 2306 inter
904 2259 939 2305 se
955 2251 1127 2319 congruant
1141 2260 1179 2306 ac

198 2330 408 2405 respondeant
432 2327 492 2389 sibi
513 2336 544 2390 et
562 2345 625 2389 una
645 2330 744 2390 lorma
764 2344 915 2404 percussa
935 2328 1005 2389 sint.
1043 2328 1112 2389 Non
1131 2335 1179 2389 est

199 2411 288 2474 huius
305 2413 422 2475 animus
436 2413 467 2473 in
481 2420 582 2487 recto,
605 2412 692 2473 cuius
708 2420 776 2473 acta
791 2410 979 2473 discordant.
1013 2413 1102 2472 Vale.

495 2548 710 2605 EPISTULA
734 2549 783 2604 Vl.
810 2548 881 2620 (35.)

451 2642 561 2693 sunnon
577 2643 689 2694 Lucrum
709 2654 761 2694 suo
781 2653 920 2696 snrururr.

171 2753 186 2803 1
262 2743 336 2803 Cum
355 2748 385 2803 te
402 2749 463 2802 tam
478 2744 568 2803 valde
581 2759 673 2820 rogo,
695 2753 728 2806 ut
742 2745 884 2818 studeas,
904 2759 1006 2804 meum
1021 2741 1176 2819 nogotium

199 2841 274 2900 ago:
307 2825 450 2886 habore
483 2828 643 2888 amicum
674 2830 779 2904 volo,
812 2828 916 2905 quod
946 2825 1177 2904 contingere

198 2908 303 2983 mihi,
325 2908 402 2969 nisi
422 2911 554 2986 pergis
575 2912 800 2988 utcoepisti
822 2911 1007 2973 excolere
1024 2917 1075 2984 te,
1100 2927 1176 2972 non

198 3000 339 3069 potest.
373 3010 454 3054 nune
468 2995 548 3055 enim
563 3012 648 3056 amas
663 3011 726 3069 me,
748 2994 865 3056 amous
880 3011 1000 3057 nones.
1036 2994 1116 3069 Quid
1130 3009 1176 3055 er·

197 3084 260 3151 got
291 3077 369 3138 haec
389 3077 467 3138 inter
487 3094 522 3139 se
543 3079 665 3140 diversa
689 3086 780 3140 suntl
806 3079 898 3139 immo
920 3077 1094 3140 dissimilia=
1124 3077 1176 3154 qui

197 3161 314 3221 amicus
330 3167 392 3236 est,
410 3169 504 3237 amat,
524 3163 576 3239 qui
590 3171 684 3238 amat,
704 3177 765 3222 non
778 3164 885 3240 utique
899 3161 1016 3224 amicus
1031 3169 1089 3223 ast.
1121 3160 1176 3222 ita·

199 3260 260 3320 quc
280 3245 410 3305 amicitia
431 3261 553 3322 semper
570 3247 711 3322 prodest,
734 3262 820 3306 amor
835 3248 925 3307 etiam
939 3245 1106 3322 aliquando
1120 3261 1175 3306 no·

198 3337 253 3389 cet
290 3327 322 3388 Si
348 3329 422 3388 nihil
447 3331 545 3403 aliud,
572 3330 612 3390 ob
637 3330 697 3390 hoo
722 3330 853 3406 proiice,
883 3337 915 3391 ut
935 3346 1039 3391 amare
1060 3328 1175 3391 discas.

168 3410 318 3472 wastina
333 3427 422 3487 ergo,
442 3413 514 3474 dum
527 3413 599 3473 milri
613 3413 754 3488 proficis,
773 3429 813 3474 ne
827 3414 909 3474 istud
921 3411 1010 3474 alteri
1019 3412 1174 3474 didiceris.

197 3508 255 3568 ego
277 3495 401 3570 quidem
421 3497 557 3573 percipio
579 3498 638 3557 iam
658 3498 803 3572 lructum,
832 3514 900 3558 cum
921 3495 995 3558 mihi
1012 3496 1097 3572 fingo
1112 3510 1174 3556 uno
