2468 3930
200 215 264 282 loo
489 215 525 275 L.
544 215 693 276 ANNAEI
713 214 891 277 SENECAE

200 365 345 430 lescentis
360 373 421 428 tam
433 365 538 429 stolidi
552 385 644 444 quam
655 367 778 441 nobilis,
791 368 909 428 maiora
920 366 1076 442 sperantis
1087 383 1181 445 quam

200 454 252 514 illo
268 453 374 513 seculo
391 452 554 526 quisquam
575 466 703 526 sperare
718 457 837 527 poterat
851 458 903 511 aut
919 451 989 526 ipse
1002 450 1078 510 adio.
1110 466 1182 515 cum

201 552 294 611 aeger
310 552 330 595 a
344 542 453 595 senatu
466 535 496 594 in
512 537 621 595 lectica
634 537 749 598 relatus
764 541 849 594 esset
866 551 930 596 non
943 549 1020 595 sane
1033 534 1180 611 frequen·

200 620 283 680 tibus
298 618 467 695 exsequiis,
486 634 594 678 omnes
608 619 688 678 enim
703 618 872 678 necessarii
883 619 1086 680 deseruerant
1096 616 1181 695 inpie

201 704 262 763 iam
289 718 350 763 non
379 719 482 776 reum,
510 703 565 762 sed
595 702 704 762 lunusz
740 700 854 762 habere
879 702 982 776 coepit
1009 703 1180 778 consilium,

201 793 303 848 unum
316 787 526 846 conscisceret
540 792 668 845 mortem
689 802 728 846 an
750 791 954 859 exspectaret.
992 785 1042 847 cui
1056 783 1180 847 Scribo·

203 869 269 930 nia:
291 868 387 944 „quid
400 877 445 944 te,
461 869 568 943 inquit,
583 869 714 930 delectat
728 867 861 929 alienum
876 868 1032 943 negotium
1046 873 1181 944 ageret“

203 970 266 1014 non
291 954 448 1029 persuasit
472 950 530 1010 illie
552 968 661 1012 manns
688 951 747 1012 sibi
772 952 881 1012 adtulit
903 968 962 1012 uec
986 952 1054 1012 sine
1074 968 1179 1013 nausa

203 1054 275 1098 nam
298 1043 370 1113 post
389 1037 470 1096 diem
490 1035 611 1096 tertium
632 1043 684 1096 aut
712 1041 853 1110 quartum
877 1033 992 1099 inimici
1014 1035 1181 1097 moriturus

162 1122 326 1183 llarbitrio
349 1122 376 1180 si
395 1121 486 1194 vivit,
507 1119 639 1179 alienum
660 1119 814 1193 negotium
829 1119 899 1194 agit
942 1119 1021 1179 Non
1042 1121 1181 1195 possis

204 1205 308 1281 itaque
335 1205 375 1264 de
401 1220 437 1263 re
467 1203 505 1262 in
536 1203 763 1263 universum
789 1203 1062 1278 pronuntiare,
1100 1219 1182 1264 cnm

204 1296 361 1350 mortem
383 1289 445 1348 vis
468 1286 865 1363 externadenuntiat,
887 1287 1182 1362 occupandasit

204 1390 249 1433 an
265 1372 543 1446 exspectanda.
565 1371 658 1430 multa
672 1372 752 1429 enim
767 1375 853 1445 sunt,
876 1385 956 1446 quae
973 1371 1004 1428 in
1019 1377 1181 1445 utramque

204 1463 322 1531 partem
328 1453 448 1515 trahere
456 1460 597 1528 possunt.
610 1452 744 1514 Sialtera
750 1468 833 1514 mors
843 1469 912 1514 cnm
918 1461 1080 1524 tormento,
1086 1455 1182 1514 altera

208 1539 340 1615 simplex
358 1545 390 1599 et
405 1538 503 1598 lacilis
521 1545 584 1609 est,
607 1537 715 1612 quidni
731 1537 803 1598 huic
817 1538 971 1599 inicienda
986 1537 1028 1599 sit
1048 1537 1180 1598 manual

208 1623 469 1699 quemadmodum
480 1637 590 1681 navem
603 1621 714 1695 eligam
730 1620 931 1698 navigaturus
947 1627 980 1681 et
990 1623 1118 1682 domum
1128 1620 1180 1680 lm·

166 1737 200 1792 12
207 1707 370 1780 bitaturus,
386 1706 433 1768 sic
444 1711 574 1766 mortem
586 1704 724 1766 exiturus
736 1704 838 1766 evita.
859 1707 1025 1767 Praeterea
1034 1703 1179 1780 quemad·

209 1793 334 1852 modum
347 1807 411 1851 non
428 1789 536 1868 utique
552 1788 662 1849 melior
679 1795 729 1849 est
744 1789 868 1864 longior
878 1789 952 1861 vita,
969 1788 1016 1850 sic
1027 1789 1118 1865 peior
1132 1793 1180 1849 est

207 1874 317 1950 utique
328 1890 412 1934 mors
420 1872 552 1948 longior.
574 1875 607 1932 ln
620 1874 703 1933 nulla
713 1888 748 1932 re
756 1872 854 1948 magis
862 1889 954 1948 quam
965 1872 1106 1934 inmorta
1116 1887 1180 1933 mo·

208 1975 274 2019 rem
292 1958 393 2018 aninto
405 1972 515 2031 gerere
532 1956 693 2017 debemus.
720 1965 825 2032 exeat,
845 1973 907 2031 qua
925 1955 1064 2032 inpetum
1081 1954 1180 2031 cepit:

210 2042 279 2102 sive
290 2043 405 2101 ferrum
419 2038 537 2116 adpetit
547 2039 616 2100 sive
626 2041 772 2114 laqueum
787 2039 857 2101 sive
871 2039 1007 2114 aliquam
1020 2037 1180 2116 potionem

208 2139 308 2185 venas
321 2130 536 2199 occupantem,
550 2129 660 2198 pergat
669 2123 830 2184 etvincula
841 2123 999 2185 servitutis
1005 2125 1179 2199 abrumpat

208 2207 312 2269 Vitam
326 2214 358 2268 et
364 2208 432 2268 aliis
440 2207 614 2282 adprobare
621 2207 755 2283 quisque
762 2209 863 2280 debet,
875 2214 1004 2269 mortem
1011 2207 1088 2269 sibit
1104 2205 1181 2282 opti·

167 2302 201 2358 13
209 2307 269 2366 ma,
282 2307 365 2369 quae
374 2294 487 2367 placet.
509 2291 609 2351 Stulte
619 2292 697 2351 haec
709 2292 898 2365 cogitantur:
915 2290 1027 2365 aliquis
1038 2290 1183 2352 dicetma

207 2391 316 2452 parum
332 2374 449 2436 fortiter
464 2374 586 2450 iecisse,
601 2375 711 2451 aliquis
724 2375 813 2435 nimis
825 2382 949 2450 temere,
964 2373 1077 2450 aliquis
1087 2373 1183 2435 luisse

209 2459 335 2534 aliquod
349 2474 447 2533 genus
470 2459 574 2519 mortis
595 2458 765 2520 animosius
773 2464 802 2515 κ(
831 2459 878 2519 vis
899 2464 933 2519 tu
953 2458 1089 2533 cogitare
1104 2458 1137 2518 id
1152 2458 1182 2516 in

208 2543 349 2602 manibus
373 2558 445 2602 esse
467 2542 644 2616 consilium,
670 2543 711 2603 ad
737 2543 822 2619 quod
845 2543 926 2603 lama
945 2558 1008 2604 non
1033 2541 1183 2617 pertinett

208 2625 269 2686 lroc
289 2641 384 2685 unum
403 2626 535 2698 intuere,
558 2632 591 2684 nt
613 2633 644 2685 te
667 2628 808 2687 lortunae
833 2642 924 2701 quam
944 2626 1101 2686 celerrime
1126 2621 1183 2684 eri·

208 2706 293 2783 pias=
315 2707 451 2783 alioquin
466 2708 602 2781 aderunt,
619 2710 672 2784 qui
686 2711 726 2770 de
737 2712 817 2771 lacto
831 2715 884 2770 tuo
905 2709 986 2770 male
1003 2709 1184 2770 existiment.

167 2790 350 2852 lllnvenies
371 2792 460 2851 etiam
484 2793 644 2866 prolessos
666 2793 863 2869 sapientiam,
885 2794 937 2868 qui
958 2793 1019 2853 vim
1044 2793 1184 2853 adferan-

209 2876 280 2936 dam
293 2874 374 2934 vitae
388 2891 464 2935 suae
486 2884 599 2951 negent
618 2884 649 2937 et
667 2879 755 2938 nefas
776 2877 912 2938 iudicent
927 2876 1030 2952 ipsum
1044 2875 1184 2937 interem-

208 2965 327 3035 ptorem
342 2959 390 3019 sui
405 2958 486 3020 fieri:
510 2962 753 3036 exspectandum
775 2976 847 3021 esse
868 2959 997 3035 exitum,
1021 2975 1114 3035 quem
1132 2975 1184 3020 na·

208 3050 277 3105 tura
292 3042 436 3108 decrevit.
464 3044 524 3106 hoc
540 3043 593 3120 qui
608 3044 695 3120 dicit,
717 3061 779 3105 uon
795 3044 879 3105 videt
893 3061 929 3105 se
942 3044 1089 3104 libertatis
1105 3043 1185 3102 viam

210 3127 344 3188 cludere.
381 3129 423 3188 nil
438 3130 545 3189 melius
562 3137 685 3189 aeterna
698 3131 750 3189 lex
765 3128 851 3200 lecit,
876 3144 968 3205 quam
990 3127 1076 3203 quod
1090 3140 1186 3187 unum

169 3211 363 3273 15introitnm
377 3211 468 3275 nobis
483 3214 523 3273 ad
539 3213 630 3272 vitam
645 3212 741 3288 dedit,
765 3213 865 3272 exitus
882 3214 1007 3283 multos.
1050 3211 1118 3286 Ego
1131 3225 1185 3269 ex-

210 3302 347 3371 spectem
362 3297 411 3356 vel
425 3297 524 3358 morbi
542 3297 750 3358 crudelitatem
763 3297 814 3357 vel
827 3295 968 3370 hominis,
985 3310 1055 3356 cnm
1066 3293 1187 3370 possim

209 3394 267 3454 per
290 3379 392 3440 media
417 3378 502 3442 exire
522 3387 673 3443 tormenta
693 3389 724 3442 et
743 3381 875 3442 adversa
896 3380 1073 3440 discuteret
1106 3377 1186 3439 Hoc

209 3470 270 3526 est
298 3480 425 3538 unum,
464 3464 590 3526 curde
619 3466 699 3527 vita
725 3481 800 3525 non
827 3464 1028 3541 possimus
1056 3460 1186 3540 querit
