2468 3930
209 225 382 288 EPISTUL.
396 227 490 290 MOR.
511 230 583 290 LIB.
596 231 661 292 vlt.
683 231 740 291 ΕΡ.
756 239 782 294 3.
800 240 826 294 4.
848 241 904 308 (66.
920 238 978 305 66.)
1021 235 1083 300 143

106 384 325 439 tormentorum
340 378 485 453 patientia
500 387 530 440 et
543 379 572 439 in
585 381 692 441 morbo
704 382 789 456 gravi
801 384 1016 458 temperantiae
1032 385 1082 446 illa

104 463 189 523 bona
217 461 333 522 directo
356 462 527 537 optabimus
554 464 659 538 nobis,
687 464 778 539 haec,
807 466 834 526 si
859 482 989 529 necesse
1015 469 1080 532 erit.

106 550 179 606 sunt
194 545 295 605 adhuc
309 546 440 618 tertia,
463 553 616 622 tamquam
633 549 792 609 modestus
808 547 949 625 incessus
965 558 996 612 et
1008 567 1081 613 con-

105 629 227 704 positus
242 643 279 689 ac
294 629 411 704 probus
428 631 528 691 voltus
542 637 572 691 66
586 631 773 693 conveniens
788 633 930 708 prudenti
947 635 1012 696 viro
1028 651 1079 710 ge·

105 719 184 773 stus.
228 711 386 786 Quomodo
412 711 472 773 ista
491 712 569 774 inter
589 730 624 774 66
643 716 730 790 paria
749 731 821 775 6666
842 724 988 792 possunt,
1011 725 1108 780 cumo

106 796 167 856 alia
180 794 317 871 optanda
337 793 412 870 sint,
435 797 493 856 alia
512 799 706 859 aversanda?
734 799 767 860 Si
783 801 924 862 volumus
945 801 1004 861 ista
1019 803 1080 864 dis-

105 881 259 956 tinguere,
286 880 326 939 ad
354 880 483 954 primum
507 880 622 943 bonurn
641 889 829 943 revertamur
849 890 880 944 et
904 885 1078 946 considere·

104 980 173 1024 mus
194 963 226 1024 id
248 964 339 1039 qualo
359 964 414 1024 sit:
436 965 555 1026 unimus
576 964 698 1026 intuens
720 982 809 1042 vera,
832 966 947 1041 peritus
963 969 1079 1043 lugien-

105 1046 216 1108 dorum
230 1062 267 1106 ac
281 1047 500 1122 petendorum,
521 1064 583 1108 non
604 1065 643 1109 ex
665 1047 825 1125 opinione,
847 1051 903 1110 sed
918 1066 957 1109 ex
972 1060 1080 1112 natura

105 1131 203 1206 pretia
215 1130 310 1191 rebus
324 1130 490 1206 inponens,
513 1133 567 1192 toti
588 1148 624 1192 66
638 1133 778 1194 inserens
790 1133 904 1192 mundo
922 1139 952 1193 66
970 1128 1000 1193 in
1016 1150 1079 1194 om-

103 1230 161 1275 nes
177 1213 244 1274 eius
259 1221 345 1274 actus
362 1214 648 1290 contemplationem
664 1231 752 1276 suurn
766 1216 902 1289 mittens,
920 1218 1078 1292 cogitatio·

104 1298 196 1359 nibus
216 1296 450 1372 nationibusque
471 1299 619 1372 intentuS,
642 1314 799 1375 exaequo
820 1314 949 1374 magnus
970 1317 1007 1361 66
1026 1317 1078 1361 ve·

103 1382 247 1453 tremens,
270 1381 390 1456 asperis
411 1380 594 1456 blandisque
619 1380 733 1457 pariter
754 1383 899 1457 invictus,
922 1385 1021 1444 neutri
1043 1399 1080 1444 se

103 1466 245 1527 fortunae
260 1464 455 1539 submittens,
477 1481 573 1540 supra
588 1465 689 1526 omnia
705 1483 784 1541 quae
802 1466 985 1542 contingunt,
999 1469 1078 1528 acci·

103 1551 241 1624 duntque
255 1548 408 1623 eminens,
430 1547 666 1623 pulcherrimus,
684 1550 928 1611 ordinatissimus
941 1567 1010 1614 curn
1026 1551 1077 1611 de·

103 1647 177 1694 core
190 1638 253 1694 mm
267 1630 394 1707 viribus,
408 1647 503 1693 66666
516 1648 553 1692 66
567 1633 715 1707 sincerus,
728 1634 970 1710 inperturbatus,
988 1633 1078 1697 intre-

102 1716 211 1792 pidus,
237 1731 328 1792 quem
348 1717 431 1776 nulla
449 1717 498 1776 vis
519 1717 654 1792 frangat,
678 1734 768 1793 quern
785 1733 844 1777 666
858 1718 1005 1779 adtollant
1017 1721 1077 1779 lor-

101 1800 178 1861 tuita
199 1815 257 1860 nec
269 1800 454 1874 deprimant:
478 1801 546 1862 talis
567 1801 686 1861 animus
706 1801 802 1862 virtus
825 1809 881 1862 666.
916 1802 995 1862 6666
1011 1802 1105 1863 eiust

103 1891 151 1944 est
164 1881 276 1955 iacies,
301 1884 327 1942 si
342 1884 399 1944 sub
419 1901 512 1944 unum
533 1884 634 1945 veniat
654 1885 834 1960 adspectum
855 1894 884 1946 ct
905 1887 1000 1946 senrel
1015 1892 1077 1947 tota

103 1983 139 2028 66
154 1967 311 2030 ostendat:
334 1975 467 2028 ceterum
482 1968 592 2028 multae
605 1967 671 2028 eius
688 1968 810 2043 speeies
826 1978 906 2044 sunt,
925 1985 1005 2045 quae
1020 1986 1088 2052 pro„

101 2051 183 2112 vitae
196 2051 343 2110 varietate
364 2059 394 2111 et
410 2067 464 2126 pro
485 2051 655 2113 actionibus
676 2053 881 2128 explicantur:
902 2068 960 2113 666
979 2054 1078 2114 minor

101 2133 135 2193 iit
151 2140 202 2205 666
215 2133 314 2208 major
328 2135 405 2209 ipsa.
429 2135 610 2196 decrescere
625 2135 704 2196 enim
719 2153 871 2196 summurn
884 2136 999 2198 bonum
1014 2153 1076 2197 non

102 2224 204 2292 potest
218 2233 277 2278 nec
291 2218 391 2278 virtuti
411 2218 455 2278 ire
469 2227 550 2280 retro
572 2220 656 2280 licet=
679 2221 735 2279 scd
756 2219 787 2278 in
802 2220 878 2279 alias
892 2227 985 2295 atque
1001 2221 1077 2280 alias

102 2300 264 2376 qualitates
277 2303 463 2362 convertitur
485 2304 523 2363 66
544 2317 660 2375 rerum,
684 2319 763 2377 quas
785 2310 890 2362 actura
908 2311 970 2376 est,
991 2302 1075 2362 habi-

101 2392 166 2445 tum
179 2385 318 2460 figurata.
351 2384 501 2462 Quicquid
515 2386 637 2460 adtigit,
660 2385 692 2447 in
714 2384 941 2446 similitudinem
959 2385 1007 2445 sui
1022 2385 1105 2444 tid-8

102 2468 186 2530 ducit
206 2475 237 2530 66
252 2468 352 2544 tingit:
375 2469 528 2540 actiones,
552 2468 714 2542 amicitias,
736 2469 887 2529 interdum
905 2467 1014 2529 domos
1029 2475 1074 2528 to-

100 2560 165 2626 tas,
187 2567 265 2627 6666
287 2552 408 2614 intravit
434 2553 664 2629 disposuitque,
694 2553 889 2613 condecorat.
929 2551 1075 2628 quicquid

100 2636 255 2710 tractavit,
270 2636 302 2697 id
317 2636 459 2710 amabile,
475 2636 690 2712 conspicuum,
707 2636 843 2696 mirabile
858 2636 938 2696 lacit.
971 2635 1075 2711 itaque

100 2720 149 2779 vis
165 2719 231 2779 cius
252 2727 283 2779 et
302 2717 478 2795 magnitudo
494 2722 574 2782 ultra
594 2736 655 2780 non
668 2726 771 2796 potest
786 2735 926 2795 surgere,
951 2720 1074 2794 quando

101 2801 461 2864 incrementummaximo
472 2819 534 2864 666
546 2803 694 2864 estenihil
705 2802 843 2865 invenies
853 2805 968 2865 rectius
979 2810 1073 2878 recto,

101 2902 164 2948 non
179 2886 277 2960 magis
293 2902 383 2962 quarn
397 2887 501 2948 verius
514 2903 604 2962 vero,
627 2904 717 2964 quarn
737 2894 904 2963 temperato
924 2896 1076 2964 tempera-

100 2969 172 3031 tius.
209 2968 313 3030 Omnis
334 2971 364 3030 in
385 2971 477 3032 modo
500 2979 547 3033 est
566 2972 672 3032 virtus.
706 2973 817 3033 modus
836 2978 918 3032 certa
932 2979 1106 3036 mensurat

100 3059 164 3114 est=
180 3054 352 3115 constantia
363 3071 425 3115 non
437 3053 536 3129 habet,
551 3070 612 3130 quo
626 3057 782 3130 procedat,
796 3072 857 3117 666
872 3056 969 3130 magis
983 3070 1075 3130 quarn

99 3136 216 3198 fiducia
235 3143 288 3198 aut
313 3137 425 3199 veritas
451 3145 501 3199 aut
523 3138 611 3199 fides.
656 3138 734 3213 Quid
758 3139 907 3200 accedere
937 3138 1075 3213 perlecto

101 3227 225 3295 potesta
250 3219 339 3295 nihil,
354 3228 406 3282 aut
419 3222 587 3297 perlectum
601 3238 663 3283 non
679 3229 758 3296 erat,
774 3223 822 3282 cui
837 3220 984 3281 accessitz
1000 3233 1073 3292 ergo

100 3320 139 3365 66
155 3303 258 3366 virtuti
274 3305 413 3381 quidem,
435 3303 484 3366 cui
503 3305 530 3366 si
552 3306 624 3381 quid
640 3304 719 3364 adici
733 3311 851 3380 potest,
873 3303 975 3363 deluit.
1012 3301 1073 3362 Ho-

100 3397 222 3451 nestum
245 3404 371 3465 quoque
390 3391 502 3450 nullarn
524 3388 735 3449 accessionem
760 3386 876 3463 recipit
911 3386 1074 3447 honestum

102 3481 148 3534 666
162 3473 244 3535 enim
258 3479 385 3550 propter
399 3474 472 3548 ista,
497 3489 577 3550 quae
591 3470 688 3534 retuli.
712 3471 784 3548 quid
799 3475 915 3548 porrot
929 3470 1073 3531 decorum
