2468 3930
258 199 428 262 unsrun.
443 199 538 262 non.
560 200 633 261 tro.
648 201 715 261 xv.
737 201 794 260 nr.
809 211 837 264 a.
858 206 931 278 (oo.)
1024 201 1086 265 eos

104 354 278 434 opiniones,
293 369 372 428 quae
386 367 445 413 nos
461 352 701 428 circumsonant,
720 355 915 428 repellantur.
935 353 1015 415 Nulli
1030 361 1132 420 nostd

102 442 178 503 vitio
191 447 301 499 natura
315 434 470 498 conciliatr
487 436 537 496 illa
551 437 687 512 integros
702 454 738 498 ac
753 436 868 498 liberos
883 439 997 512 genuit.
1011 437 1088 502 nihil

104 540 166 602 quo
181 520 339 584 arentiam
353 527 489 582 nostram
505 521 653 597 imitaret,
673 519 779 596 posuit
801 521 832 580 in
852 529 970 597 aperto.
1000 523 1087 600 pedi·

102 609 163 669 bus
178 621 286 668 aurum
301 611 523 680 argentumque
544 605 675 666 subiecit
696 605 939 682 calcandumque
959 622 997 668 ac
1017 624 1088 683 pre-

102 689 247 752 mendum
267 688 366 761 dedit,
389 688 534 766 quicquid
549 695 612 763 est,
633 695 760 764 propter
780 689 866 764 quod
885 692 1038 752 calcamur
1051 706 1088 752 nc

102 775 276 851 promimur.
319 771 371 833 ilie
392 773 493 834 voltus
514 779 638 833 nostros
653 772 751 832 erexit
767 772 807 832 ad
822 775 942 834 coelum
957 782 988 835 et
1002 774 1087 852 quic·

103 858 180 935 quid
193 853 389 932 magnificum
403 855 575 931 mirumque
589 857 718 928 iecerat,
742 855 838 917 videri
860 874 879 916 a
894 859 1088 933 suspicienti-

101 943 161 1003 bus
184 940 295 1002 voluit=
319 947 405 1003 ortus
428 955 622 1014 occasusque
645 945 676 1000 et
696 941 891 1015 properantis
906 943 1012 1003 mundi
1032 959 1087 1003 vo-

100 1024 227 1087 lubilem
239 1039 378 1098 cursum,
400 1023 533 1084 interdiu
547 1030 669 1083 terrena
684 1023 880 1099 aperientem,
910 1032 1001 1086 nocte
1017 1041 1087 1086 coe-

100 1109 199 1184 lestia,
214 1108 320 1168 tardos
336 1107 469 1168 siderum
485 1108 636 1178 incessus,
655 1105 683 1168 si
698 1122 852 1183 conpares
867 1109 931 1181 toti,
947 1108 1089 1169 citatissi-

101 1209 170 1254 mos
184 1199 297 1266 autem,
313 1192 340 1252 si
355 1192 482 1267 cogites,
499 1199 611 1266 quanto
626 1189 725 1265 spatia
739 1207 906 1268 numquam
914 1190 1089 1253 intermisse

100 1275 266 1337 velocitate
284 1276 487 1348 circumeant,
519 1276 658 1336 delectus
683 1275 759 1335 solis
786 1291 823 1336 ae
844 1276 937 1337 lunae
957 1275 1089 1336 invicem

101 1359 296 1433 obstantium,
312 1359 373 1418 alia
388 1358 536 1434 deinceps
553 1358 646 1435 digna
661 1359 779 1433 miratu,
795 1361 861 1420 sive
875 1375 932 1436 per
950 1360 1088 1420 ordinem

101 1444 250 1517 subeunt,
272 1443 339 1503 sine
354 1443 463 1503 subitis
480 1443 583 1504 cnusis
600 1450 683 1503 mota
698 1444 873 1518 prosiliunt,
896 1451 929 1504 ut
948 1444 1089 1504 nocturni

99 1526 216 1603 ignium
230 1534 345 1589 tractus
362 1533 392 1586 et
406 1527 474 1588 sinc
493 1527 556 1588 ullo
577 1527 639 1588 ictu
662 1527 828 1603 sonituque
850 1528 986 1603 fulgores
1008 1525 1088 1589 coeli

100 1611 290 1688 patescentis
305 1613 527 1686 columnaeque
539 1626 575 1671 ac
586 1612 689 1671 trabes
701 1611 1088 1673 etvariesimulacraflam-

100 1711 233 1756 marum:
253 1695 331 1755 haec
348 1711 444 1770 supra
465 1710 523 1755 nos
543 1696 622 1755 ituro
644 1695 813 1771 disposuit,
836 1711 944 1758 nurum
965 1698 1128 1773 quidemn?

102 1786 134 1841 ct
155 1786 313 1854 argentum
337 1786 367 1840 et
387 1787 513 1854 propter
532 1776 593 1839 ista
613 1796 778 1855 numquam
795 1795 903 1857 pacem
916 1796 1013 1856 agens
1028 1781 1088 1840 ier-

101 1879 182 1937 rum,
207 1863 295 1938 quasi
309 1863 388 1923 male
402 1861 492 1926 nobis
508 1863 773 1940 committerentur,
789 1865 965 1926 abscondit=
981 1881 1039 1926 nos
1057 1865 1088 1923 in

101 1949 217 2018 lucem,
244 1955 371 2022 propter
399 1962 479 2022 quae
506 1963 728 2024 pugnaremus,
751 1950 924 2010 extulimus.
969 1966 1027 2010 nos
1058 1955 1089 2009 et

101 2046 215 2093 causas
241 2031 447 2105 periculorum
471 2038 645 2094 nostrorum
669 2040 700 2094 ct
727 2031 928 2098 instrumenta
957 2033 1087 2095 disiecto

100 2123 250 2177 terrarum
263 2115 401 2189 pondere
417 2117 562 2177 eruimus.
588 2131 646 2177 nos
662 2117 803 2178 fortunae
816 2119 895 2177 mala
908 2125 1014 2178 nostra
1030 2123 1089 2176 tra·

100 2197 236 2260 didimus
251 2214 309 2258 nec
326 2198 537 2260 erubescimus
559 2215 678 2259 summa
692 2201 776 2275 apud
791 2216 849 2260 nos
865 2199 986 2274 heberi,
1009 2215 1089 2276 quac

101 2282 224 2343 lucrant
237 2281 298 2342 ima
311 2291 468 2344 terrarum.
493 2283 550 2343 Vis
566 2284 655 2357 scire,
674 2300 766 2357 quem
781 2286 877 2344 falsus
894 2285 1003 2345 oculos
1018 2287 1131 2345 tuosofl

101 2366 259 2442 deceperit
272 2366 396 2440 nugoro
416 2365 489 2428 nihil
505 2374 553 2428 est
565 2365 650 2439 istis,
669 2367 815 2442 quamdiu
836 2382 939 2428 merse
954 2375 983 2427 et
1001 2367 1088 2427 inve

101 2452 166 2511 luta
180 2466 279 2513 coeno
295 2466 352 2513 suo
368 2451 483 2525 iacent,
507 2448 645 2524 foedius,
663 2450 735 2510 nihil
759 2450 932 2511 obscurius.
972 2449 1088 2525 quidni,

103 2550 185 2610 quae
198 2550 256 2610 per
271 2534 520 2610 longissimorum
538 2534 750 2595 cuniculorum
764 2536 908 2596 tenebras
925 2533 1088 2595 extrahun-

101 2615 174 2679 tur?
192 2617 266 2679 nihil
281 2626 330 2681 est
343 2619 417 2695 illis,
443 2620 515 2680 durn
528 2619 605 2680 liunt
624 2625 688 2679 eta
710 2618 797 2680 faece
818 2635 875 2679 sua
896 2625 1087 2694 separantur,

100 2702 273 2764 informius.
317 2703 451 2779 denique
471 2704 558 2778 ipsos
580 2703 709 2779 opifices
731 2704 867 2777 intuere,
888 2720 943 2779 per
959 2719 1090 2779 quorum

102 2802 211 2848 manus
231 2787 336 2849 sterile
356 2795 456 2848 torrae
470 2803 569 2863 genus
590 2796 621 2850 et
638 2789 787 2849 internum
803 2795 1023 2864 perpurgaturc
1043 2785 1088 2847 vi-

101 2870 191 2932 debis
207 2878 322 2948 quanta
342 2872 467 2947 iuligine
489 2873 676 2935 oblinantur:
694 2873 778 2948 atqui
796 2872 855 2935 istc
875 2872 972 2948 magis
989 2869 1089 2948 inqui·
1096 2874 1131 2929 59

102 2960 178 3015 nent
190 2956 309 3017 ammos
322 2972 413 3031 quam
428 2972 560 3031 corpora
574 2958 649 3018 etin
663 2972 852 3033 possessore
868 2973 976 3018 eorum
996 2972 1088 3031 quam

98 3036 133 3098 in
148 3039 350 3115 artificeplns
366 3040 503 3102 sordium
518 3048 575 3102 est.
617 3041 828 3102 necessarium
847 3043 951 3117 itaque
974 3047 1023 3100 est
1035 3038 1088 3099 ed·

103 3123 222 3184 moneri
243 3131 275 3185 et
292 3123 407 3187 habere
424 3126 558 3200 aliquem
572 3125 756 3186 advocatum
770 3124 872 3184 bonae
887 3123 997 3183 mentis
1013 3124 1088 3182 etin

101 3213 186 3268 tauto
214 3207 336 3269 fremitu
361 3209 553 3284 tumultuque
579 3209 728 3270 falsorum
754 3224 845 3268 unam
874 3207 1009 3281 denique
1034 3221 1088 3265 an·

102 3286 170 3351 dire
184 3305 304 3353 vocem.
333 3291 418 3367 Quae
432 3295 490 3354 erit
503 3293 555 3353 illa
568 3299 652 3353 vox?
666 3308 704 3353 ee
717 3291 843 3364 scilicet,
860 3305 940 3365 quee
956 3289 1008 3350 tibi
1022 3296 1088 3349 tan·

97 3371 142 3435 tis
163 3374 349 3439 clamoribus
371 3377 545 3441 ambitionis
567 3376 734 3438 exsurdato
763 3373 897 3437 salubria
918 3374 1089 3434 insusurret

101 3455 214 3534 verba,
240 3474 320 3535 quae
335 3459 432 3523 dicati
470 3461 539 3522 Non
560 3465 622 3535 est,
645 3460 729 3536 quod
744 3458 884 3520 invideas
898 3455 980 3533 istis,
1007 3463 1132 3532 quosoo
