<?xml version="1.0" encoding="UTF-8"?>
<!DOCTYPE html PUBLIC "-//W3C//DTD XHTML 1.0 Transitional//EN"
    "http://www.w3.org/TR/xhtml1/DTD/xhtml1-transitional.dtd">
<html xmlns="http://www.w3.org/1999/xhtml" xml:lang="en" lang="en">
 <head>
  <title>
</title>
<meta http-equiv="Content-Type" content="text/html;charset=utf-8" />
  <meta name='ocr-system' content='tesseract 3.04.00' />
  <meta name='ocr-capabilities' content='ocr_page ocr_carea ocr_par ocr_line ocrx_word'/>
</head>
<body>
  <div class='ocr_page' id='page_1' title='image "./lannaeisenecaeo00haasgoog_0497.png"; bbox 0 0 2468 3930; ppageno 0'>
   <div class='ocr_carea' id='block_1_1' title="bbox 188 246 846 312">
    <p class='ocr_par' dir='ltr' id='par_1_1' title="bbox 188 246 846 312">
     <span class='ocr_line' id='line_1_1' title="bbox 188 246 846 312; baseline -0.006 -1"><span class='ocrx_word' id='word_1_1' title='bbox 188 246 252 312; x_wconf 81' lang='lat'>464</span> <span class='ocrx_word' id='word_1_2' title='bbox 489 251 519 308; x_wconf 90' lang='lat' dir='ltr'>L.</span> <span class='ocrx_word' id='word_1_3' title='bbox 531 249 669 309; x_wconf 86' lang='grc' dir='ltr'><strong>ΑΝΝΑΕΙ</strong></span> <span class='ocrx_word' id='word_1_4' title='bbox 682 249 846 308; x_wconf 80' lang='lat' dir='ltr'>SENECAE</span> 
     </span>
    </p>
   </div>
   <div class='ocr_carea' id='block_1_2' title="bbox 88 402 1171 3580">
    <p class='ocr_par' dir='ltr' id='par_1_2' title="bbox 183 402 1170 561">
     <span class='ocr_line' id='line_1_2' title="bbox 185 402 1170 476; baseline 0 -15"><span class='ocrx_word' id='word_1_5' title='bbox 185 404 344 461; x_wconf 90' lang='lat' dir='ltr'>innocentia</span> <span class='ocrx_word' id='word_1_6' title='bbox 364 421 428 461; x_wconf 75' lang='lat' dir='ltr'>ntea</span> <span class='ocrx_word' id='word_1_7' title='bbox 448 420 522 460; x_wconf 91' lang='lat' dir='ltr'>nunc</span> <span class='ocrx_word' id='word_1_8' title='bbox 539 404 659 460; x_wconf 79' lang='lat' dir='ltr'>maxime</span> <span class='ocrx_word' id='word_1_9' title='bbox 675 402 797 476; x_wconf 79' lang='lat' dir='ltr'>gaudeo</span> <span class='ocrx_word' id='word_1_10' title='bbox 820 407 937 475; x_wconf 87' lang='lat' dir='ltr'>apparet</span> <span class='ocrx_word' id='word_1_11' title='bbox 952 403 1027 459; x_wconf 89' lang='lat' dir='ltr'>enim</span> <span class='ocrx_word' id='word_1_12' title='bbox 1043 403 1107 461; x_wconf 93' lang='lat' dir='ltr'>illos</span> <span class='ocrx_word' id='word_1_13' title='bbox 1122 407 1170 462; x_wconf 95' lang='lat' dir='ltr'>ob</span> 
     </span>
     <span class='ocr_line' id='line_1_3' title="bbox 183 488 595 561; baseline -0.005 -17"><span class='ocrx_word' id='word_1_14' title='bbox 183 490 305 544; x_wconf 85' lang='lat' dir='ltr'>lecturos</span> <span class='ocrx_word' id='word_1_15' title='bbox 321 504 406 558; x_wconf 86' lang='lat' dir='ltr'>vcra,</span> <span class='ocrx_word' id='word_1_16' title='bbox 429 488 453 543; x_wconf 89' lang='lat' dir='ltr'>si</span> <span class='ocrx_word' id='word_1_17' title='bbox 469 493 595 561; x_wconf 82' lang='lat' dir='ltr'><strong>possent.</strong></span> 
     </span>
    </p>

    <p class='ocr_par' dir='ltr' id='par_1_3' title="bbox 142 571 1171 726">
     <span class='ocr_line' id='line_1_4' title="bbox 142 571 1171 644; baseline -0.003 -13"><span class='ocrx_word' id='word_1_18' title='bbox 142 575 178 631; x_wconf 82' lang='grc'>43</span> <span class='ocrx_word' id='word_1_19' title='bbox 251 572 314 626; x_wconf 91' lang='lat' dir='ltr'>Non</span> <span class='ocrx_word' id='word_1_20' title='bbox 335 588 366 627; x_wconf 93' lang='lat' dir='ltr'>es</span> <span class='ocrx_word' id='word_1_21' title='bbox 389 572 418 626; x_wconf 91' lang='lat' dir='ltr'>in</span> <span class='ocrx_word' id='word_1_22' title='bbox 437 572 542 644; x_wconf 87' lang='lat' dir='ltr'>patria·</span> <span class='ocrx_word' id='word_1_23' title='bbox 570 572 659 643; x_wconf 88' lang='lat' dir='ltr'>patria</span> <span class='ocrx_word' id='word_1_24' title='bbox 684 577 727 626; x_wconf 87' lang='lat' dir='ltr'>est</span> <span class='ocrx_word' id='word_1_25' title='bbox 748 571 916 642; x_wconf 89' lang='lat' dir='ltr'>ubicumque</span> <span class='ocrx_word' id='word_1_26' title='bbox 930 572 1004 627; x_wconf 91' lang='lat' dir='ltr'>bene</span> <span class='ocrx_word' id='word_1_27' title='bbox 1024 576 1075 628; x_wconf 80' lang='lat' dir='ltr'>est.</span> <span class='ocrx_word' id='word_1_28' title='bbox 1103 571 1171 628; x_wconf 89' lang='lat' dir='ltr'>illud</span> 
     </span>
     <span class='ocr_line' id='line_1_5' title="bbox 187 651 1110 726; baseline 0.001 -15"><span class='ocrx_word' id='word_1_29' title='bbox 187 656 275 724; x_wconf 92' lang='lat' dir='ltr'>enim,</span> <span class='ocrx_word' id='word_1_30' title='bbox 297 670 351 726; x_wconf 89' lang='lat' dir='ltr'>per</span> <span class='ocrx_word' id='word_1_31' title='bbox 367 654 443 726; x_wconf 80' lang='lat' dir='ltr'>quoii</span> <span class='ocrx_word' id='word_1_32' title='bbox 457 658 529 712; x_wconf 90' lang='lat' dir='ltr'>bene</span> <span class='ocrx_word' id='word_1_33' title='bbox 546 661 602 725; x_wconf 93' lang='lat' dir='ltr'>est,</span> <span class='ocrx_word' id='word_1_34' title='bbox 624 670 681 711; x_wconf 90' lang='lat' dir='ltr'>non</span> <span class='ocrx_word' id='word_1_35' title='bbox 697 655 726 710; x_wconf 90' lang='lat' dir='ltr'>in</span> <span class='ocrx_word' id='word_1_36' title='bbox 741 656 804 711; x_wconf 94' lang='lat' dir='ltr'>loco</span> <span class='ocrx_word' id='word_1_37' title='bbox 820 654 872 711; x_wconf 88' lang='lat' dir='ltr'>sed</span> <span class='ocrx_word' id='word_1_38' title='bbox 887 653 916 709; x_wconf 90' lang='lat' dir='ltr'>in</span> <span class='ocrx_word' id='word_1_39' title='bbox 929 651 1043 710; x_wconf 88' lang='lat' dir='ltr'>homine</span> <span class='ocrx_word' id='word_1_40' title='bbox 1059 661 1110 712; x_wconf 81' lang='lat' dir='ltr'>est</span> 
     </span>
    </p>

    <p class='ocr_par' dir='ltr' id='par_1_4' title="bbox 142 737 1171 894">
     <span class='ocr_line' id='line_1_6' title="bbox 142 737 1171 811; baseline 0 -14"><span class='ocrx_word' id='word_1_41' title='bbox 142 743 177 797; x_wconf 85' lang='lat'>44</span> <span class='ocrx_word' id='word_1_42' title='bbox 249 737 323 793; x_wconf 91' lang='lat' dir='ltr'>Nihil</span> <span class='ocrx_word' id='word_1_43' title='bbox 341 755 474 811; x_wconf 86' lang='lat' dir='ltr'>magnum</span> <span class='ocrx_word' id='word_1_44' title='bbox 496 739 585 795; x_wconf 91' lang='lat' dir='ltr'>estin</span> <span class='ocrx_word' id='word_1_45' title='bbox 605 741 690 796; x_wconf 85' lang='lat' dir='ltr'>rebus</span> <span class='ocrx_word' id='word_1_46' title='bbox 709 738 855 808; x_wconf 88' lang='lat' dir='ltr'>humanis,</span> <span class='ocrx_word' id='word_1_47' title='bbox 876 737 930 793; x_wconf 88' lang='lat' dir='ltr'>nisi</span> <span class='ocrx_word' id='word_1_48' title='bbox 946 738 1056 795; x_wconf 87' lang='lat' dir='ltr'>animus</span> <span class='ocrx_word' id='word_1_49' title='bbox 1068 753 1171 808; x_wconf 78' lang='lat' dir='ltr'>magna</span> 
     </span>
     <span class='ocr_line' id='line_1_7' title="bbox 185 822 355 894; baseline -0.024 -16"><span class='ocrx_word' id='word_1_50' title='bbox 185 822 355 894; x_wconf 89' lang='lat' dir='ltr'>despiciens.</span> 
     </span>
    </p>

    <p class='ocr_par' dir='ltr' id='par_1_5' title="bbox 141 904 1091 978">
     <span class='ocr_line' id='line_1_8' title="bbox 141 904 1091 978; baseline 0 -15"><span class='ocrx_word' id='word_1_51' title='bbox 141 909 175 963; x_wconf 81' lang='lat'>45</span> <span class='ocrx_word' id='word_1_52' title='bbox 251 905 329 973; x_wconf 85' lang='lat' dir='ltr'><strong>Quae</strong></span> <span class='ocrx_word' id='word_1_53' title='bbox 345 911 408 960; x_wconf 91' lang='lat' dir='ltr'>sunt</span> <span class='ocrx_word' id='word_1_54' title='bbox 421 921 541 978; x_wconf 89' lang='lat' dir='ltr'>magnae</span> <span class='ocrx_word' id='word_1_55' title='bbox 558 906 695 963; x_wconf 69' lang='lat' dir='ltr'>divitiae?</span> <span class='ocrx_word' id='word_1_56' title='bbox 716 921 774 961; x_wconf 90' lang='lat' dir='ltr'>non</span> <span class='ocrx_word' id='word_1_57' title='bbox 789 904 953 962; x_wconf 84' lang='lat' dir='ltr'>desiderare</span> <span class='ocrx_word' id='word_1_58' title='bbox 969 906 1091 964; x_wconf 87' lang='lat' dir='ltr'>divitias.</span> 
     </span>
    </p>

    <p class='ocr_par' dir='ltr' id='par_1_6' title="bbox 140 989 925 1061">
     <span class='ocr_line' id='line_1_9' title="bbox 140 989 925 1061; baseline -0.004 -14"><span class='ocrx_word' id='word_1_59' title='bbox 140 992 175 1047; x_wconf 89' lang='grc'>46</span> <span class='ocrx_word' id='word_1_60' title='bbox 250 989 317 1058; x_wconf 83' lang='lat' dir='ltr'>Quis</span> <span class='ocrx_word' id='word_1_61' title='bbox 333 990 483 1061; x_wconf 89' lang='lat' dir='ltr'>plurimum</span> <span class='ocrx_word' id='word_1_62' title='bbox 496 989 601 1046; x_wconf 73' lang='lat' dir='ltr'>habet?</span> <span class='ocrx_word' id='word_1_63' title='bbox 621 991 668 1061; x_wconf 88' lang='lat' dir='ltr'>qui</span> <span class='ocrx_word' id='word_1_64' title='bbox 683 989 826 1046; x_wconf 90' lang='lat' dir='ltr'>minimum</span> <span class='ocrx_word' id='word_1_65' title='bbox 841 990 925 1061; x_wconf 90' lang='lat' dir='ltr'>cupit.</span> 
     </span>
    </p>

    <p class='ocr_par' dir='ltr' id='par_1_7' title="bbox 141 1070 1086 1148">
     <span class='ocr_line' id='line_1_10' title="bbox 141 1070 1086 1148; baseline -0.003 -18"><span class='ocrx_word' id='word_1_66' title='bbox 141 1076 176 1133; x_wconf 84' lang='grc'>47</span> <span class='ocrx_word' id='word_1_67' title='bbox 251 1072 324 1142; x_wconf 83' lang='lat' dir='ltr'>Quid</span> <span class='ocrx_word' id='word_1_68' title='bbox 339 1079 381 1128; x_wconf 92' lang='lat' dir='ltr'>est</span> <span class='ocrx_word' id='word_1_69' title='bbox 395 1073 463 1129; x_wconf 88' lang='lat' dir='ltr'>dare</span> <span class='ocrx_word' id='word_1_70' title='bbox 477 1072 644 1128; x_wconf 87' lang='lat' dir='ltr'>beneficium</span> <span class='ocrx_word' id='word_1_71' title='bbox 661 1070 762 1148; x_wconf 72' lang='lat' dir='ltr'>[dcoJl</span> <span class='ocrx_word' id='word_1_72' title='bbox 785 1073 869 1129; x_wconf 88' lang='lat' dir='ltr'>deum</span> <span class='ocrx_word' id='word_1_73' title='bbox 883 1072 994 1128; x_wconf 89' lang='lat' dir='ltr'>imitari.</span> <span class='ocrx_word' id='word_1_74' title='bbox 1083 1086 1086 1090; x_wconf 64' lang='grc'><strong>“</strong></span> 
     </span>
    </p>

    <p class='ocr_par' dir='ltr' id='par_1_8' title="bbox 142 1156 1168 1297">
     <span class='ocr_line' id='line_1_11' title="bbox 142 1156 1168 1230; baseline 0.001 -16"><span class='ocrx_word' id='word_1_75' title='bbox 142 1161 178 1215; x_wconf 86' lang='grc'>48</span> <span class='ocrx_word' id='word_1_76' title='bbox 249 1157 399 1213; x_wconf 76' lang='lat' dir='ltr'>Honestius</span> <span class='ocrx_word' id='word_1_77' title='bbox 416 1163 459 1212; x_wconf 90' lang='lat' dir='ltr'>est</span> <span class='ocrx_word' id='word_1_78' title='bbox 473 1173 535 1212; x_wconf 91' lang='lat' dir='ltr'>cum</span> <span class='ocrx_word' id='word_1_79' title='bbox 549 1156 718 1214; x_wconf 88' lang='lat' dir='ltr'>indicaveris</span> <span class='ocrx_word' id='word_1_80' title='bbox 735 1173 831 1214; x_wconf 86' lang='lat' dir='ltr'>amare</span> <span class='ocrx_word' id='word_1_81' title='bbox 846 1171 930 1228; x_wconf 91' lang='lat' dir='ltr'>quam</span> <span class='ocrx_word' id='word_1_82' title='bbox 944 1173 1007 1213; x_wconf 92' lang='lat' dir='ltr'>cum</span> <span class='ocrx_word' id='word_1_83' title='bbox 1022 1158 1168 1230; x_wconf 74' lang='lat' dir='ltr'>amavcns</span> 
     </span>
     <span class='ocr_line' id='line_1_12' title="bbox 187 1240 323 1297; baseline -0.015 -1"><span class='ocrx_word' id='word_1_84' title='bbox 187 1240 323 1297; x_wconf 84' lang='lat' dir='ltr'>iudicare.</span> 
     </span>
    </p>

    <p class='ocr_par' dir='ltr' id='par_1_9' title="bbox 140 1324 1052 1397">
     <span class='ocr_line' id='line_1_13' title="bbox 140 1324 1052 1397; baseline -0.004 -13"><span class='ocrx_word' id='word_1_85' title='bbox 140 1327 176 1384; x_wconf 81' lang='grc'>49</span> <span class='ocrx_word' id='word_1_86' title='bbox 251 1324 395 1380; x_wconf 86' lang='lat' dir='ltr'>Dissensio</span> <span class='ocrx_word' id='word_1_87' title='bbox 411 1325 445 1380; x_wconf 92' lang='lat' dir='ltr'>ab</span> <span class='ocrx_word' id='word_1_88' title='bbox 461 1324 515 1381; x_wconf 90' lang='lat' dir='ltr'>alio</span> <span class='ocrx_word' id='word_1_89' title='bbox 530 1324 657 1397; x_wconf 90' lang='lat' dir='ltr'>incipiat,</span> <span class='ocrx_word' id='word_1_90' title='bbox 672 1340 690 1379; x_wconf 92' lang='lat' dir='ltr'>a</span> <span class='ocrx_word' id='word_1_91' title='bbox 703 1329 731 1379; x_wconf 90' lang='lat' dir='ltr'>te</span> <span class='ocrx_word' id='word_1_92' title='bbox 745 1330 839 1380; x_wconf 84' lang='lat' dir='ltr'>autem</span> <span class='ocrx_word' id='word_1_93' title='bbox 853 1324 1052 1382; x_wconf 80' lang='lat' dir='ltr'>reconciliatio.</span> 
     </span>
    </p>

    <p class='ocr_par' dir='ltr' id='par_1_10' title="bbox 137 1406 997 1481">
     <span class='ocr_line' id='line_1_14' title="bbox 137 1406 997 1481; baseline -0.007 -12"><span class='ocrx_word' id='word_1_94' title='bbox 137 1415 176 1469; x_wconf 83' lang='lat'>&#39;50</span> <span class='ocrx_word' id='word_1_95' title='bbox 251 1406 391 1465; x_wconf 88' lang='lat' dir='ltr'>Succurre</span> <span class='ocrx_word' id='word_1_96' title='bbox 406 1411 564 1481; x_wconf 88' lang='lat' dir='ltr'>paupertati</span> <span class='ocrx_word' id='word_1_97' title='bbox 580 1409 749 1477; x_wconf 87' lang='lat' dir='ltr'>amicorum,</span> <span class='ocrx_word' id='word_1_98' title='bbox 769 1408 853 1464; x_wconf 89' lang='lat' dir='ltr'>immo</span> <span class='ocrx_word' id='word_1_99' title='bbox 871 1425 997 1464; x_wconf 88' lang='lat' dir='ltr'>occurre.</span> 
     </span>
    </p>

    <p class='ocr_par' dir='ltr' id='par_1_11' title="bbox 142 1491 1160 1565">
     <span class='ocr_line' id='line_1_15' title="bbox 142 1491 1160 1565; baseline -0.005 -13"><span class='ocrx_word' id='word_1_100' title='bbox 142 1499 176 1552; x_wconf 88' lang='lat'>51</span> <span class='ocrx_word' id='word_1_101' title='bbox 250 1492 365 1549; x_wconf 85' lang='lat' dir='ltr'>Amicos</span> <span class='ocrx_word' id='word_1_102' title='bbox 380 1492 523 1549; x_wconf 83' lang='lat' dir='ltr'>secundae</span> <span class='ocrx_word' id='word_1_103' title='bbox 535 1509 581 1548; x_wconf 87' lang='lat' dir='ltr'>res</span> <span class='ocrx_word' id='word_1_104' title='bbox 593 1497 709 1565; x_wconf 85' lang='lat' dir='ltr'>parant,</span> <span class='ocrx_word' id='word_1_105' title='bbox 724 1491 864 1548; x_wconf 89' lang='lat' dir='ltr'>adversae</span> <span class='ocrx_word' id='word_1_106' title='bbox 875 1492 1030 1549; x_wconf 76' lang='lat' dir='ltr'>certissime</span> <span class='ocrx_word' id='word_1_107' title='bbox 1041 1493 1160 1564; x_wconf 86' lang='lat' dir='ltr'>probant</span> 
     </span>
    </p>

    <p class='ocr_par' dir='ltr' id='par_1_12' title="bbox 141 1575 1167 1731">
     <span class='ocr_line' id='line_1_16' title="bbox 141 1575 1167 1648; baseline -0.003 -14"><span class='ocrx_word' id='word_1_108' title='bbox 141 1582 176 1636; x_wconf 78' lang='lat'>52</span> <span class='ocrx_word' id='word_1_109' title='bbox 248 1576 348 1631; x_wconf 88' lang='lat' dir='ltr'>Peiora</span> <span class='ocrx_word' id='word_1_110' title='bbox 368 1582 432 1631; x_wconf 87' lang='lat' dir='ltr'>sunt</span> <span class='ocrx_word' id='word_1_111' title='bbox 453 1582 525 1632; x_wconf 91' lang='lat' dir='ltr'>tecta</span> <span class='ocrx_word' id='word_1_112' title='bbox 546 1575 611 1631; x_wconf 84' lang='lat' dir='ltr'>odia</span> <span class='ocrx_word' id='word_1_113' title='bbox 633 1591 715 1648; x_wconf 87' lang='lat' dir='ltr'>quarn</span> <span class='ocrx_word' id='word_1_114' title='bbox 730 1582 843 1648; x_wconf 80' lang='lat' dir='ltr'>aperta.</span> <span class='ocrx_word' id='word_1_115' title='bbox 871 1576 964 1648; x_wconf 89' lang='lat' dir='ltr'>itaque</span> <span class='ocrx_word' id='word_1_116' title='bbox 979 1581 1007 1633; x_wconf 90' lang='lat' dir='ltr'>te</span> <span class='ocrx_word' id='word_1_117' title='bbox 1022 1575 1113 1632; x_wconf 90' lang='lat' dir='ltr'>minus</span> <span class='ocrx_word' id='word_1_118' title='bbox 1130 1577 1167 1631; x_wconf 58' lang='grc' dir='ltr'>Ιον</span> 
     </span>
     <span class='ocr_line' id='line_1_17' title="bbox 184 1659 754 1731; baseline 0.004 -18"><span class='ocrx_word' id='word_1_119' title='bbox 184 1673 259 1730; x_wconf 87' lang='lat' dir='ltr'>quax</span> <span class='ocrx_word' id='word_1_120' title='bbox 273 1659 401 1714; x_wconf 90' lang='lat' dir='ltr'>inimicus</span> <span class='ocrx_word' id='word_1_121' title='bbox 418 1659 535 1717; x_wconf 86' lang='lat' dir='ltr'>offendit</span> <span class='ocrx_word' id='word_1_122' title='bbox 550 1675 633 1731; x_wconf 90' lang='lat' dir='ltr'>quam</span> <span class='ocrx_word' id='word_1_123' title='bbox 646 1660 754 1716; x_wconf 88' lang='lat' dir='ltr'>tacitus.</span> 
     </span>
    </p>

    <p class='ocr_par' dir='ltr' id='par_1_13' title="bbox 141 1742 1169 1897">
     <span class='ocr_line' id='line_1_18' title="bbox 141 1742 1169 1817; baseline 0.001 -19"><span class='ocrx_word' id='word_1_124' title='bbox 141 1749 175 1804; x_wconf 82' lang='lat'>53</span> <span class='ocrx_word' id='word_1_125' title='bbox 247 1742 318 1798; x_wconf 87' lang='lat' dir='ltr'>Mira</span> <span class='ocrx_word' id='word_1_126' title='bbox 338 1743 408 1798; x_wconf 91' lang='lat' dir='ltr'>ratio</span> <span class='ocrx_word' id='word_1_127' title='bbox 430 1749 486 1813; x_wconf 90' lang='lat' dir='ltr'>est,</span> <span class='ocrx_word' id='word_1_128' title='bbox 515 1759 587 1814; x_wconf 85' lang='lat' dir='ltr'>quae</span> <span class='ocrx_word' id='word_1_129' title='bbox 608 1759 665 1800; x_wconf 90' lang='lat' dir='ltr'>non</span> <span class='ocrx_word' id='word_1_130' title='bbox 683 1745 744 1801; x_wconf 82' lang='lat' dir='ltr'>vult</span> <span class='ocrx_word' id='word_1_131' title='bbox 762 1744 936 1815; x_wconf 88' lang='lat' dir='ltr'>praedicari,</span> <span class='ocrx_word' id='word_1_132' title='bbox 963 1744 1039 1817; x_wconf 82' lang='lat' dir='ltr'>quod</span> <span class='ocrx_word' id='word_1_133' title='bbox 1064 1743 1169 1817; x_wconf 85' lang='lat' dir='ltr'>gaudet</span> 
     </span>
     <span class='ocr_line' id='line_1_19' title="bbox 185 1825 311 1897; baseline -0.032 -15"><span class='ocrx_word' id='word_1_134' title='bbox 185 1825 311 1897; x_wconf 86' lang='lat' dir='ltr'>intelligi.</span> 
     </span>
    </p>

    <p class='ocr_par' dir='ltr' id='par_1_14' title="bbox 140 1909 865 1985">
     <span class='ocr_line' id='line_1_20' title="bbox 140 1909 865 1985; baseline 0.004 -21"><span class='ocrx_word' id='word_1_135' title='bbox 140 1916 176 1972; x_wconf 77' lang='lat'>54</span> <span class='ocrx_word' id='word_1_136' title='bbox 250 1909 375 1981; x_wconf 81' lang='lat' dir='ltr'>Agnosci</span> <span class='ocrx_word' id='word_1_137' title='bbox 390 1916 477 1980; x_wconf 87' lang='lat' dir='ltr'>amat,</span> <span class='ocrx_word' id='word_1_138' title='bbox 498 1911 544 1982; x_wconf 92' lang='lat' dir='ltr'>qui</span> <span class='ocrx_word' id='word_1_139' title='bbox 560 1911 635 1982; x_wconf 88' lang='lat' dir='ltr'>quod</span> <span class='ocrx_word' id='word_1_140' title='bbox 648 1911 720 1985; x_wconf 83' lang='lat' dir='ltr'>agit,</span> <span class='ocrx_word' id='word_1_141' title='bbox 736 1911 865 1968; x_wconf 85' lang='lat' dir='ltr'>ostendit.</span> 
     </span>
    </p>

    <p class='ocr_par' dir='ltr' id='par_1_15' title="bbox 141 1993 1168 2068">
     <span class='ocr_line' id='line_1_21' title="bbox 141 1993 1168 2068; baseline 0.002 -20"><span class='ocrx_word' id='word_1_142' title='bbox 141 2002 175 2055; x_wconf 89' lang='lat'>55</span> <span class='ocrx_word' id='word_1_143' title='bbox 247 1993 437 2066; x_wconf 80' lang='lat' dir='ltr'>Eleemosyna</span> <span class='ocrx_word' id='word_1_144' title='bbox 452 2010 509 2050; x_wconf 91' lang='lat' dir='ltr'>non</span> <span class='ocrx_word' id='word_1_145' title='bbox 521 2001 578 2052; x_wconf 84' lang='lat' dir='ltr'>tam</span> <span class='ocrx_word' id='word_1_146' title='bbox 592 1996 792 2068; x_wconf 80' lang='lat' dir='ltr'>accipientibus</span> <span class='ocrx_word' id='word_1_147' title='bbox 807 2010 891 2068; x_wconf 86' lang='lat' dir='ltr'>quam</span> <span class='ocrx_word' id='word_1_148' title='bbox 904 1995 1031 2053; x_wconf 84' lang='lat' dir='ltr'>dantibus</span> <span class='ocrx_word' id='word_1_149' title='bbox 1041 1994 1168 2068; x_wconf 84' lang='lat' dir='ltr'>prodest.</span> 
     </span>
    </p>

    <p class='ocr_par' dir='ltr' id='par_1_16' title="bbox 142 2078 750 2150">
     <span class='ocr_line' id='line_1_22' title="bbox 142 2078 750 2150; baseline 0.003 -16"><span class='ocrx_word' id='word_1_150' title='bbox 142 2085 176 2140; x_wconf 86' lang='lat'>56</span> <span class='ocrx_word' id='word_1_151' title='bbox 188 2085 216 2135; x_wconf 88' lang='lat' dir='ltr'>et</span> <span class='ocrx_word' id='word_1_152' title='bbox 229 2094 296 2150; x_wconf 92' lang='lat' dir='ltr'>spes</span> <span class='ocrx_word' id='word_1_153' title='bbox 310 2078 429 2150; x_wconf 89' lang='lat' dir='ltr'>praemii</span> <span class='ocrx_word' id='word_1_154' title='bbox 446 2079 573 2135; x_wconf 88' lang='lat' dir='ltr'>solatium</span> <span class='ocrx_word' id='word_1_155' title='bbox 589 2079 620 2134; x_wconf 89' lang='lat' dir='ltr'>fit</span> <span class='ocrx_word' id='word_1_156' title='bbox 635 2080 750 2136; x_wconf 84' lang='lat' dir='ltr'>laboris.</span> 
     </span>
    </p>

    <p class='ocr_par' dir='ltr' id='par_1_17' title="bbox 142 2162 821 2236">
     <span class='ocr_line' id='line_1_23' title="bbox 142 2162 821 2236; baseline 0.004 -20"><span class='ocrx_word' id='word_1_157' title='bbox 142 2168 176 2224; x_wconf 79' lang='grc'>57</span> <span class='ocrx_word' id='word_1_158' title='bbox 251 2162 328 2230; x_wconf 84' lang='lat' dir='ltr'>Quae</span> <span class='ocrx_word' id='word_1_159' title='bbox 345 2169 387 2218; x_wconf 88' lang='lat' dir='ltr'>est</span> <span class='ocrx_word' id='word_1_160' title='bbox 401 2165 523 2218; x_wconf 86' lang='lat' dir='ltr'>maxima</span> <span class='ocrx_word' id='word_1_161' title='bbox 539 2167 673 2236; x_wconf 67' lang='lat' dir='ltr'>egestas?</span> <span class='ocrx_word' id='word_1_162' title='bbox 695 2165 821 2222; x_wconf 87' lang='lat' dir='ltr'>avaritia.</span> 
     </span>
    </p>

    <p class='ocr_par' dir='ltr' id='par_1_18' title="bbox 141 2246 893 2320">
     <span class='ocr_line' id='line_1_24' title="bbox 141 2246 893 2320; baseline 0.004 -19"><span class='ocrx_word' id='word_1_163' title='bbox 141 2253 176 2308; x_wconf 83' lang='lat'>58</span> <span class='ocrx_word' id='word_1_164' title='bbox 247 2246 388 2302; x_wconf 83' lang='lat' dir='ltr'>Pecuniae</span> <span class='ocrx_word' id='word_1_165' title='bbox 402 2247 542 2319; x_wconf 87' lang='lat' dir='ltr'>imperare</span> <span class='ocrx_word' id='word_1_166' title='bbox 558 2252 681 2320; x_wconf 84' lang='lat' dir='ltr'>oportet,</span> <span class='ocrx_word' id='word_1_167' title='bbox 702 2265 759 2304; x_wconf 92' lang='lat' dir='ltr'>non</span> <span class='ocrx_word' id='word_1_168' title='bbox 773 2249 893 2308; x_wconf 86' lang='lat' dir='ltr'>servire.</span> 
     </span>
    </p>

    <p class='ocr_par' dir='ltr' id='par_1_19' title="bbox 140 2331 1167 2490">
     <span class='ocr_line' id='line_1_25' title="bbox 140 2331 1167 2406; baseline 0.002 -22"><span class='ocrx_word' id='word_1_169' title='bbox 140 2337 175 2393; x_wconf 84' lang='lat'>59</span> <span class='ocrx_word' id='word_1_170' title='bbox 249 2331 360 2386; x_wconf 89' lang='lat' dir='ltr'>Nullum</span> <span class='ocrx_word' id='word_1_171' title='bbox 375 2332 517 2388; x_wconf 90' lang='lat' dir='ltr'>conscium</span> <span class='ocrx_word' id='word_1_172' title='bbox 531 2337 712 2404; x_wconf 85' lang='lat' dir='ltr'>peccatorum</span> <span class='ocrx_word' id='word_1_173' title='bbox 725 2339 838 2390; x_wconf 84' lang='lat' dir='ltr'>tuorum</span> <span class='ocrx_word' id='word_1_174' title='bbox 847 2333 938 2406; x_wconf 86' lang='lat' dir='ltr'>magis</span> <span class='ocrx_word' id='word_1_175' title='bbox 949 2331 1075 2389; x_wconf 86' lang='lat' dir='ltr'>timueris</span> <span class='ocrx_word' id='word_1_176' title='bbox 1087 2346 1167 2403; x_wconf 90' lang='lat' dir='ltr'>quam</span> 
     </span>
     <span class='ocr_line' id='line_1_26' title="bbox 184 2415 1083 2490; baseline 0 -19"><span class='ocrx_word' id='word_1_177' title='bbox 184 2420 270 2471; x_wconf 91' lang='lat' dir='ltr'>temet</span> <span class='ocrx_word' id='word_1_178' title='bbox 285 2415 391 2487; x_wconf 83' lang='lat' dir='ltr'>ipsum=</span> <span class='ocrx_word' id='word_1_179' title='bbox 413 2416 497 2471; x_wconf 92' lang='lat' dir='ltr'>alium</span> <span class='ocrx_word' id='word_1_180' title='bbox 511 2421 592 2487; x_wconf 85' lang='lat' dir='ltr'>potes</span> <span class='ocrx_word' id='word_1_181' title='bbox 608 2415 750 2490; x_wconf 79' lang='lat' dir='ltr'>effugere,</span> <span class='ocrx_word' id='word_1_182' title='bbox 771 2423 800 2474; x_wconf 90' lang='lat' dir='ltr'>te</span> <span class='ocrx_word' id='word_1_183' title='bbox 814 2422 907 2475; x_wconf 86' lang='lat' dir='ltr'>autem</span> <span class='ocrx_word' id='word_1_184' title='bbox 922 2432 1083 2490; x_wconf 89' lang='lat' dir='ltr'>numquam.</span> 
     </span>
    </p>

    <p class='ocr_par' dir='ltr' id='par_1_20' title="bbox 140 2497 790 2571">
     <span class='ocr_line' id='line_1_27' title="bbox 140 2497 790 2571; baseline 0.011 -20"><span class='ocrx_word' id='word_1_185' title='bbox 140 2504 175 2560; x_wconf 78' lang='grc' dir='ltr'>σο</span> <span class='ocrx_word' id='word_1_186' title='bbox 250 2497 317 2567; x_wconf 80' lang='lat' dir='ltr'>Quis</span> <span class='ocrx_word' id='word_1_187' title='bbox 334 2504 376 2554; x_wconf 89' lang='lat' dir='ltr'>est</span> <span class='ocrx_word' id='word_1_188' title='bbox 389 2502 521 2571; x_wconf 73' lang='lat' dir='ltr'>pauper?</span> <span class='ocrx_word' id='word_1_189' title='bbox 541 2500 588 2570; x_wconf 87' lang='lat' dir='ltr'>qui</span> <span class='ocrx_word' id='word_1_190' title='bbox 601 2500 655 2558; x_wconf 88' lang='lat' dir='ltr'>sibi</span> <span class='ocrx_word' id='word_1_191' title='bbox 669 2501 790 2559; x_wconf 86' lang='lat' dir='ltr'>videtur.</span> 
     </span>
    </p>

    <p class='ocr_par' dir='ltr' id='par_1_21' title="bbox 140 2582 804 2653">
     <span class='ocr_line' id='line_1_28' title="bbox 140 2582 804 2653; baseline 0.008 -18"><span class='ocrx_word' id='word_1_192' title='bbox 140 2589 174 2644; x_wconf 85' lang='lat'>61</span> <span class='ocrx_word' id='word_1_193' title='bbox 250 2582 302 2650; x_wconf 84' lang='lat' dir='ltr'>Qui</span> <span class='ocrx_word' id='word_1_194' title='bbox 317 2598 334 2636; x_wconf 93' lang='lat' dir='ltr'>a</span> <span class='ocrx_word' id='word_1_195' title='bbox 349 2582 440 2637; x_wconf 91' lang='lat' dir='ltr'>multis</span> <span class='ocrx_word' id='word_1_196' title='bbox 455 2582 581 2653; x_wconf 88' lang='lat' dir='ltr'>timetur,</span> <span class='ocrx_word' id='word_1_197' title='bbox 601 2586 702 2642; x_wconf 88' lang='lat' dir='ltr'>multos</span> <span class='ocrx_word' id='word_1_198' title='bbox 717 2587 804 2642; x_wconf 88' lang='lat' dir='ltr'>timet.</span> 
     </span>
    </p>

    <p class='ocr_par' dir='ltr' id='par_1_22' title="bbox 140 2665 876 2738">
     <span class='ocr_line' id='line_1_29' title="bbox 140 2665 876 2738; baseline 0 -14"><span class='ocrx_word' id='word_1_199' title='bbox 140 2672 174 2727; x_wconf 79' lang='lat'>62</span> <span class='ocrx_word' id='word_1_200' title='bbox 247 2665 436 2721; x_wconf 79' lang='lat' dir='ltr'>infelicitatem</span> <span class='ocrx_word' id='word_1_201' title='bbox 450 2666 543 2738; x_wconf 81' lang='lat' dir='ltr'>erige,</span> <span class='ocrx_word' id='word_1_202' title='bbox 564 2669 693 2726; x_wconf 85' lang='lat' dir='ltr'>submitte</span> <span class='ocrx_word' id='word_1_203' title='bbox 708 2671 876 2726; x_wconf 79' lang='lat' dir='ltr'>felicitatem.</span> 
     </span>
    </p>

    <p class='ocr_par' dir='ltr' id='par_1_23' title="bbox 140 2748 692 2810">
     <span class='ocr_line' id='line_1_30' title="bbox 140 2748 692 2810; baseline 0.014 -9"><span class='ocrx_word' id='word_1_204' title='bbox 140 2755 174 2810; x_wconf 84' lang='grc'>53</span> <span class='ocrx_word' id='word_1_205' title='bbox 247 2749 324 2803; x_wconf 88' lang='lat' dir='ltr'>Vera</span> <span class='ocrx_word' id='word_1_206' title='bbox 338 2748 453 2804; x_wconf 83' lang='lat' dir='ltr'>felicitas</span> <span class='ocrx_word' id='word_1_207' title='bbox 468 2752 626 2808; x_wconf 89' lang='lat' dir='ltr'>innocentia</span> <span class='ocrx_word' id='word_1_208' title='bbox 642 2759 692 2810; x_wconf 81' lang='lat' dir='ltr'>est</span> 
     </span>
    </p>

    <p class='ocr_par' dir='ltr' id='par_1_24' title="bbox 139 2831 686 2908">
     <span class='ocr_line' id='line_1_31' title="bbox 139 2831 686 2908; baseline 0.002 -18"><span class='ocrx_word' id='word_1_209' title='bbox 139 2837 176 2893; x_wconf 87' lang='grc'>64</span> <span class='ocrx_word' id='word_1_210' title='bbox 248 2831 378 2902; x_wconf 88' lang='lat' dir='ltr'>Nequitia</span> <span class='ocrx_word' id='word_1_211' title='bbox 391 2832 454 2905; x_wconf 91' lang='lat' dir='ltr'>ipsa</span> <span class='ocrx_word' id='word_1_212' title='bbox 468 2835 512 2889; x_wconf 89' lang='lat' dir='ltr'>sui</span> <span class='ocrx_word' id='word_1_213' title='bbox 524 2851 618 2908; x_wconf 86' lang='lat' dir='ltr'>poena</span> <span class='ocrx_word' id='word_1_214' title='bbox 635 2842 686 2894; x_wconf 87' lang='lat' dir='ltr'>cst.</span> 
     </span>
    </p>

    <p class='ocr_par' dir='ltr' id='par_1_25' title="bbox 140 2916 1052 2993">
     <span class='ocr_line' id='line_1_32' title="bbox 140 2916 1052 2993; baseline 0.002 -19"><span class='ocrx_word' id='word_1_215' title='bbox 140 2921 174 2977; x_wconf 84' lang='lat'>65</span> <span class='ocrx_word' id='word_1_216' title='bbox 248 2916 323 2972; x_wconf 90' lang='lat' dir='ltr'>Mala</span> <span class='ocrx_word' id='word_1_217' title='bbox 338 2917 509 2975; x_wconf 91' lang='lat' dir='ltr'>conscientia</span> <span class='ocrx_word' id='word_1_218' title='bbox 524 2937 611 2993; x_wconf 85' lang='lat' dir='ltr'>saepe</span> <span class='ocrx_word' id='word_1_219' title='bbox 624 2927 683 2978; x_wconf 88' lang='lat' dir='ltr'>tuta</span> <span class='ocrx_word' id='word_1_220' title='bbox 697 2927 755 2992; x_wconf 89' lang='lat' dir='ltr'>est,</span> <span class='ocrx_word' id='word_1_221' title='bbox 775 2936 877 2979; x_wconf 86' lang='lat' dir='ltr'>secura</span> <span class='ocrx_word' id='word_1_222' title='bbox 890 2934 1052 2992; x_wconf 89' lang='lat' dir='ltr'>numquam.</span> 
     </span>
    </p>

    <p class='ocr_par' dir='ltr' id='par_1_26' title="bbox 139 2999 995 3078">
     <span class='ocr_line' id='line_1_33' title="bbox 139 2999 995 3078; baseline 0 -18"><span class='ocrx_word' id='word_1_223' title='bbox 139 3005 174 3061; x_wconf 87' lang='grc'>66</span> <span class='ocrx_word' id='word_1_224' title='bbox 250 2999 384 3056; x_wconf 88' lang='lat' dir='ltr'>Libidinis</span> <span class='ocrx_word' id='word_1_225' title='bbox 399 3001 475 3058; x_wconf 86' lang='lat' dir='ltr'>inilia</span> <span class='ocrx_word' id='word_1_226' title='bbox 493 3005 657 3075; x_wconf 86' lang='lat' dir='ltr'>continebit,</span> <span class='ocrx_word' id='word_1_227' title='bbox 678 3005 725 3078; x_wconf 91' lang='lat' dir='ltr'>qui</span> <span class='ocrx_word' id='word_1_228' title='bbox 738 3007 842 3062; x_wconf 85' lang='lat' dir='ltr'>exitum</span> <span class='ocrx_word' id='word_1_229' title='bbox 856 3004 995 3078; x_wconf 86' lang='lat' dir='ltr'>cogitabit</span> 
     </span>
    </p>

    <p class='ocr_par' dir='ltr' id='par_1_27' title="bbox 138 3084 1167 3163">
     <span class='ocr_line' id='line_1_34' title="bbox 138 3084 1167 3163; baseline -0.004 -18"><span class='ocrx_word' id='word_1_230' title='bbox 138 3089 173 3145; x_wconf 86' lang='grc'>67</span> <span class='ocrx_word' id='word_1_231' title='bbox 247 3084 382 3141; x_wconf 89' lang='lat' dir='ltr'>Beneficii</span> <span class='ocrx_word' id='word_1_232' title='bbox 395 3087 503 3160; x_wconf 90' lang='lat' dir='ltr'>accepti</span> <span class='ocrx_word' id='word_1_233' title='bbox 517 3103 669 3161; x_wconf 85' lang='lat' dir='ltr'>numquam</span> <span class='ocrx_word' id='word_1_234' title='bbox 680 3095 790 3163; x_wconf 88' lang='lat' dir='ltr'>oportet</span> <span class='ocrx_word' id='word_1_235' title='bbox 802 3089 944 3159; x_wconf 83' lang='lat' dir='ltr'>oblivisci,</span> <span class='ocrx_word' id='word_1_236' title='bbox 965 3087 1022 3146; x_wconf 89' lang='lat' dir='ltr'>dati</span> <span class='ocrx_word' id='word_1_237' title='bbox 1032 3086 1167 3160; x_wconf 81' lang='lat' dir='ltr'>protinus</span> 
     </span>
    </p>

    <p class='ocr_par' dir='ltr' id='par_1_28' title="bbox 88 3168 811 3239">
     <span class='ocr_line' id='line_1_35' title="bbox 88 3168 811 3239; baseline 0.012 -17"><span class='ocrx_word' id='word_1_238' title='bbox 88 3231 94 3239; x_wconf 26' lang='lat'><strong>¹</strong></span> <span class='ocrx_word' id='word_1_239' title='bbox 140 3173 174 3229; x_wconf 84' lang='lat'>68</span> <span class='ocrx_word' id='word_1_240' title='bbox 247 3168 398 3226; x_wconf 87' lang='lat' dir='ltr'>Inhonesta</span> <span class='ocrx_word' id='word_1_241' title='bbox 413 3171 530 3228; x_wconf 84' lang='lat' dir='ltr'>victoria</span> <span class='ocrx_word' id='word_1_242' title='bbox 545 3177 588 3229; x_wconf 86' lang='lat' dir='ltr'>est</span> <span class='ocrx_word' id='word_1_243' title='bbox 601 3190 669 3229; x_wconf 87' lang='lat' dir='ltr'>suos</span> <span class='ocrx_word' id='word_1_244' title='bbox 686 3175 811 3232; x_wconf 84' lang='lat' dir='ltr'>vincere.</span> 
     </span>
    </p>

    <p class='ocr_par' dir='ltr' id='par_1_29' title="bbox 139 3251 806 3332">
     <span class='ocr_line' id='line_1_36' title="bbox 139 3251 806 3332; baseline 0.004 -20"><span class='ocrx_word' id='word_1_245' title='bbox 139 3257 174 3312; x_wconf 88' lang='grc'>69</span> <span class='ocrx_word' id='word_1_246' title='bbox 249 3251 322 3310; x_wconf 89' lang='lat' dir='ltr'>Salis</span> <span class='ocrx_word' id='word_1_247' title='bbox 338 3261 381 3309; x_wconf 87' lang='lat' dir='ltr'>est</span> <span class='ocrx_word' id='word_1_248' title='bbox 393 3271 550 3326; x_wconf 90' lang='lat' dir='ltr'>poenarum</span> <span class='ocrx_word' id='word_1_249' title='bbox 562 3258 689 3329; x_wconf 89' lang='lat' dir='ltr'>potuisse</span> <span class='ocrx_word' id='word_1_250' title='bbox 703 3259 806 3332; x_wconf 87' lang='lat' dir='ltr'>puniri.</span> 
     </span>
    </p>

    <p class='ocr_par' dir='ltr' id='par_1_30' title="bbox 139 3337 1109 3420">
     <span class='ocr_line' id='line_1_37' title="bbox 139 3337 1109 3420; baseline 0.001 -23"><span class='ocrx_word' id='word_1_251' title='bbox 139 3342 174 3397; x_wconf 84' lang='lat'>70</span> <span class='ocrx_word' id='word_1_252' title='bbox 247 3338 406 3394; x_wconf 89' lang='lat' dir='ltr'>Inimicitias</span> <span class='ocrx_word' id='word_1_253' title='bbox 419 3339 499 3395; x_wconf 86' lang='lat' dir='ltr'>tarde</span> <span class='ocrx_word' id='word_1_254' title='bbox 514 3342 641 3417; x_wconf 84' lang='lat' dir='ltr'>suscipe,</span> <span class='ocrx_word' id='word_1_255' title='bbox 661 3337 820 3420; x_wconf 78' lang='lat' dir='ltr'>[amicitias]</span> <span class='ocrx_word' id='word_1_256' title='bbox 837 3356 938 3401; x_wconf 80' lang='lat' dir='ltr'>exerce</span> <span class='ocrx_word' id='word_1_257' title='bbox 953 3341 1109 3399; x_wconf 83' lang='lat' dir='ltr'>moderate.</span> 
     </span>
    </p>

    <p class='ocr_par' dir='ltr' id='par_1_31' title="bbox 245 3420 616 3580">
     <span class='ocr_line' id='line_1_38' title="bbox 248 3420 595 3496; baseline -0.006 -17"><span class='ocrx_word' id='word_1_258' title='bbox 248 3420 408 3479; x_wconf 89' lang='lat' dir='ltr'>Simultates</span> <span class='ocrx_word' id='word_1_259' title='bbox 423 3422 564 3496; x_wconf 78' lang='lat' dir='ltr'>depone.&#39;,÷</span> <span class='ocrx_word' id='word_1_260' title='bbox 591 3452 595 3477; x_wconf 81' lang='grc'>;</span> 
     </span>
     <span class='ocr_line' id='line_1_39' title="bbox 245 3506 616 3580; baseline 0.019 -19"><span class='ocrx_word' id='word_1_261' title='bbox 245 3506 342 3580; x_wconf 81' lang='lat' dir='ltr'>Imago</span> <span class='ocrx_word' id='word_1_262' title='bbox 357 3507 441 3562; x_wconf 89' lang='lat' dir='ltr'>animi</span> <span class='ocrx_word' id='word_1_263' title='bbox 455 3523 553 3567; x_wconf 84' lang='lat' dir='ltr'>sermo</span> <span class='ocrx_word' id='word_1_264' title='bbox 564 3516 616 3567; x_wconf 84' lang='lat' dir='ltr'>est.</span> 
     </span>
    </p>
   </div>
   <div class='ocr_carea' id='block_1_3' title="bbox 0 0 1238 3930">
    <p class='ocr_par' dir='ltr' id='par_1_32' title="bbox 0 0 1238 3930">
     <span class='ocr_line' id='line_1_40' title="bbox 0 0 1238 3930; baseline 0 0"><span class='ocrx_word' id='word_1_265' title='bbox 0 0 1238 3930; x_wconf 95' lang='lat' dir='ltr'> </span> 
     </span>
    </p>
   </div>
  </div>
 </body>
</html>
