2468 3930
252 250 422 313 norsrun.
436 250 531 313 moa.
552 253 717 313 merv.
738 252 795 312 ue.
808 261 832 312 ι.
855 257 926 328 (aa.)
1017 249 1081 315 259

100 404 162 480 guli
182 401 288 462 audire
308 417 368 461 non
390 402 497 476 vultis,
528 403 650 478 publice
672 403 782 462 audite.
818 403 984 479 Quousque
1003 405 1126 471 nnesno

100 486 337 564 possessionum
354 484 584 561 propagabitis?
604 502 678 561 ager
691 488 743 548 uni
759 486 898 562 domiuo,
915 489 967 563 qui
983 505 1081 564 popu·

99 573 163 632 lum
178 570 274 646 oepit,
289 576 439 644 angustus
456 577 512 630 est.
538 586 702 647 quousque
713 571 868 632 arationes
879 580 999 633 vestras
1012 589 1082 648 por-

99 654 220 730 rigetis,
241 669 280 714 ne
299 653 524 728 provinciarum
547 655 670 730 quidem
692 656 792 729 spatio
808 657 941 716 contenti
956 657 1082 717 eircum-

102 739 237 799 seribere
258 736 453 813 praediorum
478 738 622 799 modum?
648 738 820 800 inlustrium
845 738 1003 800 fluminum
1027 757 1084 818 per

101 822 252 900 privatum
267 822 416 882 decursus
428 828 475 882 est
487 830 518 883 et
528 837 634 882 amnes
646 822 747 896 magni
759 839 998 901 magnarumque
1010 841 1082 901 gen-

100 907 175 969 tium
195 906 313 967 termini
333 921 432 980 usque
455 907 495 966 ad
517 907 627 967 ostium
647 924 665 967 a
686 909 768 966 lonte
795 907 890 966 vestri
909 916 989 968 sunt.
1024 909 1084 969 hoo

102 1007 227 1069 quoque
242 1006 350 1066 parum
365 997 421 1062 est,
436 989 496 1049 nisi
510 989 678 1050 latifundiis
692 991 803 1050 vestris
824 991 919 1050 maria
934 992 1082 1062 auxistis

99 1074 171 1139 uisi
180 1073 421 1136 trans-Hadriam
442 1081 472 1133 el
486 1074 602 1134 lonium
616 1078 837 1148 Aegaeumque
858 1080 960 1134 vester
974 1076 1083 1135 vilious

99 1166 223 1236 regnat,
245 1158 303 1218 nisi
323 1157 456 1228 insulae,
480 1158 591 1218 dueum
614 1158 766 1217 domicilia
788 1173 982 1232 magnorum,
1008 1159 1085 1218 inter

99 1243 250 1304 vilissima
266 1258 367 1302 rerum
382 1250 586 1302 numerantur.
620 1258 711 1317 quam
727 1242 817 1302 vultis
838 1243 898 1302 late
915 1241 1085 1317 possidete.

101 1327 142 1390 sit
156 1327 287 1398 luridus,
314 1325 397 1401 quod
420 1327 586 1400 aliquando
607 1322 766 1400 imperium
788 1327 965 1390 vocabatur.
996 1326 1085 1386 laeite

102 1418 255 1485 vestrum,
277 1409 423 1486 quioquid
440 1410 586 1485 potestis,
609 1410 681 1469 dum
704 1412 774 1485 plus
792 1412 831 1471 sit
851 1409 952 1470 alieni.
998 1410 1126 1473 Nuneat

101 1495 263 1556 vobiscum
283 1495 408 1568 loquor,
432 1510 562 1568 quorum
579 1509 678 1568 aeque
699 1496 837 1571 spatiose
857 1495 979 1555 luxuria
995 1489 1087 1570 quam

102 1580 222 1639 illorum
244 1577 370 1638 avaritia
392 1577 580 1638 diffunditur.
612 1578 701 1638 vobis
718 1579 803 1639 dioo=
833 1578 1001 1654 Quousque
1021 1580 1086 1637 nul-

102 1659 151 1723 lu's
173 1663 229 1722 erit
249 1663 349 1735 lacus,
372 1661 420 1721 oui
443 1677 504 1720 nou
523 1663 661 1721 villarum
675 1671 845 1723 vestrarum
865 1663 986 1737 lastigie
1000 1657 1086 1720 inmi-

103 1754 208 1819 neant,
230 1746 345 1806 nullum
366 1744 495 1819 flumen,
522 1747 608 1805 ouius
631 1760 693 1805 non
714 1748 797 1822 ripas
820 1746 962 1806 aedificia
984 1754 1088 1806 vestra

104 1835 306 1906 praetexant?
325 1829 508 1904 ubicumque
523 1831 685 1891 scatebunt
698 1847 845 1906 aquarum
858 1825 1024 1891 calentium
1035 1847 1087 1890 ve-

103 1912 182 1988 nae,
200 1913 243 1974 ibi
263 1929 345 1972 nova
364 1913 534 1974 diversoria
549 1915 688 1975 luxuriae
701 1915 923 1976 excitabuntur.
951 1913 1088 1975 ubioum·

106 2014 166 2074 que
179 1997 210 2057 in
226 1995 359 2072 aliquem
375 1997 474 2056 sinum
489 1998 559 2058 litus
577 1998 767 2072 curvabitur,
789 2016 845 2059 vos
863 2000 1003 2075 protinus
1021 1999 1087 2058 lun-

105 2081 381 2143 damenta‘laoietis
396 2097 453 2140 neo
469 2083 601 2141 contenti
617 2083 700 2153 solo,
723 2082 782 2142 nisi
800 2082 884 2157 quod
900 2099 992 2142 manu
1007 2083 1087 2142 leoe-

104 2162 185 2239 ritis',
204 2180 287 2225 mare
302 2164 399 2239 agetis
415 2165 578 2225 introrsus.
610 2167 749 2226 omnibus
765 2167 836 2226 lioet
850 2165 927 2226 loeis
942 2173 1022 2226 tecta
1036 2181 1088 2224 ve

105 2257 168 2311 stra
179 2248 406 2323 resplendeant
426 2249 518 2309 aliubi
536 2249 669 2324 inposita
685 2249 837 2310 montibus
852 2248 883 2308 in
900 2257 1020 2310 vastum
1030 2256 1089 2309 ter·
1169 2243 1175 2258 '

104 2349 206 2394 rarum
224 2333 380 2407 marisque
397 2339 612 2408 prospectum,
634 2333 727 2392 aliubi
749 2349 788 2392 ex
805 2334 895 2408 plano
911 2334 942 2392 in
959 2332 1090 2393 altitudi-

105 2433 175 2477 nem
189 2415 335 2477 montium
351 2417 475 2478 educta:
498 2432 567 2477 eum
582 2418 675 2476 multa
689 2416 939 2491 aedificaveritis,
957 2432 1027 2476 oum
1044 2412 1089 2474 in-

104 2502 220 2578 gentia,
241 2497 341 2560 tamen
365 2508 395 2561 et
416 2501 537 2575 singula
559 2496 692 2577 corpora
713 2503 787 2560 estis
802 2507 833 2561 et
849 2502 985 2576 parvula.
1016 2498 1091 2574 quid

105 2582 237 2661 prosunt
251 2584 342 2644 multa
358 2584 518 2645 cubicular
539 2586 569 2644 in
586 2602 646 2645 uno
665 2586 779 2645 iaoetis.
806 2601 867 2645 non
883 2593 930 2646 est
945 2589 1088 2655 vestrum,

105 2668 292 2744 ubicumque
312 2684 373 2728 non
394 2669 478 2729 estis.
513 2669 563 2728 Ad
582 2686 641 2730 vos
663 2669 774 2729 deinde
794 2678 934 2744 transeo,
960 2683 1132 2743 quorumqp

107 2753 261 2828 protunda
287 2758 317 2810 et
335 2753 513 2813 insatiabilis
538 2755 609 2828 gula
629 2752 699 2813 lrino
720 2752 815 2813 maria
834 2759 1000 2827 serutatur,
1021 2751 1092 2811 hine

106 2844 224 2896 terras:
243 2836 302 2894 alia
316 2835 429 2908 hamis,
451 2838 511 2897 alia
527 2838 663 2913 laqueis,
684 2838 751 2898 ‘alia
767 2839 875 2898 retium
892 2838 985 2897 variis
998 2851 1091 2911 gene-

106 2921 192 2981 ribus
214 2935 283 2980 eum
304 2935 415 2995 magno
436 2919 541 2981 labore
564 2921 768 2997 persequitur.
798 2922 888 2982 nullis
909 2921 1091 2980 animalibus

107 3004 166 3064 nisi
182 3001 359 3064 ex'lastidio
375 3020 437 3079 pax
452 3011 512 3065 est:
542 3007 720 3081 quantulum
734 3022 774 3066 ex
787 3006 855 3070 istis
871 3005 971 3079 epulis
986 2998 1091 3085 [quae]

108 3103 164 3164 per
183 3094 230 3148 tot
246 3085 426 3163 'conparatis
446 3086 555 3148 manus
578 3090 663 3149 lesso
677 3090 885 3164 voluptatibus
901 3102 955 3147 ore
969 3086 1093 3145 libetis?

109 3173 287 3248 quantulum
302 3171 342 3231 e'x
356 3172 415 3234 ista
428 3173 493 3233 fera
507 3170 684 3247 ¹periculose
701 3179 791 3247 capta
813 3171 955 3232 dominus
977 3168 1093 3229 crudus

109 3270 145 3316 aa
164 3254 319 3316 'onustans
344 3263 463 3330 gustate
496 3256 674 3332 quantulum
700 3262 808 3316 extol
834 3253 1004 3330 conchyliis
1032 3259 1093 3312 tarn

110 3338 201 3414 louge
222 3339 360 3400 adventis
384 3356 439 3417 per
458 3341 550 3402 istum
572 3339 762 3401 stomachum
784 3337 998 3412 inexplebilem
1019 3335 1094 3395 labi-

109 3429 178 3484 turo
206 3423 348 3484 lnlelio'es
363 3425 475 3500 ecquid
496 3423 669 3500 intellegitis
684 3424 829 3485 maiorem
843 3437 900 3481 vos
915 3423 1026 3482 tarnem
1040 3418 1093 3479 ha·

111 3502 186 3568 be're
200 3506 292 3582 quarn
306 3516 442 3568 ventrem
448 3514 483 3568 t“

884 3592 944 3654 ll*
