2468 3930
147 236 211 300 286
439 234 473 295 L.
494 234 644 294 ANNAEI
665 232 841 293 SENECAE

147 403 227 463 gnus
243 401 314 446 esse
330 401 387 445 nec
403 387 455 461 qui
477 395 525 447 est
544 401 690 459 magnus,
713 383 847 446 extendi.
892 384 993 446 omnia
1013 386 1132 449 tormer

121 469 341 545 concipienda,
357 486 437 544 quac
452 471 541 530 nobis
556 468 661 530 mundi
671 470 840 529 necessitas
855 469 992 544 imperat.
1008 471 1064 532 His
1076 473 1131 532 dc·

147 553 237 615 cretis
246 569 313 614 curn
325 552 408 613 illum
419 554 659 628 inconspectum
671 567 747 613 suae
758 554 948 615 condicionis
961 554 1131 618 adduxeris

147 644 176 698 et
193 637 371 712 cognoverit
384 637 504 698 beatam
520 653 591 698 esse
603 639 695 697 vitam
710 653 771 697 non
793 653 873 713 quae
888 638 1059 698 secundum
1074 656 1131 701 vo-

147 723 291 796 luptatem
306 728 368 794 est,
384 721 441 781 sed
456 721 625 782 secundum
643 728 797 795 naturam,
819 737 887 781 cum
907 722 1047 782 virtutem
1063 724 1131 783 nni·

147 821 216 864 cum
231 805 345 865 bonurn
360 804 492 866 hominis
506 805 702 877 adamaverit,
717 804 935 879 turpitudinem
950 807 1051 867 solum
1064 823 1131 867 me·

147 890 208 948 lum
223 889 342 963 fugerit,
358 887 477 964 retiqua
498 891 613 962 omnia,
628 887 765 962 divitias,
781 889 933 963 honores,
948 888 1061 951 bonam
1076 907 1130 951 va-

146 971 312 1046 litudinem,
327 971 419 1046 vires,
433 972 562 1048 imperia
576 973 679 1034 scierit
694 987 766 1032 esse
780 973 911 1033 mediam
927 981 1053 1049 partem,
1070 988 1130 1034 nec

145 1055 236 1116 bonis
262 1056 522 1116 adnumerandam
549 1072 607 1116 nec
635 1055 737 1116 matis=
758 1056 939 1117 monitorem
959 1075 1021 1119 non
1047 1058 1130 1118 desi-

147 1140 265 1200 derabit
279 1141 319 1200 ad
336 1141 469 1215 singula,
491 1141 543 1215 qui
558 1140 639 1200 dicat
653 1139 721 1215 „sic
739 1140 863 1215 incede,
878 1141 923 1200 sic
939 1157 1046 1202 coena.
1067 1141 1129 1202 hoc

117 1238 134 1293 9
148 1223 222 1298 viro,
239 1224 298 1283 boc
314 1225 453 1298 feminae,
468 1224 528 1284 boc
544 1224 661 1298 marito,
677 1224 736 1284 hoc
748 1224 856 1285 caelibi
874 1226 1048 1286 convenit“
1069 1225 1130 1286 ista

146 1309 224 1367 enim
243 1307 297 1382 qui
311 1306 542 1381 diligentissime
557 1314 695 1382 monent,
716 1309 777 1384 ipsi
791 1310 893 1369 iacere
907 1325 970 1370 non
986 1316 1135 1385 possunt..

99 1437 116 1470 ,
144 1391 222 1452 hacc
243 1392 443 1466 paedagogus
467 1407 579 1466 puero,
607 1392 685 1452 haec
705 1393 774 1452 avia
793 1392 898 1466 nepoti
923 1394 1129 1468 praecipitet

145 1475 338 1535 irascendum
362 1491 423 1535 non
445 1491 517 1536 esse
538 1476 682 1551 magister
703 1474 958 1538 iracundissimus
982 1477 1128 1552 disputat.

146 1560 172 1620 si
192 1559 296 1621 iudum
320 1558 482 1618 literarium
507 1560 683 1633 intraveris,
707 1561 789 1620 scies
809 1561 882 1632 ista,
905 1577 985 1636 quae
1012 1562 1129 1637 ingenti

145 1641 310 1717 supercilio
332 1642 509 1717 philosophi
524 1644 648 1715 iactant,
667 1644 697 1703 in
713 1645 821 1719 puerili
837 1660 908 1704 csse
925 1646 1128 1721 praescripto.

106 1727 250 1787 toUtrum
266 1726 378 1786 deinde
393 1726 555 1788 manifesta
570 1745 609 1787 an
630 1728 724 1788 dubia
739 1728 933 1803 praecipiest
960 1745 1022 1789 non
1045 1728 1127 1789 desi·

145 1811 254 1869 derunt
265 1810 426 1871 manifesta
440 1812 630 1873 monitorem.
649 1811 847 1886 praecipienti
866 1813 958 1873 dubia
979 1828 1041 1873 non
1059 1827 1127 1872 cre·

144 1894 238 1954 ditur=
251 1911 477 1969 supervacuum
488 1902 536 1956 est
547 1911 620 1970 ergo
632 1897 821 1971 praecipere.
834 1897 865 1956 id
877 1897 956 1956 odeo
968 1894 1013 1956 sic
1022 1896 1126 1956 discet

143 1976 171 2038 si
184 1977 216 2038 id
230 1994 354 2051 monce,
387 1980 470 2055 quod
497 1981 661 2040 obscurum
684 1986 733 2039 est
753 1988 783 2040 et
796 1979 985 2055 ambiguum,
1014 1979 1128 2054 proba·

143 2061 276 2123 tionibus
295 2063 501 2124 adiuvandum
517 2063 582 2123 erit.
610 2064 636 2124 si
651 2062 836 2139 probaturus
851 2079 895 2139 es,
910 2065 960 2125 illc
976 2078 1031 2139 per
1046 2078 1128 2139 quae

104 2146 274 2221 mprobos,
299 2149 368 2222 ptus
389 2149 492 2208 valent
514 2147 652 2223 satisque
673 2164 728 2223 per
749 2164 784 2207 se
807 2156 886 2208 sunt.
927 2146 1001 2222 „Sic
1028 2148 1127 2208 amico

143 2238 243 2304 utere,
266 2231 311 2293 sic
327 2232 407 2303 cive,
433 2233 478 2292 sic
505 2232 622 2292 socio.“
651 2231 772 2306 Quare?
799 2233 893 2307 „quia
912 2232 1024 2293 iustum
1049 2234 1127 2293 est.“

144 2312 250 2374 Omnia
263 2317 322 2376 ista
337 2314 410 2375 mihi
426 2317 465 2377 dc
479 2316 593 2377 iustitia
607 2316 695 2376 locus
710 2317 810 2377 tradit.
853 2315 914 2375 ittic
937 2315 1059 2376 invenio
1076 2331 1126 2375 ae·

144 2397 288 2474 quitatem
304 2415 360 2475 per
375 2415 410 2459 se
423 2401 636 2475 expetendam.
659 2416 717 2461 nec
731 2407 813 2460 metu
830 2416 888 2461 nos
904 2399 1039 2459 odiliam
1057 2398 1126 2474 cogi

142 2499 199 2543 nec
214 2483 356 2543 mercede
372 2484 513 2545 conduci.
542 2500 603 2544 non
620 2500 691 2544 esse
705 2485 832 2556 iustum,
849 2483 898 2543 cui
914 2484 1079 2558 quicquam
1094 2483 1125 2542 in

142 2566 199 2626 hac
209 2567 318 2627 virtute
333 2567 434 2640 placet
445 2575 566 2642 praeter
577 2569 687 2644 ipsam.
702 2568 762 2628 hoc
777 2583 843 2627 cum
856 2565 998 2642 persuasi
1011 2564 1085 2627 mibi
1097 2573 1126 2627 et

143 2650 276 2723 perbibi,
299 2648 373 2724 quid
393 2650 451 2711 ista
471 2659 637 2727 praecepta
660 2651 838 2727 proficiunt,
865 2667 946 2726 quae
973 2651 1124 2711 cruditum

143 2732 275 2792 docent?
292 2741 458 2808 praecepta
469 2737 542 2796 dare
555 2735 663 2796 scienti
674 2751 898 2811 supervacuum
910 2742 966 2807 est,
977 2733 1125 2794 nescienti

143 2831 258 2890 parum.
288 2816 393 2876 audire
408 2820 488 2878 enim
503 2819 595 2880 debet
611 2836 672 2880 non
689 2827 818 2893 tantum,
843 2819 916 2894 quid
934 2817 993 2878 sibi
1008 2818 1124 2893 praeci·

102 2899 250 2974 rapiatur,
266 2900 321 2960 sed
339 2900 428 2961 etiam
445 2919 549 2979 quare.
570 2903 686 2975 Utrum,
703 2904 838 2978 inquam,
855 2918 944 2962 veras
961 2900 1124 2976 opiniones

142 2982 265 3043 habenti
290 2985 330 3044 dc
355 2986 446 3048 bonis
473 2988 623 3063 malisque
648 2996 719 3048 sunt
741 2987 919 3047 neccssaria
935 3002 974 3046 an
992 3002 1056 3046 non
1070 2985 1123 3044 ha·

142 3067 246 3127 bentit
275 3069 404 3143 quinon
420 3072 526 3145 habat,
549 3071 623 3132 nihil
638 3088 656 3130 a
671 3078 701 3131 te
719 3071 921 3131 adiuvabitur.
950 3085 1042 3130 aures
1057 3069 1124 3129 eius

143 3153 294 3214 contraria
308 3156 524 3217 monitionibus
535 3155 596 3215 tuis
608 3157 687 3215 sama
702 3155 851 3231 possedit.
879 3153 930 3229 qui
945 3153 1040 3214 habet
1053 3168 1125 3214 exa·

142 3244 222 3297 ctum
237 3237 381 3300 iudicium
393 3240 432 3299 de
443 3238 597 3316 fugiendis
611 3240 823 3315 petendisque,
838 3238 904 3312 scit,
920 3237 995 3314 quid
1008 3237 1068 3298 sibi
1083 3238 1125 3296 ia-

141 3321 282 3382 ciendum
297 3324 338 3384 sit
352 3325 442 3384 etiam
457 3332 486 3385 te
502 3332 631 3384 tacente.
660 3331 723 3384 tota
735 3340 808 3398 crgo
822 3338 894 3399 pars
915 3322 975 3382 ista
990 3321 1127 3397 pbiloso-

142 3403 417 3478 phiaesubmovcri
433 3416 543 3483 potest.
558 3409 626 3469 Duo
641 3416 720 3478 sunt,
737 3415 863 3483 propter
878 3422 957 3481 quae
975 3404 1126 3480 delinqui-

142 3498 226 3548 mus=
241 3497 293 3551 aut
304 3491 386 3552 inest
397 3492 497 3552 enimc
511 3493 616 3568 pravis
632 3490 827 3567 opinionibus
838 3489 952 3551 matitia
969 3495 1127 3550 contracta
