2468 3930
693 70 709 138 ,i

110 259 156 297 xvi
495 242 728 300 PRAEFATIO.

113 386 144 435 ab
161 383 312 448 Hieronymo
333 382 427 446 petivi,
449 383 492 445 qui
513 394 664 443 quemqnam
683 397 765 432 rerum
785 383 898 434 ordinem
916 398 961 449 pro
979 383 1032 432 suis
1051 387 1129 436 ratio.

109 454 185 503 nibus
203 452 359 511 immutavit,
383 448 462 499 multa
482 451 509 499 in
532 449 634 499 brevius
659 452 803 515 contraxit,
822 451 901 501 multa
916 453 1024 517 abrupte
1041 456 1129 519 posuit

107 530 133 572 et
159 527 305 570 ornamenta
328 515 439 569 Senecae
463 524 583 568 consueta
605 517 755 584 plemmque
774 520 896 587 detraxit,
926 529 1009 572 tamen
1034 522 1061 571 in
1084 524 1127 585 iis,

109 605 175 654 quae
193 603 241 653 ego
258 601 326 637 nunc
343 587 439 651 primus
454 587 556 648 addidi,
578 593 616 637 tot
634 594 770 653 supersunt
788 603 822 639 ao
840 597 893 640 tam
911 591 1046 641 manifesta
1059 592 1127 642 indi-

107 662 161 721 cia,
186 671 251 720 qnae
275 653 397 706 Senecam
417 663 546 706 auctorem
568 656 691 720 prodant,
723 665 751 706 ut
774 659 856 724 magis
879 674 979 724 verear,
1006 674 1039 709 ne
1060 661 1127 712 iusto

107 725 231 793 pauciora
250 738 326 788 qnam
342 738 375 774 ne
393 726 459 775 iusto
479 723 552 790 plura
567 725 733 787 adsciverim3
749 728 884 792 repudiavi
901 729 969 778 enim
994 742 1039 790 ea,
1061 744 1127 792 quae

107 795 224 859 quamvis
238 800 387 860 argumento
404 809 419 844 a
438 792 534 843 Seneca
555 808 606 844 non
622 793 800 856 abhorrerent,
827 798 855 846 in
870 796 952 848 forma
966 804 1051 848 tamon
1071 813 1127 848 cra-

105 864 183 915 tionis
206 862 271 912 nihil
291 862 425 924 habercnt‚
449 864 528 925 quod.
541 862 572 913 de
590 862 687 914 Seneca
710 865 824 930 cogitare
842 874 957 932 cogeret3
982 867 1014 916 de
1038 866 1127 918 ordine

106 949 166 983 vero
185 931 276 982 horum
291 931 490 996 fragmentorum
503 939 586 996 potest
598 933 670 982 varia
686 934 810 984 sententia
828 949 898 994 esse;
916 950 964 1001 ego
977 950 1034 986 enm
1048 934 1126 1003 clegi,

107 1017 182 1065 quem
200 1015 250 1051 non
269 1002 376 1051 dixerim
393 1001 466 1051 unice
486 1014 574 1051 verum
598 1016 655 1052 esse
677 1002 724 1054 sed
740 1009 823 1053 tamen
845 1003 936 1064 talem,
963 1003 1045 1068 qualis
1069 1019 1127 1056 esse

105 1071 227 1136 potnerit.
258 1069 331 1129 Quod
345 1077 476 1134 praeterea
494 1068 641 1136 adiungitur
658 1085 691 1120 ex
708 1071 810 1122 schedis
825 1069 938 1123 Sadoleti
954 1072 1125 1138 fragmentum

105 1140 148 1204 88,
161 1147 296 1205 postquam
308 1139 467 1188 doctissimos
482 1138 676 1202 jurisconsultos
692 1146 715 1188 et
730 1154 812 1205 nuper
822 1139 950 1192 Osannnm
964 1144 1085 1208 exercuit,
1098 1144 1127 1194 id

105 1225 153 1274 ego
171 1209 207 1258 ita
222 1207 360 1273 genuinum
371 1221 427 1257 esse
440 1221 521 1273 nego,
540 1208 563 1257 si
573 1215 692 1273 parantes
709 1208 760 1258 sint
771 1223 819 1274 pro
832 1211 947 1276 cognatis
962 1210 1037 1272 dicti3
1056 1211 1126 1275 quod

106 1293 138 1328 ne
151 1276 209 1340 tiat,
229 1291 318 1327 vocem
334 1283 389 1327 octo
405 1283 450 1325 ant
467 1275 600 1326 delendam
620 1277 729 1327 dixerim
747 1284 791 1328 aut
808 1280 885 1344 paulo
899 1281 1124 1344 postponendam,

105 1355 134 1396 ut
152 1361 209 1396 oum
227 1346 319 1396 vicinis
336 1346 512 1409 coniungatur.
555 1343 672 1395 Ceterum
692 1345 763 1395 locus
784 1345 842 1410 hic,
866 1348 993 1411 siqnidem
1012 1347 1125 1399 Senecae

105 1422 151 1477 est,
171 1415 236 1463 sitne
255 1429 288 1462 ex
304 1412 368 1462 libro
385 1413 418 1463 de
435 1413 594 1463 matrimonio
605 1414 713 1476 petitus,
735 1414 807 1467 cuius
827 1418 918 1468 notitia
941 1415 986 1466 uni
1002 1415 1124 1483 Hieronp-

105 1498 146 1533 mo
164 1483 282 1542 debetur,
305 1483 400 1531 incerta
418 1481 561 1530 coniectura
584 1488 636 1542 est;
658 1489 717 1532 sunt
741 1492 873 1548 praeterea
890 1486 966 1536 etiam
983 1485 1034 1535 alia
1056 1485 1141 1552 frag.

105 1559 204 1613 menta,
224 1564 290 1614 quae
305 1550 373 1599 unde
390 1549 470 1614 petita
485 1550 549 1609 sint,
567 1563 618 1599 non
633 1552 761 1615 proditum
779 1561 831 1615 est3
853 1554 988 1618 inquibus
1007 1555 1123 1605 omnibus

105 1619 260 1671 collocandis
279 1625 381 1668 secutus
404 1633 461 1669 sum
476 1617 517 1668 vel
535 1620 679 1684 argumenti
696 1620 890 1673 similitudinem
905 1621 947 1674 vel
965 1622 1016 1674 alia
1033 1625 1123 1687 siqua

106 1696 176 1740 erent
194 1689 301 1746 indicia,
320 1702 402 1748 neque
419 1686 468 1736 hoo
484 1686 548 1737 mihi
564 1702 649 1755 sumo,
668 1697 696 1738 ut
712 1689 739 1739 in
757 1692 874 1743 omnibus
887 1707 976 1743 verum
986 1700 1067 1743 meet
1084 1692 1122 1742 lo-

105 1773 162 1808 cum
181 1767 205 1806 et
224 1757 337 1807 ordinem
355 1756 484 1807 invenisse
502 1756 651 1810 existimem.

175 1826 294 1888 Sequitur
313 1825 432 1889 deinceps
450 1824 514 1875 liber
542 1825 581 1875 de
608 1826 765 1877 remediis
790 1826 1018 1887 fortuitorum,
1046 1843 1123 1891 quem

105 1911 166 1960 ego,
183 1896 296 1958 siquem
314 1893 405 1953 aliurn,
425 1895 563 1959 genuinum
577 1892 689 1945 Senecae
706 1909 763 1945 csse
782 1896 902 1954 arbitron
925 1895 1024 1960 excipio
1047 1910 1123 1960 prae-

105 1964 227 2014 fationem
240 1965 352 2027 ineptam
367 1961 436 2012 illem
451 1978 481 2013 ao
493 1964 640 2025 barbaram,
656 1962 776 2028 scriptam
795 1978 825 2013 eo
837 1970 971 2027 tempore,
991 1978 1041 2027 quo
1058 1979 1122 2030 poe-

104 2042 187 2082 tarum
204 2033 307 2082 nomine
322 2031 598 2096 comprehendebantur
611 2034 631 2083 ii
645 2045 745 2092 omnes,
761 2032 805 2094 qul
816 2031 949 2097 gentilium
962 2031 1054 2082 litteris
1067 2040 1122 2084 stn-

104 2103 205 2163 derent,
231 2101 452 2167 praepositamque
476 2103 507 2152 ab
531 2101 630 2165 aliquo,
656 2101 700 2164 qni
721 2107 745 2149 et
763 2100 820 2164 ipse
840 2114 869 2150 se
883 2101 949 2150 inter
967 2109 1056 2166 poetas
1075 2118 1122 2152 nn-

105 2178 214 2220 mcraret
232 2177 256 2221 et
274 2170 398 2234 descripto
415 2169 463 2220 hoo
481 2169 593 2221 Senecae
610 2170 674 2221 libro
696 2169 751 2234 regi
774 2168 852 2219 alicui
873 2168 913 2219 vel
934 2170 1057 2235 prodesse
1079 2172 1122 2222 vel

104 2240 204 2305 placere
218 2239 308 2300 vellet3
328 2239 427 2304 excipio
444 2239 536 2290 deinde
553 2239 756 2296 additiones,
778 2253 841 2301 quas
860 2236 987 2290 oblivione
1006 2239 1121 2305 sepultas

105 2324 153 2375 ego
171 2323 258 2357 mrsus
276 2309 302 2358 in
318 2307 400 2358 lucem
414 2309 579 2373 proferendas
596 2307 671 2366 duxi;
689 2307 790 2373 excipio
804 2308 894 2369 etiam,
911 2316 939 2358 nt
955 2322 1003 2374 par
1015 2316 1062 2373 est,
1083 2308 1121 2360 lo-

106 2392 148 2427 cos
167 2376 328 2428 librariorum
342 2378 412 2428 vitiis
429 2379 593 2443 depravatos,
612 2377 656 2440 qui
672 2376 773 2439 quidem
786 2391 836 2427 non
848 2376 936 2442 plures
954 2385 1013 2427 sunt
1028 2378 1055 2427 in
1071 2377 1122 2428 hoo

103 2446 167 2497 libro
186 2461 261 2510 quam
278 2447 304 2496 in
323 2447 392 2512 aliis,
417 2461 523 2509 quorum
546 2460 597 2497 non
623 2453 724 2496 exstant
745 2445 818 2496 codd.
836 2459 899 2509 mss,
919 2451 1001 2496 aetate
1013 2453 1038 2495 et
1056 2447 1120 2498 inte·

103 2517 195 2582 gritate
211 2517 339 2582 insignem
359 2515 468 2578 denique
484 2516 566 2567 fateor
580 2514 670 2574 etiam,
687 2513 826 2563 detractam
841 2527 898 2563 esse
907 2511 1019 2565 Senecae
1038 2516 1121 2580 ipsius

104 2592 147 2635 aut
164 2585 360 2649 praelationem,
381 2584 404 2633 si
421 2597 472 2646 qua
489 2583 550 2644 fnit,
566 2589 609 2631 aut
627 2587 694 2630 certe
707 2580 822 2641 initium,
844 2589 869 2632 et
881 2583 1020 2633 verisimile
1037 2592 1076 2634 est
1094 2585 1121 2636 in

103 2652 208 2716 reliquis
226 2668 327 2718 quoque
347 2651 405 2702 libri
420 2652 535 2715 partibus
553 2650 651 2700 abiecta
668 2662 724 2698 esse
743 2649 877 2711 nonnulla,
901 2666 966 2715 quae
982 2652 1120 2717 praefatio-

103 2722 143 2773 nis
166 2723 284 2788 scriptori
305 2722 390 2771 minus
412 2719 583 2784 placuissent3
608 2724 754 2782 argumento
778 2726 816 2769 est
840 2721 897 2784 ipsa
919 2719 978 2772 libri
998 2722 1119 2784 brevitas,

104 2806 169 2855 qnae
187 2792 214 2842 in
230 2791 326 2842 Seneca
340 2789 420 2840 nimia
436 2789 550 2848 videtur,
570 2793 594 2837 et
608 2800 696 2837 rursus
715 2788 805 2853 capitis
821 2788 903 2839 ultimi
920 2789 1068 2856 longitudo,
1093 2791 1120 2842 in

104 2876 153 2923 quo
169 2875 261 2925 pamm
282 2856 402 2909 credibile
425 2864 464 2907 est
485 2858 570 2922 ipsum
589 2854 710 2906 Senecam
732 2856 917 2922 diligentiorem
938 2858 1019 2908 fnisse
1043 2874 1119 2923 quam

102 2931 130 2979 in
152 2930 252 2992 reliqua
271 2927 329 2976 libri
346 2926 465 2986 materia3
489 2924 588 2976 accedit
611 2925 701 2986 etiam,
732 2927 800 2989 quod
831 2940 881 2977 uno
905 2935 972 2977 certe
992 2927 1118 2994 exemplo,

104 3000 137 3049 de
164 3011 213 3060 quo
237 2995 304 3045 infra
332 2995 428 3058 dicam,
461 2995 523 3045 satis
550 2994 707 3060 comprobari
732 2995 833 3045 videtur
858 2994 997 3060 pleniorem
1026 2996 1120 3047 librum

103 3074 156 3118 turo
184 3064 278 3124 fnisse,
306 3078 362 3113 cnm
388 3065 526 3114 sententiae
552 3079 586 3114 ex
612 3079 642 3114 eo
667 3063 762 3127 aliquot
789 3067 816 3114 in
840 3063 931 3116 librum
953 3066 985 3116 de
1005 3067 1119 3117 moribus

104 3133 241 3185 translatae
269 3139 336 3184 sunt.
382 3132 477 3182 Verum
498 3140 583 3183 tamen
602 3132 665 3183 haec
686 3133 709 3182 si
727 3135 858 3199 exceperis
879 3141 948 3184 recte
966 3135 1118 3187 contendere

104 3202 167 3253 mihi
181 3203 285 3264 videor,
306 3200 370 3252 nihil
386 3203 490 3268 reperiri
508 3203 534 3253 in
556 3201 605 3252 hoc
623 3202 701 3264 libro,
726 3204 796 3266 qnod
816 3203 936 3253 falsarius
960 3202 1053 3267 aliquis
1071 3218 1119 3254 sna

104 3277 194 3336 sponte
212 3272 336 3324 adiecisse
352 3272 434 3323 videri
451 3272 547 3339 possit,
568 3277 656 3322 contra
669 3272 753 3322 omnia
768 3274 832 3324 adeo
851 3273 934 3337 ipsum
950 3270 1061 3324 Senecae
1079 3273 1118 3322 in-

104 3341 206 3406 genium
224 3341 333 3409 referre,
353 3349 381 3392 nt
405 3341 436 3392 de
460 3342 585 3394 imitatore
603 3341 657 3391 eius
675 3340 716 3391 val
733 3342 870 3393 vaferrimo
889 3341 1001 3406 cogitare
1018 3356 1070 3392 non
1085 3340 1118 3391 li-

104 3417 169 3461 ceat.
190 3418 265 3475 atque
283 3413 301 3461 ii
319 3412 437 3478 quidem,
463 3413 507 3476 qni
524 3409 645 3462 Senecam
663 3412 742 3475 probe
754 3417 859 3469 nomnt,
881 3425 932 3461 non
950 3410 1038 3462 dubito
1056 3411 1118 3475 quin

104 3477 167 3530 mihi
184 3480 318 3532 adsensuri
341 3481 404 3541 sint3
429 3481 528 3532 conlido
555 3487 639 3530 tamen
660 3480 737 3530 etiam
761 3478 818 3529 aliis
840 3479 957 3529 satisfieri
978 3494 1068 3544 posse,
1094 3480 1116 3530 si
