2460 3916
475 243 708 301 FRAGMENTA.
1013 239 1075 304 439

164 398 249 453 Tacit.
261 394 333 452 Aac.
346 397 391 452 fib.
401 397 485 463 XIV.
500 414 525 454 c.
536 401 621 470 losq.
657 396 760 467 (Nero)
778 397 882 452 litteras
898 396 936 452 ad
947 401 1136 463 senatum105

101 478 180 549 misit,
193 495 311 553 quarum
321 497 429 538 summa
441 488 513 538 erata

157 561 308 637 Repertum
333 579 396 619 cum
417 567 491 621 ferro
516 581 714 638 percussorem
737 564 892 636 Agerinum
915 579 952 620 ex
973 562 1076 619 intimis

101 646 273 718 Agrippinae
285 647 389 703 libertis
402 655 429 704 et
439 649 525 706 luisse
538 666 600 705 cam
611 664 734 719 poenam
745 648 929 718 conscientia,
946 663 1002 719 qua
1013 662 1077 702 scc-

101 730 143 786 lus
154 731 320 802 paravisset.
343 731 482 787 adiciebat
502 733 617 789 crimina
632 732 744 804 longius
760 731 862 803 petita,
874 729 949 802 quod
961 733 1076 786 consor-

101 814 167 868 tium
179 813 287 886 imperii
299 816 493 887 iuraturasque
504 816 532 870 in
544 815 663 871 feminae
675 817 764 872 verba
774 815 930 887 praetorias
945 813 1076 870 cohortes

101 897 232 968 idemque
243 898 368 954 dedecus
380 904 494 955 senatus
512 905 539 953 et
554 898 652 970 populi
671 899 858 971 speravisset,
878 913 911 952 ac
927 902 1078 969 postquam

101 981 202 1036 frustra
214 987 308 1052 optata
319 982 388 1050 sint,
399 982 509 1037 infensa
521 982 597 1037 militi
607 984 789 1053 patribusque
802 987 829 1037 et
838 980 915 1053 plebi
926 979 1077 1036 dissuasis-

101 1072 144 1120 set
174 1065 337 1122 donativum
360 1071 387 1120 et
409 1065 598 1136 congiarium,
626 1067 807 1138 periculaque
828 1067 898 1122 viris
925 1067 1078 1126 illustribus

101 1143 256 1200 struxisset.
279 1149 380 1215 quanto
401 1162 453 1202 suo
470 1146 566 1202 labore
581 1153 786 1220 perpetratum,
804 1163 840 1202 ne
853 1146 1020 1219 irrumperet
1031 1159 1078 1199 cu-

101 1226 185 1295 riam,
205 1244 241 1282 ne
259 1228 388 1300 gentibus
405 1229 526 1285 externis
537 1247 676 1302 respousa
688 1231 780 1287 daret!
797 1236 955 1304 temporum
967 1243 1079 1300 quoque

103 1309 318 1367 Claudianorum
338 1312 451 1384 obliqua
472 1313 653 1371 insectatione
675 1320 774 1371 cuncta
797 1315 857 1370 eius
883 1311 1080 1368 dominationis

101 1392 207 1465 flagitia
218 1395 246 1449 in
261 1401 378 1452 matrem
394 1399 543 1468 transtulit,
564 1399 676 1471 publica
690 1401 800 1454 fortuna
818 1397 983 1453 exstinctam
1005 1396 1079 1450 refe·

102 1493 177 1533 rens.
200 1495 320 1551 namque
341 1486 368 1535 et
379 1481 555 1554 naufragium
572 1484 716 1553 narrabat,
737 1481 813 1554 quod
835 1481 975 1536 fortuitum
994 1478 1080 1534 fuisse

103 1562 165 1632 quis
182 1562 255 1618 adeo
270 1563 358 1620 hebes
376 1565 548 1622 inveniretur
564 1565 754 1622 utcrederetf
776 1571 823 1621 aut
840 1581 856 1620 a
877 1564 994 1619 muliere
1010 1578 1079 1618 nau·

103 1645 183 1717 fraga
202 1647 318 1702 missum
335 1664 398 1703 curn
414 1650 470 1704 telo
483 1664 580 1721 unum,
599 1649 646 1721 qui
658 1649 787 1706 cohortes
802 1653 828 1704 el
840 1650 946 1704 classes
958 1647 1080 1719 impera-

103 1729 170 1784 toris
180 1731 388 1802 perfringeret?
416 1732 492 1805 Ergo
510 1749 568 1789 nou
583 1733 640 1789 iam
650 1733 740 1803 Nero,
763 1733 841 1788 cuius
853 1731 1009 1787 immanitas
1021 1747 1081 1785 om·

104 1811 179 1866 nium
192 1821 306 1885 questus
319 1815 454 1887 anteibat,
468 1816 520 1874 sed
534 1815 644 1873 Seneca
656 1833 768 1874 rumore
781 1817 903 1873 adverso
916 1822 989 1886 erat,
1005 1812 1081 1886 quod

104 1896 230 1952 oratione
243 1898 290 1953 tali
303 1900 509 1957 confessionem
521 1901 689 1974 scripsisset.

166 1977 276 2046 Quintil.
288 1984 379 2043 institi.
392 1989 462 2040 orat.
480 1983 568 2052 VIII,
587 2001 613 2040 c.
625 1990 656 2054 5,
669 1988 712 2042 18.
733 1983 755 2039 F
757 1983 811 2039 acit
822 1982 958 2054 quasdam
970 1985 1082 2037 senlen—
1090 1980 1141 2034 106

103 2062 155 2117 tias
177 2065 237 2119 sola
255 2065 419 2136 geminatio,
444 2068 532 2137 qualis
556 2075 598 2123 cst
620 2066 747 2123 Senecae
764 2066 793 2120 in
811 2082 845 2120 eo
864 2065 982 2136 scripto,
1007 2062 1082 2134 quod

104 2144 179 2200 Nero
197 2146 234 2200 ad
251 2152 378 2202 senatum
402 2149 476 2204 misit
496 2151 708 2220 occisa'matre,
726 2165 789 2204 cum
801 2164 833 2203 se
843 2147 1028 2220 periclitatum
1039 2147 1082 2202 vi-

108 2227 279 2284 derivellet=

210 2314 338 2380 „salvum
349 2331 395 2370 mc
407 2331 472 2370 csse
485 2313 578 2370 adhuc
589 2329 642 2368 nec
652 2312 736 2369 credo
752 2328 805 2368 nec
816 2311 958 2384 gaudeo.“

169 2394 268 2451 Melior
282 2413 345 2452 cum
357 2414 393 2454 ex
405 2398 549 2454 contrariis
563 2398 653 2455 valet:

170 2479 302 2551 „Habeo,
315 2497 398 2553 quem
418 2481 537 2554 fugiam:
557 2498 640 2554 quem
652 2495 756 2551 sequar
767 2495 823 2535 non
833 2477 956 2534 habeo.“
982 2475 1083 2547 „Quid

107 2564 183 2634 quod
194 2563 279 2620 miser
291 2581 353 2620 curn
364 2566 440 2637 loqui
452 2582 508 2621 uon
520 2571 632 2640 posset,
646 2570 740 2620 tacere
752 2579 808 2618 non
818 2560 957 2635 poterat.“

171 2648 254 2703 Tacit.
266 2647 339 2711 Aren.
351 2649 437 2718 XIV,
450 2665 474 2704 c.
485 2654 529 2708 53.
563 2648 673 2706 Seneca
685 2647 887 2704 criminantium
898 2661 953 2703 non
965 2644 1080 2717 ignarus
1092 2647 1142 2704 10⁷

107 2730 289 2802 prodentibus
306 2734 355 2804 iis,
375 2734 474 2805 quibus
494 2736 587 2806 aliqua
604 2732 714 2789 honesti
725 2748 806 2802 cura,
830 2737 856 2786 ct
873 2729 1084 2787 familiaritatem

109 2815 168 2868 eius
179 2816 269 2885 magis
282 2823 449 2889 aspernante
461 2817 583 2874 Caesare
601 2823 710 2890 tempus
724 2816 847 2872 sermoni
859 2820 919 2871 orat
930 2819 957 2871 et
968 2817 1083 2886 accepto

108 2897 145 2953 ita
156 2897 263 2968 incipit:
599 2958 601 2962 ¹

173 2979 313 3051 „Quartus
325 2982 451 3040 decimus
463 3001 553 3040 annus
565 2990 623 3054 est,
636 2983 755 3053 Caesar,
769 2999 805 3038 ex
816 2997 871 3053 quo
885 2981 946 3053 spei
957 2987 1022 3036 tuae
1035 2978 1084 3034 ad·

108 3072 199 3120 motus
222 3081 297 3136 sum,
319 3073 451 3137 octavus,
478 3074 508 3122 ut
525 3067 673 3140 imperium
690 3066 812 3122 obtinesr
834 3065 927 3120 medio
951 3060 1084 3134 temporis

109 3154 214 3205 lantum
224 3149 363 3205 honorum
374 3155 457 3221 atque
470 3167 555 3222 opum
567 3152 594 3205 in
609 3167 655 3206 me
667 3148 826 3215 cumulasti,
846 3153 875 3203 ut
885 3147 953 3202 nihil
964 3144 1085 3201 felicitati

108 3249 189 3289 mcae
208 3233 280 3290 desit
296 3234 349 3290 nisi
371 3234 525 3290 moderatio
538 3234 606 3289 eius.
652 3233 719 3288 Utar
736 3231 845 3303 magnis
858 3230 1008 3302 exemplis,
1033 3244 1086 3283 nee

109 3333 189 3373 meae
208 3320 335 3374 fortunae
353 3318 405 3374 sed
422 3324 501 3373 luae:
521 3318 628 3374 abavus
644 3322 708 3372 tuus
721 3314 864 3386 Augustus
875 3313 970 3368 Marco
983 3311 1085 3384 Agrtp·

108 3416 164 3471 pae
175 3401 361 3474 Mytilenense
373 3407 526 3472 secretum,
545 3401 612 3457 Gaio
625 3399 780 3456 Maecenati
798 3399 867 3454 urbe
885 3399 912 3453 in
932 3397 994 3469 ipsa
1010 3396 1087 3451 velut

111 3487 288 3557 peregrinum
302 3487 386 3543 otium
400 3487 540 3560 permisit,
562 3501 678 3558 quorum
693 3485 761 3540 alter
771 3484 907 3539 bellorum
919 3481 1027 3552 socius,
1046 3483 1085 3535 al-
