<?xml version="1.0" encoding="UTF-8"?>
<!DOCTYPE html PUBLIC "-//W3C//DTD XHTML 1.0 Transitional//EN"
    "http://www.w3.org/TR/xhtml1/DTD/xhtml1-transitional.dtd">
<html xmlns="http://www.w3.org/1999/xhtml" xml:lang="en" lang="en">
 <head>
  <title>
</title>
<meta http-equiv="Content-Type" content="text/html;charset=utf-8" />
  <meta name='ocr-system' content='tesseract 3.04.00' />
  <meta name='ocr-capabilities' content='ocr_page ocr_carea ocr_par ocr_line ocrx_word'/>
</head>
<body>
  <div class='ocr_page' id='page_1' title='image "./lannaeisenecaeo00haasgoog_0160.png"; bbox 0 0 2468 3930; ppageno 0'>
   <div class='ocr_carea' id='block_1_1' title="bbox 212 224 1077 303">
    <p class='ocr_par' dir='ltr' id='par_1_1' title="bbox 212 224 1077 303">
     <span class='ocr_line' id='line_1_1' title="bbox 212 224 1077 303; baseline 0.003 -15"><span class='ocrx_word' id='word_1_1' title='bbox 212 229 383 290; x_wconf 82' lang='lat' dir='ltr'><strong>EPISTUL.</strong></span> <span class='ocrx_word' id='word_1_2' title='bbox 400 228 492 289; x_wconf 81' lang='lat' dir='ltr'><strong>lloa.</strong></span> <span class='ocrx_word' id='word_1_3' title='bbox 515 229 586 288; x_wconf 88' lang='lat' dir='ltr'><strong>LIB.</strong></span> <span class='ocrx_word' id='word_1_4' title='bbox 602 229 654 288; x_wconf 80' lang='lat' dir='ltr'><strong>vl.</strong></span> <span class='ocrx_word' id='word_1_5' title='bbox 675 226 733 288; x_wconf 81' lang='grc' dir='ltr'><strong>ΕΡ.</strong></span> <span class='ocrx_word' id='word_1_6' title='bbox 749 236 774 291; x_wconf 86' lang='grc'><strong>6.</strong></span> <span class='ocrx_word' id='word_1_7' title='bbox 787 236 813 292; x_wconf 89' lang='grc'><strong>7.</strong></span> <span class='ocrx_word' id='word_1_8' title='bbox 835 237 893 303; x_wconf 81' lang='lat'><strong>(58.</strong></span> <span class='ocrx_word' id='word_1_9' title='bbox 909 233 966 301; x_wconf 86' lang='lat'><strong>59.)</strong></span> <span class='ocrx_word' id='word_1_10' title='bbox 1016 224 1077 291; x_wconf 78' lang='lat'><strong>127</strong></span> 
     </span>
    </p>
   </div>
   <div class='ocr_carea' id='block_1_2' title="bbox 99 379 1117 3468">
    <p class='ocr_par' dir='ltr' id='par_1_2' title="bbox 99 379 1109 1373">
     <span class='ocr_line' id='line_1_2' title="bbox 99 379 1107 456; baseline -0.007 -10"><span class='ocrx_word' id='word_1_11' title='bbox 99 381 334 446; x_wconf 79' lang='lat' dir='ltr'><strong>monstrandam</strong></span> <span class='ocrx_word' id='word_1_12' title='bbox 350 380 441 440; x_wconf 90' lang='lat' dir='ltr'><strong>animi</strong></span> <span class='ocrx_word' id='word_1_13' title='bbox 454 379 578 439; x_wconf 82' lang='lat' dir='ltr'><strong>hilarem</strong></span> <span class='ocrx_word' id='word_1_14' title='bbox 592 380 803 441; x_wconf 76' lang='lat' dir='ltr'><strong>adfectionem.</strong></span> <span class='ocrx_word' id='word_1_15' title='bbox 843 379 929 454; x_wconf 88' lang='lat' dir='ltr'><strong>Scio,</strong></span> <span class='ocrx_word' id='word_1_16' title='bbox 945 381 1077 456; x_wconf 90' lang='lat' dir='ltr'><strong>inquam,</strong></span> <span class='ocrx_word' id='word_1_17' title='bbox 1090 394 1107 446; x_wconf 77' lang='lat' dir='ltr'><strong>a</strong></span> 
     </span>
     <span class='ocr_line' id='line_1_3' title="bbox 101 464 1078 541; baseline -0.004 -12"><span class='ocrx_word' id='word_1_18' title='bbox 101 477 131 530; x_wconf 92' lang='lat' dir='ltr'><strong>et</strong></span> <span class='ocrx_word' id='word_1_19' title='bbox 149 469 405 541; x_wconf 84' lang='lat' dir='ltr'><strong>voluptatem,</strong></span> <span class='ocrx_word' id='word_1_20' title='bbox 426 464 452 524; x_wconf 92' lang='lat' dir='ltr'><strong>si</strong></span> <span class='ocrx_word' id='word_1_21' title='bbox 474 464 513 524; x_wconf 92' lang='lat' dir='ltr'><strong>ad</strong></span> <span class='ocrx_word' id='word_1_22' title='bbox 531 470 668 525; x_wconf 88' lang='lat' dir='ltr'><strong>nostrum</strong></span> <span class='ocrx_word' id='word_1_23' title='bbox 690 465 788 524; x_wconf 86' lang='lat' dir='ltr'><strong>album</strong></span> <span class='ocrx_word' id='word_1_24' title='bbox 804 465 898 527; x_wconf 89' lang='lat' dir='ltr'><strong>verba</strong></span> <span class='ocrx_word' id='word_1_25' title='bbox 912 464 1078 539; x_wconf 85' lang='lat' dir='ltr'><strong>dirigimus,</strong></span> 
     </span>
     <span class='ocr_line' id='line_1_4' title="bbox 100 548 1078 624; baseline -0.005 -12"><span class='ocrx_word' id='word_1_26' title='bbox 100 568 166 612; x_wconf 91' lang='lat' dir='ltr'><strong>rem</strong></span> <span class='ocrx_word' id='word_1_27' title='bbox 180 550 323 610; x_wconf 77' lang='lat' dir='ltr'><strong>infamem</strong></span> <span class='ocrx_word' id='word_1_28' title='bbox 338 563 411 606; x_wconf 90' lang='lat' dir='ltr'><strong>esse</strong></span> <span class='ocrx_word' id='word_1_29' title='bbox 424 554 454 606; x_wconf 90' lang='lat' dir='ltr'><strong>et</strong></span> <span class='ocrx_word' id='word_1_30' title='bbox 468 548 649 621; x_wconf 78' lang='lat' dir='ltr'><strong>gaudium</strong></span> <span class='ocrx_word' id='word_1_31' title='bbox 665 548 724 608; x_wconf 92' lang='lat' dir='ltr'><strong>nisi</strong></span> <span class='ocrx_word' id='word_1_32' title='bbox 739 548 870 624; x_wconf 83' lang='lat' dir='ltr'><strong>sapienti</strong></span> <span class='ocrx_word' id='word_1_33' title='bbox 885 565 946 608; x_wconf 92' lang='lat' dir='ltr'><strong>non</strong></span> <span class='ocrx_word' id='word_1_34' title='bbox 962 548 1078 609; x_wconf 89' lang='lat' dir='ltr'><strong>contin-</strong></span> 
     </span>
     <span class='ocr_line' id='line_1_5' title="bbox 103 629 1078 711; baseline -0.005 -17"><span class='ocrx_word' id='word_1_35' title='bbox 103 651 187 711; x_wconf 85' lang='lat' dir='ltr'><strong>gere.</strong></span> <span class='ocrx_word' id='word_1_36' title='bbox 224 639 273 694; x_wconf 89' lang='lat' dir='ltr'><strong>est</strong></span> <span class='ocrx_word' id='word_1_37' title='bbox 288 630 368 691; x_wconf 90' lang='lat' dir='ltr'><strong>enim</strong></span> <span class='ocrx_word' id='word_1_38' title='bbox 384 629 476 691; x_wconf 89' lang='lat' dir='ltr'><strong>animi</strong></span> <span class='ocrx_word' id='word_1_39' title='bbox 490 631 580 691; x_wconf 88' lang='lat' dir='ltr'><strong>elatio</strong></span> <span class='ocrx_word' id='word_1_40' title='bbox 596 632 660 692; x_wconf 90' lang='lat' dir='ltr'><strong>suis</strong></span> <span class='ocrx_word' id='word_1_41' title='bbox 675 629 766 692; x_wconf 89' lang='lat' dir='ltr'><strong>bonis</strong></span> <span class='ocrx_word' id='word_1_42' title='bbox 787 632 932 707; x_wconf 92' lang='lat' dir='ltr'><strong>verisque</strong></span> <span class='ocrx_word' id='word_1_43' title='bbox 946 631 1078 693; x_wconf 85' lang='lat' dir='ltr'><strong>fidentis.</strong></span> 
     </span>
     <span class='ocr_line' id='line_1_6' title="bbox 102 715 1080 793; baseline -0.004 -16"><span class='ocrx_word' id='word_1_44' title='bbox 102 720 197 793; x_wconf 84' lang='lat' dir='ltr'><strong>volgo</strong></span> <span class='ocrx_word' id='word_1_45' title='bbox 211 724 312 776; x_wconf 88' lang='lat' dir='ltr'><strong>tamen</strong></span> <span class='ocrx_word' id='word_1_46' title='bbox 329 715 375 774; x_wconf 91' lang='lat' dir='ltr'><strong>sic</strong></span> <span class='ocrx_word' id='word_1_47' title='bbox 389 715 557 790; x_wconf 87' lang='lat' dir='ltr'><strong>loquimur,</strong></span> <span class='ocrx_word' id='word_1_48' title='bbox 579 721 611 774; x_wconf 90' lang='lat' dir='ltr'><strong>ut</strong></span> <span class='ocrx_word' id='word_1_49' title='bbox 625 715 763 775; x_wconf 87' lang='lat' dir='ltr'><strong>dicamus</strong></span> <span class='ocrx_word' id='word_1_50' title='bbox 777 732 919 791; x_wconf 86' lang='lat' dir='ltr'><strong>magnum</strong></span> <span class='ocrx_word' id='word_1_51' title='bbox 935 716 1080 789; x_wconf 80' lang='lat' dir='ltr'><strong>gaudium</strong></span> 
     </span>
     <span class='ocr_line' id='line_1_7' title="bbox 102 798 1079 877; baseline -0.005 -14"><span class='ocrx_word' id='word_1_52' title='bbox 102 818 162 869; x_wconf 85' lang='lat' dir='ltr'><strong>nos</strong></span> <span class='ocrx_word' id='word_1_53' title='bbox 177 816 216 861; x_wconf 89' lang='lat' dir='ltr'><strong>ex</strong></span> <span class='ocrx_word' id='word_1_54' title='bbox 230 800 311 860; x_wconf 93' lang='lat' dir='ltr'><strong>illius</strong></span> <span class='ocrx_word' id='word_1_55' title='bbox 334 799 496 858; x_wconf 85' lang='lat' dir='ltr'><strong>consulatu</strong></span> <span class='ocrx_word' id='word_1_56' title='bbox 509 806 562 858; x_wconf 90' lang='lat' dir='ltr'><strong>aut</strong></span> <span class='ocrx_word' id='word_1_57' title='bbox 574 798 636 877; x_wconf 88' lang='lat' dir='ltr'><strong>[ex]</strong></span> <span class='ocrx_word' id='word_1_58' title='bbox 652 799 765 873; x_wconf 91' lang='lat' dir='ltr'><strong>nuptiis</strong></span> <span class='ocrx_word' id='word_1_59' title='bbox 781 807 833 861; x_wconf 87' lang='lat' dir='ltr'><strong>aul</strong></span> <span class='ocrx_word' id='word_1_60' title='bbox 847 816 885 860; x_wconf 85' lang='lat' dir='ltr'><strong>ex</strong></span> <span class='ocrx_word' id='word_1_61' title='bbox 900 805 990 874; x_wconf 91' lang='lat' dir='ltr'><strong>partu</strong></span> <span class='ocrx_word' id='word_1_62' title='bbox 1003 815 1079 859; x_wconf 89' lang='lat' dir='ltr'><strong>uxo·</strong></span> 
     </span>
     <span class='ocr_line' id='line_1_8' title="bbox 101 882 1080 960; baseline -0.005 -13"><span class='ocrx_word' id='word_1_63' title='bbox 101 888 146 946; x_wconf 85' lang='lat' dir='ltr'><strong>ris</strong></span> <span class='ocrx_word' id='word_1_64' title='bbox 169 882 366 960; x_wconf 80' lang='lat' dir='ltr'><strong>percepisse,</strong></span> <span class='ocrx_word' id='word_1_65' title='bbox 389 898 469 957; x_wconf 87' lang='lat' dir='ltr'><strong>quae</strong></span> <span class='ocrx_word' id='word_1_66' title='bbox 494 882 572 942; x_wconf 89' lang='lat' dir='ltr'><strong>adeo</strong></span> <span class='ocrx_word' id='word_1_67' title='bbox 594 897 656 942; x_wconf 89' lang='lat' dir='ltr'><strong>non</strong></span> <span class='ocrx_word' id='word_1_68' title='bbox 682 890 753 942; x_wconf 86' lang='lat' dir='ltr'><strong>sunt</strong></span> <span class='ocrx_word' id='word_1_69' title='bbox 777 884 904 957; x_wconf 82' lang='lat' dir='ltr'><strong>gaudia,</strong></span> <span class='ocrx_word' id='word_1_70' title='bbox 926 889 960 941; x_wconf 93' lang='lat' dir='ltr'><strong>ut</strong></span> <span class='ocrx_word' id='word_1_71' title='bbox 984 898 1080 957; x_wconf 89' lang='lat' dir='ltr'><strong>saepe</strong></span> 
     </span>
     <span class='ocr_line' id='line_1_9' title="bbox 102 965 1081 1040; baseline -0.004 -11"><span class='ocrx_word' id='word_1_72' title='bbox 102 967 189 1029; x_wconf 86' lang='lat' dir='ltr'><strong>initia</strong></span> <span class='ocrx_word' id='word_1_73' title='bbox 209 969 331 1028; x_wconf 81' lang='lat' dir='ltr'><strong>futurae</strong></span> <span class='ocrx_word' id='word_1_74' title='bbox 350 965 490 1026; x_wconf 86' lang='lat' dir='ltr'><strong>tristitiae</strong></span> <span class='ocrx_word' id='word_1_75' title='bbox 512 965 585 1025; x_wconf 80' lang='lat' dir='ltr'><strong>sint:</strong></span> <span class='ocrx_word' id='word_1_76' title='bbox 614 965 727 1040; x_wconf 84' lang='lat' dir='ltr'><strong>gaudio</strong></span> <span class='ocrx_word' id='word_1_77' title='bbox 748 974 850 1026; x_wconf 91' lang='lat' dir='ltr'><strong>autem</strong></span> <span class='ocrx_word' id='word_1_78' title='bbox 875 967 1009 1025; x_wconf 87' lang='lat' dir='ltr'><strong>iunctum</strong></span> <span class='ocrx_word' id='word_1_79' title='bbox 1033 974 1081 1025; x_wconf 92' lang='lat' dir='ltr'><strong>est</strong></span> 
     </span>
     <span class='ocr_line' id='line_1_10' title="bbox 103 1047 1109 1124; baseline -0.005 -11"><span class='ocrx_word' id='word_1_80' title='bbox 103 1069 165 1113; x_wconf 91' lang='lat' dir='ltr'><strong>non</strong></span> <span class='ocrx_word' id='word_1_81' title='bbox 187 1051 331 1111; x_wconf 88' lang='lat' dir='ltr'><strong>desinere</strong></span> <span class='ocrx_word' id='word_1_82' title='bbox 345 1064 402 1110; x_wconf 91' lang='lat' dir='ltr'><strong>nec</strong></span> <span class='ocrx_word' id='word_1_83' title='bbox 424 1049 453 1109; x_wconf 92' lang='lat' dir='ltr'><strong>in</strong></span> <span class='ocrx_word' id='word_1_84' title='bbox 476 1049 658 1109; x_wconf 80' lang='lat' dir='ltr'><strong>centrarium</strong></span> <span class='ocrx_word' id='word_1_85' title='bbox 675 1049 760 1108; x_wconf 90' lang='lat' dir='ltr'><strong>verti.</strong></span> <span class='ocrx_word' id='word_1_86' title='bbox 801 1050 909 1124; x_wconf 89' lang='lat' dir='ltr'><strong>ltaque</strong></span> <span class='ocrx_word' id='word_1_87' title='bbox 926 1064 995 1108; x_wconf 91' lang='lat' dir='ltr'><strong>cum</strong></span> <span class='ocrx_word' id='word_1_88' title='bbox 1010 1047 1109 1108; x_wconf 69' lang='lat' dir='ltr'><strong>dicito</strong></span> 
     </span>
     <span class='ocr_line' id='line_1_11' title="bbox 102 1135 379 1210; baseline -0.018 -14"><span class='ocrx_word' id='word_1_89' title='bbox 102 1135 259 1210; x_wconf 80' lang='lat' dir='ltr'><strong>Vergilius</strong></span> <span class='ocrx_word' id='word_1_90' title='bbox 274 1138 379 1193; x_wconf 89' lang='lat' dir='ltr'><strong>noster</strong></span> 
     </span>
     <span class='ocr_line' id='line_1_12' title="bbox 474 1218 715 1277; baseline -0.004 0"><span class='ocrx_word' id='word_1_91' title='bbox 474 1219 596 1277; x_wconf 76' lang='lat' dir='ltr'><strong>cimela</strong></span> <span class='ocrx_word' id='word_1_92' title='bbox 610 1218 715 1276; x_wconf 78' lang='lat' dir='ltr'><strong>mentis</strong></span> 
     </span>
     <span class='ocr_line' id='line_1_13' title="bbox 310 1301 433 1373; baseline 0 -15"><span class='ocrx_word' id='word_1_93' title='bbox 310 1301 433 1373; x_wconf 72' lang='lat' dir='ltr'><strong>paedia,</strong></span> 
     </span>
    </p>

    <p class='ocr_par' dir='ltr' id='par_1_3' title="bbox 105 1381 1117 3468">
     <span class='ocr_line' id='line_1_14' title="bbox 105 1381 1082 1459; baseline -0.006 -13"><span class='ocrx_word' id='word_1_94' title='bbox 105 1386 219 1446; x_wconf 89' lang='lat' dir='ltr'><strong>diserte</strong></span> <span class='ocrx_word' id='word_1_95' title='bbox 236 1382 360 1459; x_wconf 90' lang='lat' dir='ltr'><strong>quidem</strong></span> <span class='ocrx_word' id='word_1_96' title='bbox 381 1383 468 1456; x_wconf 91' lang='lat' dir='ltr'><strong>dicit,</strong></span> <span class='ocrx_word' id='word_1_97' title='bbox 485 1384 543 1443; x_wconf 90' lang='lat' dir='ltr'><strong>sed</strong></span> <span class='ocrx_word' id='word_1_98' title='bbox 562 1400 670 1458; x_wconf 88' lang='lat' dir='ltr'><strong>parum</strong></span> <span class='ocrx_word' id='word_1_99' title='bbox 690 1382 825 1457; x_wconf 90' lang='lat' dir='ltr'><strong>proprie.</strong></span> <span class='ocrx_word' id='word_1_100' title='bbox 865 1383 981 1441; x_wconf 90' lang='lat' dir='ltr'><strong>nullum</strong></span> <span class='ocrx_word' id='word_1_101' title='bbox 1002 1381 1082 1440; x_wconf 90' lang='lat' dir='ltr'><strong>enim</strong></span> 
     </span>
     <span class='ocr_line' id='line_1_15' title="bbox 105 1464 1083 1542; baseline -0.004 -13"><span class='ocrx_word' id='word_1_102' title='bbox 105 1470 218 1530; x_wconf 91' lang='lat' dir='ltr'><strong>malum</strong></span> <span class='ocrx_word' id='word_1_103' title='bbox 234 1467 379 1542; x_wconf 79' lang='lat' dir='ltr'><strong>gaudium</strong></span> <span class='ocrx_word' id='word_1_104' title='bbox 393 1474 456 1527; x_wconf 77' lang='lat' dir='ltr'><strong>est:</strong></span> <span class='ocrx_word' id='word_1_105' title='bbox 481 1467 687 1542; x_wconf 90' lang='lat' dir='ltr'><strong>voluptatibus</strong></span> <span class='ocrx_word' id='word_1_106' title='bbox 702 1466 762 1528; x_wconf 90' lang='lat' dir='ltr'><strong>hoc</strong></span> <span class='ocrx_word' id='word_1_107' title='bbox 777 1481 887 1526; x_wconf 91' lang='lat' dir='ltr'><strong>nomen</strong></span> <span class='ocrx_word' id='word_1_108' title='bbox 902 1464 1039 1540; x_wconf 88' lang='lat' dir='ltr'><strong>inposuit</strong></span> <span class='ocrx_word' id='word_1_109' title='bbox 1053 1472 1083 1525; x_wconf 90' lang='lat' dir='ltr'><strong>et</strong></span> 
     </span>
     <span class='ocr_line' id='line_1_16' title="bbox 107 1549 1081 1628; baseline -0.003 -15"><span class='ocrx_word' id='word_1_110' title='bbox 107 1553 192 1628; x_wconf 91' lang='lat' dir='ltr'><strong>quod</strong></span> <span class='ocrx_word' id='word_1_111' title='bbox 211 1549 309 1612; x_wconf 91' lang='lat' dir='ltr'><strong>voluit</strong></span> <span class='ocrx_word' id='word_1_112' title='bbox 335 1549 499 1624; x_wconf 84' lang='lat' dir='ltr'><strong>expressit.</strong></span> <span class='ocrx_word' id='word_1_113' title='bbox 536 1550 720 1626; x_wconf 83' lang='lat' dir='ltr'><strong>significavit</strong></span> <span class='ocrx_word' id='word_1_114' title='bbox 740 1550 820 1609; x_wconf 89' lang='lat' dir='ltr'><strong>enim</strong></span> <span class='ocrx_word' id='word_1_115' title='bbox 841 1549 980 1610; x_wconf 89' lang='lat' dir='ltr'><strong>homines</strong></span> <span class='ocrx_word' id='word_1_116' title='bbox 1001 1551 1081 1610; x_wconf 91' lang='lat' dir='ltr'><strong>malo</strong></span> 
     </span>
     <span class='ocr_line' id='line_1_17' title="bbox 106 1634 1114 1709; baseline -0.003 -11"><span class='ocrx_word' id='word_1_117' title='bbox 106 1653 164 1697; x_wconf 90' lang='lat' dir='ltr'><strong>suo</strong></span> <span class='ocrx_word' id='word_1_118' title='bbox 179 1638 287 1695; x_wconf 88' lang='lat' dir='ltr'><strong>laetos.</strong></span> <span class='ocrx_word' id='word_1_119' title='bbox 319 1634 430 1693; x_wconf 85' lang='lat' dir='ltr'><strong>Tamen</strong></span> <span class='ocrx_word' id='word_1_120' title='bbox 446 1649 503 1709; x_wconf 82' lang='lat' dir='ltr'><strong>ego</strong></span> <span class='ocrx_word' id='word_1_121' title='bbox 518 1651 579 1694; x_wconf 90' lang='lat' dir='ltr'><strong>non</strong></span> <span class='ocrx_word' id='word_1_122' title='bbox 594 1635 732 1695; x_wconf 89' lang='lat' dir='ltr'><strong>inmerito</strong></span> <span class='ocrx_word' id='word_1_123' title='bbox 749 1635 885 1694; x_wconf 87' lang='lat' dir='ltr'><strong>dixeram</strong></span> <span class='ocrx_word' id='word_1_124' title='bbox 898 1635 1019 1709; x_wconf 87' lang='lat' dir='ltr'><strong>cepisse</strong></span> <span class='ocrx_word' id='word_1_125' title='bbox 1034 1650 1083 1695; x_wconf 91' lang='lat' dir='ltr'><strong>me</strong></span> <span class='ocrx_word' id='word_1_126' title='bbox 1097 1651 1114 1704; x_wconf 86' lang='lat'>4</span> 
     </span>
     <span class='ocr_line' id='line_1_18' title="bbox 107 1717 1083 1794; baseline -0.002 -14"><span class='ocrx_word' id='word_1_127' title='bbox 107 1735 247 1794; x_wconf 82' lang='lat' dir='ltr'><strong>magnam</strong></span> <span class='ocrx_word' id='word_1_128' title='bbox 270 1733 310 1776; x_wconf 87' lang='lat' dir='ltr'><strong>ex</strong></span> <span class='ocrx_word' id='word_1_129' title='bbox 330 1718 460 1792; x_wconf 88' lang='lat' dir='ltr'><strong>epistula</strong></span> <span class='ocrx_word' id='word_1_130' title='bbox 480 1725 531 1779; x_wconf 88' lang='lat' dir='ltr'><strong>tua</strong></span> <span class='ocrx_word' id='word_1_131' title='bbox 550 1720 751 1793; x_wconf 82' lang='lat' dir='ltr'><strong>voluptatem:</strong></span> <span class='ocrx_word' id='word_1_132' title='bbox 781 1717 920 1793; x_wconf 91' lang='lat' dir='ltr'><strong>quamvis</strong></span> <span class='ocrx_word' id='word_1_133' title='bbox 942 1719 1020 1778; x_wconf 90' lang='lat' dir='ltr'><strong>enim</strong></span> <span class='ocrx_word' id='word_1_134' title='bbox 1043 1733 1083 1778; x_wconf 88' lang='lat' dir='ltr'><strong>ex</strong></span> 
     </span>
     <span class='ocr_line' id='line_1_19' title="bbox 106 1801 1082 1877; baseline -0.002 -14"><span class='ocrx_word' id='word_1_135' title='bbox 106 1804 235 1865; x_wconf 84' lang='lat' dir='ltr'><strong>honesta</strong></span> <span class='ocrx_word' id='word_1_136' title='bbox 256 1817 352 1862; x_wconf 88' lang='lat' dir='ltr'><strong>caasa</strong></span> <span class='ocrx_word' id='word_1_137' title='bbox 365 1802 513 1876; x_wconf 90' lang='lat' dir='ltr'><strong>inperitus</strong></span> <span class='ocrx_word' id='word_1_138' title='bbox 528 1801 620 1863; x_wconf 92' lang='lat' dir='ltr'><strong>homo</strong></span> <span class='ocrx_word' id='word_1_139' title='bbox 639 1804 785 1877; x_wconf 81' lang='lat' dir='ltr'><strong>gaudeat,</strong></span> <span class='ocrx_word' id='word_1_140' title='bbox 809 1808 909 1862; x_wconf 87' lang='lat' dir='ltr'><strong>tamen</strong></span> <span class='ocrx_word' id='word_1_141' title='bbox 930 1803 1082 1862; x_wconf 86' lang='lat' dir='ltr'><strong>adlectum</strong></span> 
     </span>
     <span class='ocr_line' id='line_1_20' title="bbox 107 1884 1082 1961; baseline -0.002 -13"><span class='ocrx_word' id='word_1_142' title='bbox 107 1888 174 1948; x_wconf 91' lang='lat' dir='ltr'><strong>eius</strong></span> <span class='ocrx_word' id='word_1_143' title='bbox 196 1887 381 1961; x_wconf 89' lang='lat' dir='ltr'><strong>inpotentem</strong></span> <span class='ocrx_word' id='word_1_144' title='bbox 401 1886 481 1945; x_wconf 89' lang='lat' dir='ltr'><strong>etin</strong></span> <span class='ocrx_word' id='word_1_145' title='bbox 504 1887 658 1946; x_wconf 90' lang='lat' dir='ltr'><strong>diversum</strong></span> <span class='ocrx_word' id='word_1_146' title='bbox 679 1885 778 1947; x_wconf 75' lang='lat' dir='ltr'><strong>statIm</strong></span> <span class='ocrx_word' id='word_1_147' title='bbox 801 1884 1012 1946; x_wconf 88' lang='lat' dir='ltr'><strong>inclinaturum</strong></span> <span class='ocrx_word' id='word_1_148' title='bbox 1030 1902 1082 1946; x_wconf 94' lang='lat' dir='ltr'><strong>vo-</strong></span> 
     </span>
     <span class='ocr_line' id='line_1_21' title="bbox 107 1969 1083 2052; baseline -0.001 -21"><span class='ocrx_word' id='word_1_149' title='bbox 107 1973 255 2046; x_wconf 90' lang='lat' dir='ltr'><strong>luptatem</strong></span> <span class='ocrx_word' id='word_1_150' title='bbox 269 1984 364 2040; x_wconf 90' lang='lat' dir='ltr'><strong>voco,</strong></span> <span class='ocrx_word' id='word_1_151' title='bbox 387 1969 533 2044; x_wconf 89' lang='lat' dir='ltr'><strong>opinione</strong></span> <span class='ocrx_word' id='word_1_152' title='bbox 548 1971 618 2030; x_wconf 86' lang='lat' dir='ltr'><strong>lalsi</strong></span> <span class='ocrx_word' id='word_1_153' title='bbox 632 1970 705 2030; x_wconf 89' lang='lat' dir='ltr'><strong>boni</strong></span> <span class='ocrx_word' id='word_1_154' title='bbox 719 1976 847 2042; x_wconf 90' lang='lat' dir='ltr'><strong>motam,</strong></span> <span class='ocrx_word' id='word_1_155' title='bbox 863 1971 1083 2052; x_wconf 69' lang='lat' dir='ltr'><strong>inmoderatam</strong></span> 
     </span>
     <span class='ocr_line' id='line_1_22' title="bbox 108 2053 1082 2130; baseline -0.003 -15"><span class='ocrx_word' id='word_1_156' title='bbox 108 2063 138 2115; x_wconf 91' lang='lat' dir='ltr'><strong>et</strong></span> <span class='ocrx_word' id='word_1_157' title='bbox 158 2054 352 2114; x_wconf 88' lang='lat' dir='ltr'><strong>inmodicam.</strong></span> <span class='ocrx_word' id='word_1_158' title='bbox 387 2054 459 2127; x_wconf 89' lang='lat' dir='ltr'><strong>sed,</strong></span> <span class='ocrx_word' id='word_1_159' title='bbox 482 2060 515 2114; x_wconf 93' lang='lat' dir='ltr'><strong>ut</strong></span> <span class='ocrx_word' id='word_1_160' title='bbox 535 2055 574 2113; x_wconf 89' lang='lat' dir='ltr'><strong>ad</strong></span> <span class='ocrx_word' id='word_1_161' title='bbox 596 2055 787 2130; x_wconf 90' lang='lat' dir='ltr'><strong>propositum</strong></span> <span class='ocrx_word' id='word_1_162' title='bbox 808 2062 959 2128; x_wconf 88' lang='lat' dir='ltr'><strong>revertar,</strong></span> <span class='ocrx_word' id='word_1_163' title='bbox 978 2053 1082 2128; x_wconf 90' lang='lat' dir='ltr'><strong>audi,</strong></span> 
     </span>
     <span class='ocr_line' id='line_1_23' title="bbox 108 2136 1083 2214; baseline -0.002 -15"><span class='ocrx_word' id='word_1_164' title='bbox 108 2137 203 2214; x_wconf 89' lang='lat' dir='ltr'><strong>quid</strong></span> <span class='ocrx_word' id='word_1_165' title='bbox 226 2153 281 2196; x_wconf 91' lang='lat' dir='ltr'><strong>me</strong></span> <span class='ocrx_word' id='word_1_166' title='bbox 309 2136 346 2196; x_wconf 91' lang='lat' dir='ltr'><strong>in</strong></span> <span class='ocrx_word' id='word_1_167' title='bbox 373 2137 547 2211; x_wconf 88' lang='lat' dir='ltr'><strong>epistula</strong></span> <span class='ocrx_word' id='word_1_168' title='bbox 574 2145 637 2198; x_wconf 89' lang='lat' dir='ltr'><strong>tua</strong></span> <span class='ocrx_word' id='word_1_169' title='bbox 658 2139 936 2198; x_wconf 76' lang='lat' dir='ltr'><strong>delectaverit:</strong></span> <span class='ocrx_word' id='word_1_170' title='bbox 961 2137 1083 2197; x_wconf 88' lang='lat' dir='ltr'><strong>habes</strong></span> 
     </span>
     <span class='ocr_line' id='line_1_24' title="bbox 107 2220 1083 2297; baseline -0.002 -15"><span class='ocrx_word' id='word_1_171' title='bbox 107 2221 227 2282; x_wconf 91' lang='lat' dir='ltr'><strong>verba</strong></span> <span class='ocrx_word' id='word_1_172' title='bbox 247 2221 283 2279; x_wconf 90' lang='lat' dir='ltr'><strong>in</strong></span> <span class='ocrx_word' id='word_1_173' title='bbox 305 2226 517 2296; x_wconf 88' lang='lat' dir='ltr'><strong>potestate.</strong></span> <span class='ocrx_word' id='word_1_174' title='bbox 552 2239 613 2282; x_wconf 91' lang='lat' dir='ltr'><strong>non</strong></span> <span class='ocrx_word' id='word_1_175' title='bbox 632 2221 719 2281; x_wconf 84' lang='lat' dir='ltr'><strong>effert</strong></span> <span class='ocrx_word' id='word_1_176' title='bbox 734 2230 762 2281; x_wconf 88' lang='lat' dir='ltr'><strong>te</strong></span> <span class='ocrx_word' id='word_1_177' title='bbox 779 2220 874 2280; x_wconf 90' lang='lat' dir='ltr'><strong>oratio</strong></span> <span class='ocrx_word' id='word_1_178' title='bbox 890 2236 947 2280; x_wconf 91' lang='lat' dir='ltr'><strong>nec</strong></span> <span class='ocrx_word' id='word_1_179' title='bbox 961 2221 1083 2297; x_wconf 84' lang='lat' dir='ltr'><strong>longius</strong></span> 
     </span>
     <span class='ocr_line' id='line_1_25' title="bbox 108 2303 1115 2381; baseline -0.004 -15"><span class='ocrx_word' id='word_1_180' title='bbox 108 2322 201 2381; x_wconf 88' lang='lat' dir='ltr'><strong>quam</strong></span> <span class='ocrx_word' id='word_1_181' title='bbox 214 2304 373 2364; x_wconf 88' lang='lat' dir='ltr'><strong>destinasti</strong></span> <span class='ocrx_word' id='word_1_182' title='bbox 387 2305 485 2365; x_wconf 86' lang='lat' dir='ltr'><strong>trahit.</strong></span> <span class='ocrx_word' id='word_1_183' title='bbox 518 2305 603 2365; x_wconf 86' lang='lat' dir='ltr'><strong>Multi</strong></span> <span class='ocrx_word' id='word_1_184' title='bbox 620 2313 704 2377; x_wconf 92' lang='lat' dir='ltr'><strong>sunt,</strong></span> <span class='ocrx_word' id='word_1_185' title='bbox 730 2305 781 2378; x_wconf 87' lang='lat' dir='ltr'><strong>qui</strong></span> <span class='ocrx_word' id='word_1_186' title='bbox 797 2303 897 2376; x_wconf 89' lang='lat' dir='ltr'><strong>adid,</strong></span> <span class='ocrx_word' id='word_1_187' title='bbox 923 2305 1007 2378; x_wconf 92' lang='lat' dir='ltr'><strong>quod</strong></span> <span class='ocrx_word' id='word_1_188' title='bbox 1022 2321 1083 2365; x_wconf 89' lang='lat' dir='ltr'><strong>non</strong></span> <span class='ocrx_word' id='word_1_189' title='bbox 1098 2325 1115 2379; x_wconf 82' lang='lat'>5</span> 
     </span>
     <span class='ocr_line' id='line_1_26' title="bbox 108 2387 1084 2465; baseline -0.002 -17"><span class='ocrx_word' id='word_1_190' title='bbox 108 2394 337 2465; x_wconf 87' lang='lat' dir='ltr'><strong>proposuerant</strong></span> <span class='ocrx_word' id='word_1_191' title='bbox 360 2388 510 2463; x_wconf 90' lang='lat' dir='ltr'><strong>scribere,</strong></span> <span class='ocrx_word' id='word_1_192' title='bbox 535 2389 662 2448; x_wconf 91' lang='lat' dir='ltr'><strong>alicuius</strong></span> <span class='ocrx_word' id='word_1_193' title='bbox 687 2387 774 2447; x_wconf 85' lang='lat' dir='ltr'><strong>verbi</strong></span> <span class='ocrx_word' id='word_1_194' title='bbox 798 2387 945 2461; x_wconf 89' lang='lat' dir='ltr'><strong>placentis</strong></span> <span class='ocrx_word' id='word_1_195' title='bbox 971 2387 1084 2446; x_wconf 93' lang='lat' dir='ltr'><strong>decore</strong></span> 
     </span>
     <span class='ocr_line' id='line_1_27' title="bbox 108 2471 1084 2546; baseline -0.004 -14"><span class='ocrx_word' id='word_1_196' title='bbox 108 2478 272 2545; x_wconf 87' lang='lat' dir='ltr'><strong>vocentur,</strong></span> <span class='ocrx_word' id='word_1_197' title='bbox 296 2473 380 2545; x_wconf 91' lang='lat' dir='ltr'><strong>quod</strong></span> <span class='ocrx_word' id='word_1_198' title='bbox 395 2471 447 2532; x_wconf 89' lang='lat' dir='ltr'><strong>tibi</strong></span> <span class='ocrx_word' id='word_1_199' title='bbox 462 2488 524 2532; x_wconf 89' lang='lat' dir='ltr'><strong>non</strong></span> <span class='ocrx_word' id='word_1_200' title='bbox 540 2473 654 2532; x_wconf 82' lang='lat' dir='ltr'><strong>evenit:</strong></span> <span class='ocrx_word' id='word_1_201' title='bbox 671 2487 781 2546; x_wconf 90' lang='lat' dir='ltr'><strong>pressa</strong></span> <span class='ocrx_word' id='word_1_202' title='bbox 796 2479 868 2531; x_wconf 89' lang='lat' dir='ltr'><strong>sunt</strong></span> <span class='ocrx_word' id='word_1_203' title='bbox 882 2471 983 2529; x_wconf 89' lang='lat' dir='ltr'><strong>omnia</strong></span> <span class='ocrx_word' id='word_1_204' title='bbox 997 2477 1027 2529; x_wconf 96' lang='lat' dir='ltr'><strong>et</strong></span> <span class='ocrx_word' id='word_1_205' title='bbox 1040 2471 1084 2529; x_wconf 90' lang='lat' dir='ltr'><strong>rei</strong></span> 
     </span>
     <span class='ocr_line' id='line_1_28' title="bbox 109 2554 1084 2632; baseline -0.002 -17"><span class='ocrx_word' id='word_1_206' title='bbox 109 2562 222 2632; x_wconf 84' lang='lat' dir='ltr'><strong>aptata.</strong></span> <span class='ocrx_word' id='word_1_207' title='bbox 250 2556 386 2629; x_wconf 87' lang='lat' dir='ltr'><strong>loqueris</strong></span> <span class='ocrx_word' id='word_1_208' title='bbox 407 2563 552 2630; x_wconf 89' lang='lat' dir='ltr'><strong>quantum</strong></span> <span class='ocrx_word' id='word_1_209' title='bbox 568 2556 614 2616; x_wconf 93' lang='lat' dir='ltr'><strong>vis</strong></span> <span class='ocrx_word' id='word_1_210' title='bbox 629 2564 659 2616; x_wconf 92' lang='lat' dir='ltr'><strong>et</strong></span> <span class='ocrx_word' id='word_1_211' title='bbox 674 2557 742 2630; x_wconf 91' lang='lat' dir='ltr'><strong>plus</strong></span> <span class='ocrx_word' id='word_1_212' title='bbox 759 2554 915 2630; x_wconf 79' lang='lat' dir='ltr'><strong>significas</strong></span> <span class='ocrx_word' id='word_1_213' title='bbox 934 2570 1025 2631; x_wconf 86' lang='lat' dir='ltr'><strong>quam</strong></span> <span class='ocrx_word' id='word_1_214' title='bbox 1040 2554 1084 2613; x_wconf 90' lang='lat' dir='ltr'><strong>lo-</strong></span> 
     </span>
     <span class='ocr_line' id='line_1_29' title="bbox 109 2639 1085 2716; baseline -0.005 -15"><span class='ocrx_word' id='word_1_215' title='bbox 109 2640 224 2716; x_wconf 77' lang='lat' dir='ltr'><strong>querIs.</strong></span> <span class='ocrx_word' id='word_1_216' title='bbox 260 2639 326 2699; x_wconf 86' lang='lat' dir='ltr'><strong>Hoc</strong></span> <span class='ocrx_word' id='word_1_217' title='bbox 347 2640 472 2700; x_wconf 88' lang='lat' dir='ltr'><strong>maioris</strong></span> <span class='ocrx_word' id='word_1_218' title='bbox 492 2641 536 2700; x_wconf 93' lang='lat' dir='ltr'><strong>rei</strong></span> <span class='ocrx_word' id='word_1_219' title='bbox 557 2639 700 2700; x_wconf 90' lang='lat' dir='ltr'><strong>indicium</strong></span> <span class='ocrx_word' id='word_1_220' title='bbox 723 2647 784 2699; x_wconf 81' lang='lat' dir='ltr'><strong>est:</strong></span> <span class='ocrx_word' id='word_1_221' title='bbox 807 2639 937 2713; x_wconf 90' lang='lat' dir='ltr'><strong>adparet</strong></span> <span class='ocrx_word' id='word_1_222' title='bbox 953 2639 1085 2698; x_wconf 88' lang='lat' dir='ltr'><strong>animum</strong></span> 
     </span>
     <span class='ocr_line' id='line_1_30' title="bbox 110 2721 1117 2799; baseline -0.003 -14"><span class='ocrx_word' id='word_1_223' title='bbox 110 2738 236 2799; x_wconf 90' lang='lat' dir='ltr'><strong>quoque</strong></span> <span class='ocrx_word' id='word_1_224' title='bbox 255 2722 328 2781; x_wconf 90' lang='lat' dir='ltr'><strong>nihil</strong></span> <span class='ocrx_word' id='word_1_225' title='bbox 345 2723 459 2783; x_wconf 87' lang='lat' dir='ltr'><strong>habere</strong></span> <span class='ocrx_word' id='word_1_226' title='bbox 481 2725 680 2799; x_wconf 89' lang='lat' dir='ltr'><strong>supervacui,</strong></span> <span class='ocrx_word' id='word_1_227' title='bbox 702 2723 775 2782; x_wconf 91' lang='lat' dir='ltr'><strong>nihil</strong></span> <span class='ocrx_word' id='word_1_228' title='bbox 803 2721 917 2784; x_wconf 88' lang='lat' dir='ltr'><strong>tumidi.</strong></span> <span class='ocrx_word' id='word_1_229' title='bbox 959 2723 1117 2792; x_wconf 73' lang='lat' dir='ltr'><strong>Invenioa</strong></span> 
     </span>
     <span class='ocr_line' id='line_1_31' title="bbox 109 2806 1085 2880; baseline -0.002 -11"><span class='ocrx_word' id='word_1_230' title='bbox 109 2815 209 2869; x_wconf 91' lang='lat' dir='ltr'><strong>tamen</strong></span> <span class='ocrx_word' id='word_1_231' title='bbox 232 2806 517 2868; x_wconf 86' lang='lat' dir='ltr'><strong>translationes</strong></span> <span class='ocrx_word' id='word_1_232' title='bbox 540 2808 742 2869; x_wconf 90' lang='lat' dir='ltr'><strong>verborum</strong></span> <span class='ocrx_word' id='word_1_233' title='bbox 762 2813 795 2868; x_wconf 90' lang='lat' dir='ltr'><strong>ut</strong></span> <span class='ocrx_word' id='word_1_234' title='bbox 817 2824 879 2868; x_wconf 90' lang='lat' dir='ltr'><strong>non</strong></span> <span class='ocrx_word' id='word_1_235' title='bbox 899 2808 1085 2880; x_wconf 90' lang='lat' dir='ltr'><strong>temerarias,</strong></span> 
     </span>
     <span class='ocr_line' id='line_1_32' title="bbox 109 2890 1085 2966; baseline 0 -15"><span class='ocrx_word' id='word_1_236' title='bbox 109 2891 152 2951; x_wconf 90' lang='lat' dir='ltr'><strong>ita</strong></span> <span class='ocrx_word' id='word_1_237' title='bbox 178 2905 257 2966; x_wconf 88' lang='lat' dir='ltr'><strong>qaae</strong></span> <span class='ocrx_word' id='word_1_238' title='bbox 282 2891 448 2965; x_wconf 87' lang='lat' dir='ltr'><strong>periculum</strong></span> <span class='ocrx_word' id='word_1_239' title='bbox 473 2893 522 2952; x_wconf 91' lang='lat' dir='ltr'><strong>sui</strong></span> <span class='ocrx_word' id='word_1_240' title='bbox 546 2891 682 2953; x_wconf 85' lang='lat' dir='ltr'><strong>iecerint.</strong></span> <span class='ocrx_word' id='word_1_241' title='bbox 724 2893 847 2952; x_wconf 88' lang='lat' dir='ltr'><strong>invenio</strong></span> <span class='ocrx_word' id='word_1_242' title='bbox 879 2890 1085 2965; x_wconf 81' lang='lat' dir='ltr'><strong>imagines,</strong></span> 
     </span>
     <span class='ocr_line' id='line_1_33' title="bbox 111 2973 1087 3051; baseline -0.002 -16"><span class='ocrx_word' id='word_1_243' title='bbox 111 2973 225 3050; x_wconf 90' lang='lat' dir='ltr'><strong>quibus</strong></span> <span class='ocrx_word' id='word_1_244' title='bbox 247 2974 274 3035; x_wconf 90' lang='lat' dir='ltr'><strong>si</strong></span> <span class='ocrx_word' id='word_1_245' title='bbox 297 2975 366 3050; x_wconf 91' lang='lat' dir='ltr'><strong>quis</strong></span> <span class='ocrx_word' id='word_1_246' title='bbox 388 2990 446 3035; x_wconf 89' lang='lat' dir='ltr'><strong>nos</strong></span> <span class='ocrx_word' id='word_1_247' title='bbox 467 2975 509 3036; x_wconf 92' lang='lat' dir='ltr'><strong>uti</strong></span> <span class='ocrx_word' id='word_1_248' title='bbox 529 2981 612 3036; x_wconf 91' lang='lat' dir='ltr'><strong>vetat</strong></span> <span class='ocrx_word' id='word_1_249' title='bbox 626 2983 656 3036; x_wconf 90' lang='lat' dir='ltr'><strong>et</strong></span> <span class='ocrx_word' id='word_1_250' title='bbox 675 2975 776 3051; x_wconf 90' lang='lat' dir='ltr'><strong>poetis</strong></span> <span class='ocrx_word' id='word_1_251' title='bbox 796 2975 864 3034; x_wconf 89' lang='lat' dir='ltr'><strong>illas</strong></span> <span class='ocrx_word' id='word_1_252' title='bbox 882 2975 958 3036; x_wconf 92' lang='lat' dir='ltr'><strong>solis</strong></span> <span class='ocrx_word' id='word_1_253' title='bbox 973 2975 1087 3034; x_wconf 89' lang='lat' dir='ltr'><strong>iudicat</strong></span> 
     </span>
     <span class='ocr_line' id='line_1_34' title="bbox 111 3057 1086 3133; baseline -0.004 -15"><span class='ocrx_word' id='word_1_254' title='bbox 111 3073 184 3119; x_wconf 87' lang='lat' dir='ltr'><strong>esse</strong></span> <span class='ocrx_word' id='word_1_255' title='bbox 205 3071 394 3131; x_wconf 87' lang='lat' dir='ltr'><strong>concessas,</strong></span> <span class='ocrx_word' id='word_1_256' title='bbox 416 3059 567 3119; x_wconf 91' lang='lat' dir='ltr'><strong>neminem</strong></span> <span class='ocrx_word' id='word_1_257' title='bbox 589 3058 660 3118; x_wconf 87' lang='lat' dir='ltr'><strong>milri</strong></span> <span class='ocrx_word' id='word_1_258' title='bbox 682 3060 802 3119; x_wconf 91' lang='lat' dir='ltr'><strong>videtur</strong></span> <span class='ocrx_word' id='word_1_259' title='bbox 821 3073 861 3116; x_wconf 87' lang='lat' dir='ltr'><strong>ex</strong></span> <span class='ocrx_word' id='word_1_260' title='bbox 886 3058 1018 3133; x_wconf 88' lang='lat' dir='ltr'><strong>antiquis</strong></span> <span class='ocrx_word' id='word_1_261' title='bbox 1043 3057 1086 3114; x_wconf 92' lang='lat' dir='ltr'><strong>lc-</strong></span> 
     </span>
     <span class='ocr_line' id='line_1_35' title="bbox 109 3137 1085 3217; baseline -0.009 -15"><span class='ocrx_word' id='word_1_262' title='bbox 109 3143 208 3217; x_wconf 85' lang='lat' dir='ltr'><strong>gisse,</strong></span> <span class='ocrx_word' id='word_1_263' title='bbox 232 3142 316 3217; x_wconf 91' lang='lat' dir='ltr'><strong>apud</strong></span> <span class='ocrx_word' id='word_1_264' title='bbox 332 3158 411 3217; x_wconf 90' lang='lat' dir='ltr'><strong>quos</strong></span> <span class='ocrx_word' id='word_1_265' title='bbox 433 3143 568 3203; x_wconf 89' lang='lat' dir='ltr'><strong>nondum</strong></span> <span class='ocrx_word' id='word_1_266' title='bbox 583 3143 761 3217; x_wconf 88' lang='lat' dir='ltr'><strong>captabatur</strong></span> <span class='ocrx_word' id='word_1_267' title='bbox 781 3140 952 3217; x_wconf 90' lang='lat' dir='ltr'><strong>plausibilis</strong></span> <span class='ocrx_word' id='word_1_268' title='bbox 973 3137 1085 3200; x_wconf 76' lang='lat' dir='ltr'><strong>oratio:</strong></span> 
     </span>
     <span class='ocr_line' id='line_1_36' title="bbox 109 3223 1086 3302; baseline -0.006 -16"><span class='ocrx_word' id='word_1_269' title='bbox 109 3226 166 3301; x_wconf 93' lang='lat' dir='ltr'><strong>illi,</strong></span> <span class='ocrx_word' id='word_1_270' title='bbox 191 3225 244 3302; x_wconf 89' lang='lat' dir='ltr'><strong>qui</strong></span> <span class='ocrx_word' id='word_1_271' title='bbox 269 3226 446 3302; x_wconf 90' lang='lat' dir='ltr'><strong>simpliciter</strong></span> <span class='ocrx_word' id='word_1_272' title='bbox 467 3233 498 3286; x_wconf 91' lang='lat' dir='ltr'><strong>et</strong></span> <span class='ocrx_word' id='word_1_273' title='bbox 516 3227 772 3287; x_wconf 89' lang='lat' dir='ltr'><strong>demonstrandae</strong></span> <span class='ocrx_word' id='word_1_274' title='bbox 792 3223 838 3283; x_wconf 90' lang='lat' dir='ltr'><strong>rei</strong></span> <span class='ocrx_word' id='word_1_275' title='bbox 852 3239 947 3284; x_wconf 90' lang='lat' dir='ltr'><strong>causa</strong></span> <span class='ocrx_word' id='word_1_276' title='bbox 961 3224 1086 3296; x_wconf 86' lang='lat' dir='ltr'><strong>eloque-</strong></span> 
     </span>
     <span class='ocr_line' id='line_1_37' title="bbox 109 3306 1086 3385; baseline -0.006 -16"><span class='ocrx_word' id='word_1_277' title='bbox 109 3308 235 3385; x_wconf 89' lang='lat' dir='ltr'><strong>bantur,</strong></span> <span class='ocrx_word' id='word_1_278' title='bbox 259 3310 414 3385; x_wconf 91' lang='lat' dir='ltr'><strong>parabolis</strong></span> <span class='ocrx_word' id='word_1_279' title='bbox 430 3310 533 3370; x_wconf 85' lang='lat' dir='ltr'><strong>referti</strong></span> <span class='ocrx_word' id='word_1_280' title='bbox 552 3316 636 3383; x_wconf 90' lang='lat' dir='ltr'><strong>sunt,</strong></span> <span class='ocrx_word' id='word_1_281' title='bbox 660 3325 737 3383; x_wconf 90' lang='lat' dir='ltr'><strong>quas</strong></span> <span class='ocrx_word' id='word_1_282' title='bbox 752 3306 934 3368; x_wconf 89' lang='lat' dir='ltr'><strong>existimo</strong></span> <span class='ocrx_word' id='word_1_283' title='bbox 949 3320 1086 3365; x_wconf 90' lang='lat' dir='ltr'><strong>neccs-</strong></span> 
     </span>
     <span class='ocr_line' id='line_1_38' title="bbox 110 3387 1088 3468; baseline -0.006 -15"><span class='ocrx_word' id='word_1_284' title='bbox 110 3393 255 3468; x_wconf 89' lang='lat' dir='ltr'><strong>sarias,</strong></span> <span class='ocrx_word' id='word_1_285' title='bbox 277 3410 338 3455; x_wconf 91' lang='lat' dir='ltr'><strong>non</strong></span> <span class='ocrx_word' id='word_1_286' title='bbox 361 3410 400 3455; x_wconf 89' lang='lat' dir='ltr'><strong>ex</strong></span> <span class='ocrx_word' id='word_1_287' title='bbox 420 3394 528 3455; x_wconf 87' lang='lat' dir='ltr'><strong>eadem</strong></span> <span class='ocrx_word' id='word_1_288' title='bbox 550 3410 645 3455; x_wconf 88' lang='lat' dir='ltr'><strong>causa</strong></span> <span class='ocrx_word' id='word_1_289' title='bbox 666 3409 727 3468; x_wconf 90' lang='lat' dir='ltr'><strong>qua</strong></span> <span class='ocrx_word' id='word_1_290' title='bbox 748 3389 862 3467; x_wconf 91' lang='lat' dir='ltr'><strong>poetis,</strong></span> <span class='ocrx_word' id='word_1_291' title='bbox 880 3391 935 3449; x_wconf 91' lang='lat' dir='ltr'><strong>sed</strong></span> <span class='ocrx_word' id='word_1_292' title='bbox 950 3395 984 3451; x_wconf 89' lang='lat' dir='ltr'><strong>ut</strong></span> <span class='ocrx_word' id='word_1_293' title='bbox 1003 3387 1088 3448; x_wconf 91' lang='lat' dir='ltr'><strong>inbe-</strong></span> 
     </span>
    </p>
   </div>
   <div class='ocr_carea' id='block_1_3' title="bbox 111 3475 1087 3566">
    <p class='ocr_par' dir='ltr' id='par_1_4' title="bbox 111 3475 1087 3566">
     <span class='ocr_line' id='line_1_39' title="bbox 111 3475 1087 3566; baseline -0.004 -29"><span class='ocrx_word' id='word_1_294' title='bbox 111 3477 243 3538; x_wconf 87' lang='lat' dir='ltr'><strong>cillitalis</strong></span> <span class='ocrx_word' id='word_1_295' title='bbox 263 3484 387 3539; x_wconf 82' lang='lat' dir='ltr'><strong>nostme</strong></span> <span class='ocrx_word' id='word_1_296' title='bbox 404 3478 588 3539; x_wconf 87' lang='lat' dir='ltr'><strong>adminicula</strong></span> <span class='ocrx_word' id='word_1_297' title='bbox 608 3477 669 3566; x_wconf 89' lang='lat' dir='ltr'><strong>sint</strong></span> <span class='ocrx_word' id='word_1_298' title='bbox 690 3483 720 3537; x_wconf 87' lang='lat' dir='ltr'><strong>et</strong></span> <span class='ocrx_word' id='word_1_299' title='bbox 739 3482 773 3537; x_wconf 88' lang='lat' dir='ltr'><strong>ut</strong></span> <span class='ocrx_word' id='word_1_300' title='bbox 794 3475 962 3536; x_wconf 88' lang='lat' dir='ltr'><strong>discentem</strong></span> <span class='ocrx_word' id='word_1_301' title='bbox 982 3481 1014 3534; x_wconf 89' lang='lat' dir='ltr'><strong>et</strong></span> <span class='ocrx_word' id='word_1_302' title='bbox 1033 3488 1087 3534; x_wconf 88' lang='lat' dir='ltr'><strong>au-</strong></span> 
     </span>
    </p>
   </div>
   <div class='ocr_carea' id='block_1_4' title="bbox 0 0 1248 3930">
    <p class='ocr_par' dir='ltr' id='par_1_5' title="bbox 0 0 1248 3930">
     <span class='ocr_line' id='line_1_40' title="bbox 0 0 1248 3930; baseline 0 0"><span class='ocrx_word' id='word_1_303' title='bbox 0 0 1248 3930; x_wconf 95' lang='lat' dir='ltr'><strong> </strong></span> 
     </span>
    </p>
   </div>
  </div>
 </body>
</html>
