2468 3930
180 233 246 270 xrru
570 213 796 266 PRAEFATIO

179 372 253 408 nemo
270 355 352 404 adhuc
367 353 400 403 ad
413 352 598 402 emendandum
615 353 706 402 librum
725 358 895 416 contemptum
915 359 939 400 et
956 365 1003 415 pro
1021 354 1108 418 spurio
1124 354 1198 409 habi.

177 435 230 476 turn
251 424 348 474 auxilia
367 422 513 486 diligentius
530 422 691 484 conquisivit.
708 420 854 483 quidquod
871 420 950 470 fertur
963 420 1198 477 inUffenbachiano

179 494 288 558 quodam
308 493 395 543 codice
412 491 545 540 distinctus
563 491 642 541 fuisse
661 492 687 539 in
707 489 784 538 libros
806 489 889 538 duos?
915 490 984 552 quod
1001 492 1025 539 ai
1042 507 1131 543 rerum
1150 509 1198 556 ast,

179 563 329 613 crediderim
347 561 461 610 codicem
477 558 548 608 illurn
567 560 598 609 ab
614 561 660 620 iis,
680 573 743 621 quoa
759 573 826 608 nunc
843 558 1198 623 cognitoshabemue‚va1de

180 633 308 682 diversum
331 629 420 679 inisse.
462 626 513 678 Sed
539 629 614 679 video
634 630 686 678 iam
706 627 770 676 mihi
792 628 818 676 in
844 635 971 676 certamen
994 628 1198 684 descendendum

179 715 236 750 ease
254 714 311 750 cum
330 697 431 748 Osanna
450 697 504 747 viro
523 698 686 758 doctissimo,
705 698 748 759 qui
766 697 863 761 primus
883 710 963 761 nuper
980 695 1195 757 (iiasaea.184l.

179 769 266 819 dedita
281 781 359 832 opera
375 766 465 817 collato
485 767 571 816 codice
592 766 743 828 Drasdeuai,
766 767 810 827 qui
832 772 871 814 est
894 781 925 814 ex
946 768 1143 831 recentioribus,
1165 773 1198 822 ad

179 840 234 888 eius
252 837 328 888 fldem
348 842 428 885 totum
450 834 562 884 libellum
587 836 666 886 edidit
688 841 712 883 ct
737 835 768 884 de
789 842 893 885 anctore
912 836 1053 897 quaesivit3
1076 838 1199 905 inigitur

179 907 304 957 contraria
329 905 380 955 duo
400 905 471 970 ponit
493 904 525 953 de
549 905 598 954 hoc
620 918 697 968 opere
720 904 827 966 iudicia;
856 905 892 953 ait
915 905 982 953 eninr
1000 919 1062 971 pag.
1084 907 1125 960 16.
1144 911 1197 958 aie:

178 990 247 1042 „non
271 976 348 1025 colum
368 973 397 1023 id
418 973 520 1024 laborat
543 973 583 1024 lu'c
596 975 647 1024 illic
661 973 790 1023 barbarae
805 974 937 1024 latinitatir
952 989 1012 1034 nau,
1033 976 1081 1025 ced
1095 983 1145 1026 tam
1161 980 1198 1027 in·

178 1047 314 1107 composita
338 1051 363 1093 et
386 1042 487 1092 elumbio
508 1049 546 1092 eat
567 1044 710 1094 elocutionis
730 1043 811 1105 ratio,
839 1049 867 1092 ut
890 1058 906 1090 a
924 1041 1022 1093 Seneca
1044 1047 1084 1094 nel
1100 1046 1132 1095 ab
1148 1050 1199 1098 alic·

178 1116 293 1179 quopiam
309 1120 393 1163 cetere
414 1113 539 1174 scriptore
559 1127 667 1174 prorata
687 1110 838 1161 abhorreat:
861 1111 967 1176 denique
986 1119 1039 1162 tota
1056 1118 1197 1177 conepaaitu

179 1183 326 1247 arpunrenti,
342 1181 409 1246 quod
422 1195 472 1243 per
488 1183 631 1246 colloquium
645 1179 741 1231 Scaeuo
760 1195 812 1230 cum
828 1179 936 1230 Ratione
948 1190 1133 1247 pertractatur,
1149 1192 1193 1234 tun

177 1255 235 1314 ipsc
251 1252 324 1302 luico
337 1251 431 1314 dialoqi
446 1251 513 1300 ratio
530 1258 580 1300 tam
595 1253 680 1301 ieiuna
697 1257 722 1299 et
736 1264 815 1312 caepe
828 1263 911 1311 paene
923 1250 1037 1300 abaurda
1055 1259 1100 1311 cet,
1119 1261 1146 1303 nt
1159 1257 1198 1303 ni·

177 1322 212 1371 iil
228 1336 263 1381 ea
280 1321 371 1371 litteris
387 1320 551 1370 Romanorum
568 1322 677 1385 antiquio
688 1320 801 1368 relictum
817 1319 939 1383 mammae,
967 1320 1035 1384 quod
1053 1323 1093 1371 cel
1115 1325 1188 1372 tantil

178 1395 227 1440 lum
250 1390 286 1440 ad
305 1403 385 1452 penae
406 1389 541 1453 inficetum,
558 1403 606 1452 qua
626 1387 723 1437 libellas
742 1388 789 1436 iate
812 1389 967 1449 canecrr'ptua
988 1396 1039 1450 eet,
1062 1392 1198 1442 accedat‘·

178 1458 276 1508 Deinde
294 1472 355 1507 vero
378 1471 438 1521 pag.
461 1457 504 1506 ll.
530 1457 602 1506 dicit:
629 1457 796 1518 ,‚accurutiua
819 1457 981 1520 inquirentem
998 1484 1032 1494 -
1049 1474 1098 1509 non
1112 1468 1198 1522 potem

178 1530 269 1591 latere,
291 1527 317 1575 ia
338 1540 367 1575 eo
389 1526 444 1588 ipso
460 1525 581 1590 quaedam
597 1527 695 1589 inesse,
717 1540 781 1589 qrcae
798 1540 851 1574 cum
864 1523 977 1575 Senecae
995 1528 1093 1592 inqenio
1111 1543 1197 1580 conce·

177 1599 256 1647 aiant.
277 1622 313 1633 -
329 1596 467 1645 tententiae
481 1596 589 1644 marcier
605 1621 638 1632 -
655 1608 764 1656 proram
779 1608 814 1644 etc
830 1601 909 1644 mente
924 1593 1037 1646 Senecae
1054 1597 1137 1648 dictae
1153 1624 1196 1648 —.

178 1666 266 1730 Neque
281 1678 389 1726 proraua
408 1664 498 1714 abeunt
513 1663 544 1713 ab
562 1663 600 1714 lia
618 1665 747 1713 cententiir
765 1679 797 1712 ea
813 1664 906 1728 inqenii
922 1666 1013 1715 lumina
1031 1670 1196 1732 eromuino,

177 1736 205 1785 ni
221 1735 293 1783 malie
309 1734 398 1792 aculei,
415 1733 502 1797 quibua
519 1731 617 1782 Seneca
634 1734 771 1782 orationem
788 1748 858 1782 auam
876 1733 1042 1798 distinquere,
1059 1749 1198 1796 rummare,

178 1806 246 1855 etin
267 1804 373 1865 proliaca
391 1803 498 1852 eiusdem
517 1805 655 1867 arqumeuli
672 1802 822 1851 tractatione
838 1804 943 1852 uariare
955 1805 1026 1854 colet.
1056 1803 1112 1853 Iam
1127 1820 1199 1871 quum

179 1881 203 1923 et
220 1887 311 1922 rumara
329 1873 480 1933 placitorum
496 1886 548 1920 cum
559 1870 671 1921 Senecae
685 1870 844 1934 philosophia
858 1871 987 1921 admodrrm
1002 1876 1137 1936 conspiret,
1155 1889 1199 1924 ne·

178 1957 225 2006 que
241 1943 300 1991 otilo
318 1939 493 2004 cincinnatum
507 1940 571 1991 illud
584 1942 713 1991 cententiir
727 1940 825 1989 minutio
838 1955 918 2005 qenur
935 1941 1036 1992 dicendi
1053 1939 1144 2008 [laad]
1161 1945 1199 1992 in·

178 2011 276 2075 dipnum
291 2009 421 2072 uideatur,
449 2011 495 2068 iic,
524 2009 637 2073 quaeda
655 2016 759 2060 auctore
775 2009 852 2060 libelli
872 2010 1018 2069 mudantur,
1042 2026 1091 2061 non
1108 2026 1199 2062 omnem

175 2080 251 2143 fidem
266 2078 469 2142 deroqalrinnre,‘⁴
502 2078 617 2141 Denique
633 2077 696 2128 ilaec
713 2093 762 2141 qno
775 2078 802 2128 id
818 2093 868 2127 uno
886 2079 961 2128 rnodo
976 2080 1031 2129 fleri
1048 2088 1140 2145 potest,
1159 2082 1200 2129 in-

178 2159 217 2198 ter
231 2164 258 2197 ae
276 2146 392 2197 conciliat
409 2148 460 2196 sic:
481 2147 622 2210 „Novitiae
639 2148 735 2212 quidem
750 2146 870 2210 fabricae
881 2147 978 2198 libellue
995 2151 1050 2200 eine
1063 2149 1137 2199 dubio
1150 2158 1198 2213 eet,

178 2217 225 2268 ced
241 2217 311 2266 malua
326 2216 423 2279 fundae
438 2218 472 2267 eit
489 2219 622 2282 antiquae,
640 2217 777 2281 etquidem
795 2231 830 2266 ea
848 2215 960 2267 Senecae
971 2219 1014 2268 illo
1032 2218 1064 2268 de
1081 2219 1200 2268 remediis

177 2286 338 2351 fortuitorum
354 2301 431 2348 opere
448 2293 574 2348 cumpace:
592 2300 639 2351 quc
657 2287 799 2350 quicumque
812 2284 889 2337 libelli
905 2293 994 2336 auctor
1010 2287 1069 2350 fuit,
1086 2288 1124 2336 ita
1139 2301 1200 2336 uano

179 2363 233 2417 est,
258 2361 286 2404 ut
308 2358 444 2406 sententiar
468 2359 598 2405 maalmam
618 2362 719 2419 partem
734 2361 917 2417 trmraaumptae
930 2357 955 2405 in
976 2357 1065 2406 inctrtm
1087 2356 1200 2406 ordinem

179 2431 336 2487 componeret
354 2432 379 2475 ει
390 2427 415 2474 in
430 2425 538 2488 somnam
556 2425 652 2488 dialopi
668 2425 699 2473 de
717 2438 784 2474 more
795 2425 897 2481 saeculi,
914 2438 962 2488 quo
975 2426 998 2475 ie
1014 2427 1125 2487 scriptur
1139 2425 1198 2488 fuit,

179 2493 311 2558 caperet.“
342 2493 408 2553 Quid
425 2502 523 2553 eutem,
542 2495 563 2543 si
579 2495 629 2543 iam
646 2494 702 2557 ipse
721 2490 816 2542 Seneca
830 2493 924 2542 iustum
943 2494 1056 2543 ordinem
1070 2494 1199 2543 institnit?

179 2563 247 2613 unde
266 2563 333 2612 enirn
349 2569 461 2620 constat,
477 2563 505 2611 id
523 2578 580 2611 curn
598 2576 649 2610 non
668 2561 778 2611 iecisse?
793 2562 855 2611 item
873 2561 980 2611 formam
996 2563 1090 2628 dialogi
1106 2563 1130 2613 ai
1145 2577 1200 2612 crc-

180 2632 240 2681 dere
259 2645 310 2680 non
333 2631 392 2680 licet
417 2631 448 2678 ab
464 2633 521 2694 ipso
541 2628 637 2680 Seneca
654 2631 776 2695 originem
795 2629 901 2690 habere,
917 2631 980 2693 quid
994 2630 1117 2681 iaciemus
1134 2631 1200 2680 locis

180 2698 332 2760 simillimis,
352 2698 438 2761 quales
454 2706 513 2749 sunt
531 2714 572 2764 ep.
592 2700 639 2759 24,
660 2701 699 2749 17.
720 2701 768 2760 42,
787 2699 814 2754 9.
832 2701 875 2762 47,
895 2698 919 2753 1.
941 2701 973 2750 dc
990 2700 1083 2760 beneff.
1102 2701 1134 2761 11,
1155 2699 1198 2763 10,

180 2772 207 2820 2.
228 2767 252 2820 3.
272 2768 357 2818 etalii
378 2767 469 2818 multil
488 2783 546 2818 narn
568 2769 639 2834 ipsos
655 2769 758 2831 quidem
776 2769 967 2819 interlocutorea
986 2768 1095 2818 Sensum
1109 2776 1133 2818 et
1147 2768 1200 2818 Ra-

179 2839 276 2889 tionem
297 2836 394 2887 aliosve
415 2852 479 2902 qnos
502 2853 580 2903 supra
603 2837 671 2898 dixi,
697 2852 747 2888 non
768 2845 830 2903 puto
848 2844 919 2886 tanta
939 2839 1120 2903 superstitione
1143 2851 1200 2886 ease

181 2907 311 2958 Osannum
330 2914 358 2956 ut
375 2921 426 2957 non
443 2908 527 2957 credat
543 2908 648 2973 adiungi
671 2908 786 2972 potuiaae
801 2906 865 2957 libro
881 2904 922 2956 vel
939 2907 1116 2973 integerrimot
1137 2921 1201 2968 quo·

180 2977 257 3026 modo
276 2984 360 3026 autem
378 2978 492 3028 eiusdem
508 2978 582 3037 libri,
604 2977 648 3039 qui
670 2979 701 3026 ab
726 2976 798 3024 initio
814 2975 847 3023 ad
863 2974 938 3023 finem
954 2977 1080 3039 aequabili
1098 2976 1200 3025 dicendi

181 3060 274 3111 genere
291 3046 447 3111 conscriptus
466 3056 520 3105 eat,
539 3047 615 3096 modo
630 3044 812 3106 incompositam
823 3051 850 3094 et
866 3044 979 3094 elmnbem
994 3047 1137 3096 elocutionis
1154 3059 1200 3094 ra·

181 3117 270 3165 donem
288 3115 487 3181 reprehendere,
509 3117 585 3166 modo
606 3116 699 3179 inperii
716 3113 808 3162 lumina
826 3119 851 3163 et
872 3110 972 3165 aculeos
991 3114 1096 3165 laudare
1114 3120 1138 3162 et
1153 3128 1200 3178 qe·

180 3199 227 3234 nuo
244 3185 343 3234 dicencd
357 3184 469 3236 Senecae
486 3186 544 3235 otilo
560 3184 629 3233 laud
644 3182 769 3246 indipnum
787 3183 933 3246 praedicare
949 3184 1074 3248 potuerit,
1093 3197 1140 3248 ego
1159 3197 1200 3231 me

180 3252 322 3318 intelligere
338 3268 389 3304 non
406 3269 483 3319 posse
507 3253 594 3303 fateor.
632 3252 768 3301 Barbarum
792 3252 900 3314 denique
917 3251 1067 3303 latinitatem
1085 3266 1142 3302 ease
1160 3252 1200 3301 in-

180 3323 299 3374 credibile
317 3324 386 3372 dictu
402 3329 453 3383 est,
471 3322 597 3385 quomodo
616 3319 732 3370 Osannus
750 3320 967 3386 comprobaverit;
985 3322 1082 3387 profert
1099 3336 1160 3386 pag.
1172 3320 1198 3372 (i.

179 3407 256 3442 voces
274 3392 394 3443 barbaras
414 3392 492 3457 duaa,
507 3390 692 3441 inhumationem
711 3398 735 3440 et
749 3391 899 3440 incaeuram.
918 3406 983 3454 quae
996 3405 1072 3441 voces
1091 3392 1114 3441 ai
1133 3395 1199 3440 certa

180 3459 230 3509 tide
246 3461 272 3510 in
294 3462 351 3524 ipso
369 3460 434 3510 libro
456 3459 565 3526 scriptae
589 3467 686 3521 essent,
713 3460 793 3510 victas
809 3473 899 3509 manus
918 3461 1019 3510 darem:
1041 3460 1098 3523 quie
1115 3465 1199 3509 autern
