2468 3930
133 218 196 284 338
430 221 464 280 L.
487 220 633 280 ANNAEI
655 218 830 279 SENECAE

134 370 215 432 enim
232 369 299 429 illas
314 366 354 426 ad
364 366 540 426 nocendum
552 363 610 425 nisi
626 365 798 426 necessitas
815 365 931 427 incitat.
954 366 1037 440 [hae]
1065 380 1115 432 aut

135 457 215 516 lame
235 463 286 516 aut
304 453 413 515 timore
439 458 589 526 coguntur
614 451 653 512 ad
674 468 822 527 pugnama
847 452 962 514 homini
983 454 1114 529 perdere

104 538 285 602 thominem
300 537 381 598 libet.
413 536 458 595 Tu
473 543 572 595 tamen
587 535 629 596 ita
644 536 753 611 cogita,
770 536 854 610 quod
869 553 909 597 ex
922 535 1048 597 homine
1062 553 1112 613 pe·

135 621 262 682 riculum
276 621 324 696 sit,
338 628 373 682 ut
387 619 513 694 cogites
530 619 614 695 quod
625 618 665 681 sit
676 619 808 680 hominis
820 620 965 681 officium.
988 623 1114 682 alterum

133 705 260 781 intuere,
272 721 311 765 ne
321 703 463 777 laedaris,
479 704 605 763 alterum
618 717 657 762 nc
667 703 783 763 laedas.
800 702 969 765 commodis
983 705 1114 765 omnium

134 788 271 864 laeteris,
293 789 445 849 movearis
462 785 666 849 incommodis
681 795 710 847 et
724 788 914 861 memineris,
932 803 1013 862 quac
1027 803 1114 864 prae·

105 878 215 936 lslare
227 873 351 945 debeas,
366 884 445 947 quae
457 885 576 954 cavera.
598 869 650 929 Sic
662 870 794 931 vivendo
807 870 880 946 quid
892 872 1115 947 consequerist

133 971 195 1016 non
211 961 264 1031 [te]
279 972 318 1016 ne
333 963 471 1030 noceant,
487 955 543 1016 sed
554 969 594 1014 ne
608 953 722 1013 lallant.
744 963 891 1028 quantum
902 961 993 1030 potes
1006 963 1113 1030 autem,

134 1041 169 1100 in
192 1039 480 1116 philosophiam
502 1038 658 1099 secede:
681 1038 733 1098 illa
749 1045 779 1099 te
798 1042 865 1100 stou
886 1054 944 1100 suo
966 1047 1113 1115 proteget

133 1124 163 1183 in
177 1124 268 1186 huius
285 1123 422 1184 sacrario
444 1122 504 1182 eris
526 1128 578 1181 aut
597 1128 680 1182 tutus
700 1130 751 1183 aut
773 1123 874 1182 tutior.
904 1138 965 1181 non
987 1123 1114 1183 arietant

105 1209 211 1272 tinter
225 1223 261 1268 se
275 1208 334 1268 nisi
349 1209 379 1270 in
394 1208 503 1267 eodem
518 1205 718 1265 ambulantes.
742 1207 813 1281 qula
830 1212 930 1267 autem
943 1205 987 1265 **.
1012 1207 1112 1282 Ipsam

134 1289 359 1367 philosophiam
384 1307 445 1350 non
471 1289 598 1350 debebis
620 1289 748 1349 iactare:
780 1290 881 1351 multis
907 1287 964 1350 luit
988 1290 1112 1366 periculi

134 1391 228 1437 causa
248 1376 415 1435 insolenter
434 1380 560 1434 tractata
583 1380 613 1434 et
634 1374 866 1435 contumacitem
893 1372 947 1434 tibi
969 1372 1043 1434 vitia
1062 1374 1111 1435 de·

133 1459 245 1533 trahat,
262 1475 324 1518 non
340 1458 407 1518 aliis
423 1457 598 1534 exprobret.
619 1473 679 1518 non
694 1457 889 1519 abhorrente
905 1456 1035 1533 publicis
1050 1474 1112 1519 mo-

133 1543 218 1603 ribus
234 1557 291 1602 nec
306 1542 365 1603 hoc
379 1548 457 1617 agat,
474 1548 507 1602 ut
523 1540 669 1617 quicquid
684 1557 744 1602 non
762 1543 833 1603 lacit
847 1542 994 1602 damnare
1011 1542 1111 1603 videa-

134 1633 191 1687 tur.
234 1626 317 1685 Licet
332 1641 442 1701 sapere
457 1626 523 1686 sine
537 1641 660 1700 pompa,
680 1626 747 1686 sine
763 1625 886 1686 invidia.
916 1625 1005 1685 Vale.

518 1837 731 1848 -ι-ιι--ι-ι-ι

422 2013 456 2094 l.
481 2011 621 2094 llllll
649 2011 821 2094 sallum

472 2165 525 2215 ΑΙ)
555 2163 771 2216 Lucthlum

178 2280 664 2382 EPISTULARUM
710 2280 1067 2385 hthltltlll

489 2455 624 2517 LIBER
648 2453 752 2518 xvth

439 2691 658 2752 EPISTULA
677 2695 698 2752 l.
719 2695 808 2765 (tol.)

385 2784 496 2837 search
512 2789 624 2847 Lacino
643 2800 695 2839 suo
715 2799 854 2845 amaran.

104 2900 120 2952 l
195 2886 1110 2970 InNomentnnummeumlugi,quidputasturbemt

133 2971 223 3032 immo
243 2972 385 3033 febrem
401 2973 567 3051 etquidem
581 2977 807 3052 subrepentem.
830 2978 888 3037 iam
905 2993 1027 3039 manum
1039 2977 1110 3039 mihi

133 3055 285 3117 iniecerat.
313 3057 453 3133 protinus
473 3060 576 3135 itaque
592 3061 693 3136 parari
707 3060 879 3122 vehIculum
893 3061 971 3123 iussi
984 3061 1111 3124 Paulina

133 3157 201 3202 mea
214 3140 371 3204 retinente.
401 3144 538 3204 medicus
553 3144 636 3204 initia
651 3161 722 3206 esse
738 3145 859 3207 dicebat
873 3147 963 3208 motis
978 3145 1067 3209 venis
1081 3152 1110 3207 et

133 3224 255 3288 incertis
270 3234 300 3288 et
316 3229 482 3288 naturalem
499 3227 687 3290 turbantibus
704 3229 839 3290 modum.
861 3229 946 3291 exire
965 3245 1109 3308 persone

133 3309 213 3369 ravi:
225 3310 300 3371 illud
311 3309 382 3371 mihi
395 3311 424 3370 ln
434 3328 487 3372 ore
498 3320 563 3374 erat
573 3311 687 3373 domini
698 3313 756 3375 mei
769 3313 924 3387 Gallionis
934 3313 987 3390 qui
999 3331 1069 3377 cum
1080 3313 1110 3374 ia

132 3393 249 3454 Achaia
261 3395 376 3455 lebrem
388 3395 503 3456 habere
515 3395 677 3472 coepisset,
687 3397 825 3472 protinus
833 3415 942 3459 navem
950 3397 1111 3460 adscendit

104 3476 290 3538 aclamilans
301 3495 364 3540 non
376 3479 515 3555 corporis
528 3496 613 3556 esse,
633 3481 689 3542 sed
705 3482 765 3543 loci
778 3483 927 3544 morbum.
971 3484 1039 3544 Hoc
1052 3497 1111 3558 ego
