<?xml version="1.0" encoding="UTF-8"?>
<!DOCTYPE html PUBLIC "-//W3C//DTD XHTML 1.0 Transitional//EN"
    "http://www.w3.org/TR/xhtml1/DTD/xhtml1-transitional.dtd">
<html xmlns="http://www.w3.org/1999/xhtml" xml:lang="en" lang="en">
 <head>
  <title>
</title>
<meta http-equiv="Content-Type" content="text/html;charset=utf-8" />
  <meta name='ocr-system' content='tesseract 3.04.00' />
  <meta name='ocr-capabilities' content='ocr_page ocr_carea ocr_par ocr_line ocrx_word'/>
</head>
<body>
  <div class='ocr_page' id='page_1' title='image "./lannaeisenecaeo00haasgoog_0135.png"; bbox 0 0 2460 3916; ppageno 0'>
   <div class='ocr_carea' id='block_1_1' title="bbox 147 220 812 288">
    <p class='ocr_par' dir='ltr' id='par_1_1' title="bbox 147 220 812 288">
     <span class='ocr_line' id='line_1_1' title="bbox 147 220 812 288; baseline -0.009 0"><span class='ocrx_word' id='word_1_1' title='bbox 147 224 211 288; x_wconf 80' lang='lat'>102</span> <span class='ocrx_word' id='word_1_2' title='bbox 416 223 450 282; x_wconf 89' lang='lat' dir='ltr'>L.</span> <span class='ocrx_word' id='word_1_3' title='bbox 471 222 617 282; x_wconf 83' lang='lat' dir='ltr'><strong>ANNAEI</strong></span> <span class='ocrx_word' id='word_1_4' title='bbox 638 220 812 282; x_wconf 82' lang='lat' dir='ltr'><strong>SENECAE</strong></span> 
     </span>
    </p>
   </div>
   <div class='ocr_carea' id='block_1_2' title="bbox 143 372 1123 703">
    <p class='ocr_par' dir='ltr' id='par_1_2' title="bbox 143 372 1123 703">
     <span class='ocr_line' id='line_1_2' title="bbox 146 372 1123 454; baseline -0.005 -14"><span class='ocrx_word' id='word_1_5' title='bbox 146 379 302 454; x_wconf 79' lang='lat' dir='ltr'><strong>angustias</strong></span> <span class='ocrx_word' id='word_1_6' title='bbox 324 375 469 451; x_wconf 89' lang='lat' dir='ltr'>temporis</span> <span class='ocrx_word' id='word_1_7' title='bbox 484 375 542 433; x_wconf 87' lang='lat' dir='ltr'>mei</span> <span class='ocrx_word' id='word_1_8' title='bbox 555 375 633 435; x_wconf 86' lang='lat' dir='ltr'>laxa.</span> <span class='ocrx_word' id='word_1_9' title='bbox 662 374 740 433; x_wconf 87' lang='lat' dir='ltr'>doce</span> <span class='ocrx_word' id='word_1_10' title='bbox 755 389 816 433; x_wconf 93' lang='lat' dir='ltr'>non</span> <span class='ocrx_word' id='word_1_11' title='bbox 830 387 902 432; x_wconf 91' lang='lat' dir='ltr'>esse</span> <span class='ocrx_word' id='word_1_12' title='bbox 918 372 1050 447; x_wconf 90' lang='lat' dir='ltr'>positum</span> <span class='ocrx_word' id='word_1_13' title='bbox 1064 374 1123 435; x_wconf 95' lang='lat' dir='ltr'>bo-</span> 
     </span>
     <span class='ocr_line' id='line_1_3' title="bbox 143 455 1122 535; baseline -0.006 -13"><span class='ocrx_word' id='word_1_14' title='bbox 143 479 216 524; x_wconf 89' lang='lat' dir='ltr'>num</span> <span class='ocrx_word' id='word_1_15' title='bbox 233 463 312 522; x_wconf 90' lang='lat' dir='ltr'>vitae</span> <span class='ocrx_word' id='word_1_16' title='bbox 331 461 362 519; x_wconf 92' lang='lat' dir='ltr'>in</span> <span class='ocrx_word' id='word_1_17' title='bbox 378 460 478 535; x_wconf 90' lang='lat' dir='ltr'>spatio</span> <span class='ocrx_word' id='word_1_18' title='bbox 495 459 576 531; x_wconf 85' lang='lat' dir='ltr'>cius,</span> <span class='ocrx_word' id='word_1_19' title='bbox 600 457 701 516; x_wconf 92' lang='lat' dir='ltr'>sedin</span> <span class='ocrx_word' id='word_1_20' title='bbox 716 473 789 529; x_wconf 89' lang='lat' dir='ltr'>usu,</span> <span class='ocrx_word' id='word_1_21' title='bbox 813 471 908 531; x_wconf 92' lang='lat' dir='ltr'>posse</span> <span class='ocrx_word' id='word_1_22' title='bbox 924 455 1006 530; x_wconf 86' lang='lat' dir='ltr'>fieri,</span> <span class='ocrx_word' id='word_1_23' title='bbox 1027 456 1122 522; x_wconf 83' lang='lat' dir='ltr'>immo</span> 
     </span>
     <span class='ocr_line' id='line_1_4' title="bbox 144 538 1123 620; baseline -0.002 -15"><span class='ocrx_word' id='word_1_24' title='bbox 144 543 328 620; x_wconf 77' lang='lat' dir='ltr'><strong>saepissime</strong></span> <span class='ocrx_word' id='word_1_25' title='bbox 341 543 421 616; x_wconf 88' lang='lat' dir='ltr'>fieri,</span> <span class='ocrx_word' id='word_1_26' title='bbox 442 541 543 617; x_wconf 90' lang='lat' dir='ltr'>utqui</span> <span class='ocrx_word' id='word_1_27' title='bbox 558 541 608 600; x_wconf 90' lang='lat' dir='ltr'>diu</span> <span class='ocrx_word' id='word_1_28' title='bbox 622 541 710 613; x_wconf 87' lang='lat' dir='ltr'>vixit,</span> <span class='ocrx_word' id='word_1_29' title='bbox 728 556 836 615; x_wconf 91' lang='lat' dir='ltr'>parum</span> <span class='ocrx_word' id='word_1_30' title='bbox 848 538 966 600; x_wconf 86' lang='lat' dir='ltr'>vixerit.</span> <span class='ocrx_word' id='word_1_31' title='bbox 987 541 1037 601; x_wconf 91' lang='lat' dir='ltr'>dic</span> <span class='ocrx_word' id='word_1_32' title='bbox 1048 542 1123 604; x_wconf 90' lang='lat' dir='ltr'>mihi</span> 
     </span>
     <span class='ocr_line' id='line_1_5' title="bbox 144 624 1121 703; baseline -0.001 -16"><span class='ocrx_word' id='word_1_33' title='bbox 144 629 326 688; x_wconf 81' lang='lat' dir='ltr'>dormituro:</span> <span class='ocrx_word' id='word_1_34' title='bbox 348 624 742 703; x_wconf 62' lang='lat' dir='ltr'>„potesnonexpergiscif‘</span> <span class='ocrx_word' id='word_1_35' title='bbox 764 624 1021 698; x_wconf 65' lang='lat' dir='ltr'>dicexpen&#39;ect03</span> <span class='ocrx_word' id='word_1_36' title='bbox 1043 641 1121 699; x_wconf 76' lang='lat' dir='ltr'>„po</span> 
     </span>
    </p>
   </div>
   <div class='ocr_carea' id='block_1_3' title="bbox 102 706 1121 1952">
    <p class='ocr_par' dir='ltr' id='par_1_3' title="bbox 142 706 1121 782">
     <span class='ocr_line' id='line_1_6' title="bbox 142 706 1121 782; baseline -0.002 -12"><span class='ocrx_word' id='word_1_37' title='bbox 142 719 190 771; x_wconf 91' lang='lat' dir='ltr'>tes</span> <span class='ocrx_word' id='word_1_38' title='bbox 211 727 273 772; x_wconf 92' lang='lat' dir='ltr'>non</span> <span class='ocrx_word' id='word_1_39' title='bbox 294 710 427 772; x_wconf 89' lang='lat' dir='ltr'>dormire</span> <span class='ocrx_word' id='word_1_40' title='bbox 446 709 608 782; x_wconf 87' lang='lat' dir='ltr'>amplius.“</span> <span class='ocrx_word' id='word_1_41' title='bbox 637 709 686 767; x_wconf 92' lang='lat' dir='ltr'>dic</span> <span class='ocrx_word' id='word_1_42' title='bbox 707 706 844 768; x_wconf 68' lang='lat' dir='ltr'>exeuntis</span> <span class='ocrx_word' id='word_1_43' title='bbox 873 714 981 782; x_wconf 68' lang='lat' dir='ltr'>„potes</span> <span class='ocrx_word' id='word_1_44' title='bbox 995 724 1057 768; x_wconf 91' lang='lat' dir='ltr'>uon</span> <span class='ocrx_word' id='word_1_45' title='bbox 1072 725 1121 769; x_wconf 89' lang='lat' dir='ltr'>re·</span> 
     </span>
    </p>

    <p class='ocr_par' dir='ltr' id='par_1_4' title="bbox 102 791 1121 1286">
     <span class='ocr_line' id='line_1_7' title="bbox 102 791 1121 867; baseline -0.003 -12"><span class='ocrx_word' id='word_1_46' title='bbox 102 797 134 855; x_wconf 92' lang='lat'>11</span> <span class='ocrx_word' id='word_1_47' title='bbox 145 795 250 854; x_wconf 84' lang='lat' dir='ltr'>verti.“</span> <span class='ocrx_word' id='word_1_48' title='bbox 273 795 322 854; x_wconf 88' lang='lat' dir='ltr'>dio</span> <span class='ocrx_word' id='word_1_49' title='bbox 335 794 488 853; x_wconf 80' lang='lat' dir='ltr'>redeunti:</span> <span class='ocrx_word' id='word_1_50' title='bbox 511 799 622 867; x_wconf 89' lang='lat' dir='ltr'>„potes</span> <span class='ocrx_word' id='word_1_51' title='bbox 637 807 697 851; x_wconf 91' lang='lat' dir='ltr'>non</span> <span class='ocrx_word' id='word_1_52' title='bbox 713 792 827 850; x_wconf 87' lang='lat' dir='ltr'>exire.“</span> <span class='ocrx_word' id='word_1_53' title='bbox 861 791 962 861; x_wconf 88' lang='lat' dir='ltr'>Erras,</span> <span class='ocrx_word' id='word_1_54' title='bbox 981 793 1009 852; x_wconf 91' lang='lat' dir='ltr'>si</span> <span class='ocrx_word' id='word_1_55' title='bbox 1022 794 1052 852; x_wconf 92' lang='lat' dir='ltr'>in</span> <span class='ocrx_word' id='word_1_56' title='bbox 1065 809 1121 853; x_wconf 87' lang='lat' dir='ltr'>na·</span> 
     </span>
     <span class='ocr_line' id='line_1_8' title="bbox 144 875 1121 953; baseline 0 -15"><span class='ocrx_word' id='word_1_57' title='bbox 144 877 297 953; x_wconf 77' lang='lat' dir='ltr'>rigatione</span> <span class='ocrx_word' id='word_1_58' title='bbox 311 885 423 938; x_wconf 91' lang='lat' dir='ltr'>tantum</span> <span class='ocrx_word' id='word_1_59' title='bbox 439 877 597 937; x_wconf 79' lang='lat' dir='ltr'>existimas</span> <span class='ocrx_word' id='word_1_60' title='bbox 613 875 766 934; x_wconf 87' lang='lat' dir='ltr'>minimum</span> <span class='ocrx_word' id='word_1_61' title='bbox 782 890 868 947; x_wconf 89' lang='lat' dir='ltr'>esse,</span> <span class='ocrx_word' id='word_1_62' title='bbox 889 892 951 950; x_wconf 86' lang='lat' dir='ltr'>quo</span> <span class='ocrx_word' id='word_1_63' title='bbox 967 881 1008 949; x_wconf 85' lang='lat' dir='ltr'>[a]</span> <span class='ocrx_word' id='word_1_64' title='bbox 1022 883 1121 938; x_wconf 67' lang='lat' dir='ltr'>roone</span> 
     </span>
     <span class='ocr_line' id='line_1_9' title="bbox 144 960 1119 1034; baseline 0.003 -15"><span class='ocrx_word' id='word_1_65' title='bbox 144 961 206 1023; x_wconf 90' lang='lat' dir='ltr'>vito</span> <span class='ocrx_word' id='word_1_66' title='bbox 221 962 395 1021; x_wconf 79' lang='lat' dir='ltr'>deducitur:</span> <span class='ocrx_word' id='word_1_67' title='bbox 415 962 447 1020; x_wconf 90' lang='lat' dir='ltr'>in</span> <span class='ocrx_word' id='word_1_68' title='bbox 462 961 543 1020; x_wconf 91' lang='lat' dir='ltr'>omni</span> <span class='ocrx_word' id='word_1_69' title='bbox 557 960 626 1020; x_wconf 91' lang='lat' dir='ltr'>loeo</span> <span class='ocrx_word' id='word_1_70' title='bbox 642 975 739 1034; x_wconf 90' lang='lat' dir='ltr'>aeque</span> <span class='ocrx_word' id='word_1_71' title='bbox 754 966 843 1018; x_wconf 91' lang='lat' dir='ltr'>tenue</span> <span class='ocrx_word' id='word_1_72' title='bbox 858 960 1046 1019; x_wconf 89' lang='lat' dir='ltr'>intervallum</span> <span class='ocrx_word' id='word_1_73' title='bbox 1061 968 1119 1022; x_wconf 87' lang='lat' dir='ltr'>est</span> 
     </span>
     <span class='ocr_line' id='line_1_10' title="bbox 143 1042 1119 1119; baseline 0.002 -16"><span class='ocrx_word' id='word_1_74' title='bbox 143 1060 205 1104; x_wconf 92' lang='lat' dir='ltr'>non</span> <span class='ocrx_word' id='word_1_75' title='bbox 216 1045 330 1119; x_wconf 90' lang='lat' dir='ltr'>ubique</span> <span class='ocrx_word' id='word_1_76' title='bbox 342 1061 377 1105; x_wconf 88' lang='lat' dir='ltr'>sc</span> <span class='ocrx_word' id='word_1_77' title='bbox 388 1060 470 1103; x_wconf 93' lang='lat' dir='ltr'>mors</span> <span class='ocrx_word' id='word_1_78' title='bbox 481 1052 541 1105; x_wconf 90' lang='lat' dir='ltr'>tam</span> <span class='ocrx_word' id='word_1_79' title='bbox 555 1058 651 1118; x_wconf 82' lang='lat' dir='ltr'>prope</span> <span class='ocrx_word' id='word_1_80' title='bbox 662 1042 809 1102; x_wconf 81' lang='lat' dir='ltr'>ostendit:</span> <span class='ocrx_word' id='word_1_81' title='bbox 824 1042 938 1117; x_wconf 92' lang='lat' dir='ltr'>ubique</span> <span class='ocrx_word' id='word_1_82' title='bbox 947 1049 1007 1104; x_wconf 90' lang='lat' dir='ltr'>tam</span> <span class='ocrx_word' id='word_1_83' title='bbox 1019 1059 1119 1119; x_wconf 81' lang='lat' dir='ltr'>prope</span> 
     </span>
     <span class='ocr_line' id='line_1_11' title="bbox 143 1127 1119 1202; baseline -0.001 -13"><span class='ocrx_word' id='word_1_84' title='bbox 143 1136 199 1189; x_wconf 85' lang='lat' dir='ltr'>est.</span> <span class='ocrx_word' id='word_1_85' title='bbox 235 1129 298 1189; x_wconf 90' lang='lat' dir='ltr'>Has</span> <span class='ocrx_word' id='word_1_86' title='bbox 311 1129 453 1188; x_wconf 90' lang='lat' dir='ltr'>tenebras</span> <span class='ocrx_word' id='word_1_87' title='bbox 469 1128 602 1187; x_wconf 80' lang='lat' dir='ltr'>discute:</span> <span class='ocrx_word' id='word_1_88' title='bbox 625 1133 655 1184; x_wconf 90' lang='lat' dir='ltr'>et</span> <span class='ocrx_word' id='word_1_89' title='bbox 668 1127 786 1186; x_wconf 82' lang='lat' dir='ltr'>facilius</span> <span class='ocrx_word' id='word_1_90' title='bbox 799 1142 836 1185; x_wconf 89' lang='lat' dir='ltr'>ea</span> <span class='ocrx_word' id='word_1_91' title='bbox 846 1127 964 1200; x_wconf 79' lang='lat' dir='ltr'>trades,</span> <span class='ocrx_word' id='word_1_92' title='bbox 986 1129 1119 1202; x_wconf 88' lang='lat' dir='ltr'>adquae</span> 
     </span>
     <span class='ocr_line' id='line_1_12' title="bbox 144 1209 1117 1286; baseline 0 -15"><span class='ocrx_word' id='word_1_93' title='bbox 144 1220 344 1286; x_wconf 88' lang='lat' dir='ltr'>praeparatus</span> <span class='ocrx_word' id='word_1_94' title='bbox 366 1229 443 1274; x_wconf 87' lang='lat' dir='ltr'>sum.</span> <span class='ocrx_word' id='word_1_95' title='bbox 471 1209 587 1270; x_wconf 91' lang='lat' dir='ltr'>dociles</span> <span class='ocrx_word' id='word_1_96' title='bbox 608 1218 716 1270; x_wconf 90' lang='lat' dir='ltr'>natura</span> <span class='ocrx_word' id='word_1_97' title='bbox 736 1227 793 1271; x_wconf 91' lang='lat' dir='ltr'>nos</span> <span class='ocrx_word' id='word_1_98' title='bbox 813 1209 909 1270; x_wconf 88' lang='lat' dir='ltr'>edidit</span> <span class='ocrx_word' id='word_1_99' title='bbox 925 1218 954 1271; x_wconf 87' lang='lat' dir='ltr'>et</span> <span class='ocrx_word' id='word_1_100' title='bbox 970 1212 1117 1271; x_wconf 78' lang='lat' dir='ltr'>rabonem</span> 
     </span>
    </p>

    <p class='ocr_par' dir='ltr' id='par_1_5' title="bbox 102 1292 1119 1952">
     <span class='ocr_line' id='line_1_13' title="bbox 102 1292 1119 1370; baseline 0.005 -21"><span class='ocrx_word' id='word_1_101' title='bbox 102 1293 227 1356; x_wconf 68' lang='lat' dir='ltr'>ladedit</span> <span class='ocrx_word' id='word_1_102' title='bbox 245 1295 457 1370; x_wconf 79' lang='lat' dir='ltr'>inperfectam,</span> <span class='ocrx_word' id='word_1_103' title='bbox 487 1294 544 1352; x_wconf 91' lang='lat' dir='ltr'>sed</span> <span class='ocrx_word' id='word_1_104' title='bbox 567 1309 645 1368; x_wconf 91' lang='lat' dir='ltr'>quae</span> <span class='ocrx_word' id='word_1_105' title='bbox 665 1292 772 1367; x_wconf 86' lang='lat' dir='ltr'>perfici</span> <span class='ocrx_word' id='word_1_106' title='bbox 792 1300 910 1369; x_wconf 89' lang='lat' dir='ltr'>posset.</span> <span class='ocrx_word' id='word_1_107' title='bbox 946 1295 991 1354; x_wconf 88' lang='lat' dir='ltr'>De</span> <span class='ocrx_word' id='word_1_108' title='bbox 1005 1295 1119 1356; x_wconf 86' lang='lat' dir='ltr'>iustitia</span> 
     </span>
     <span class='ocr_line' id='line_1_14' title="bbox 142 1376 1117 1453; baseline 0.003 -17"><span class='ocrx_word' id='word_1_109' title='bbox 142 1378 229 1452; x_wconf 89' lang='lat' dir='ltr'>mibi,</span> <span class='ocrx_word' id='word_1_110' title='bbox 249 1380 288 1438; x_wconf 91' lang='lat' dir='ltr'>de</span> <span class='ocrx_word' id='word_1_111' title='bbox 303 1380 414 1453; x_wconf 88' lang='lat' dir='ltr'>pietate</span> <span class='ocrx_word' id='word_1_112' title='bbox 425 1378 563 1450; x_wconf 90' lang='lat' dir='ltr'>disputa,</span> <span class='ocrx_word' id='word_1_113' title='bbox 579 1377 619 1435; x_wconf 89' lang='lat' dir='ltr'>de</span> <span class='ocrx_word' id='word_1_114' title='bbox 630 1377 814 1450; x_wconf 77' lang='lat' dir='ltr'>frugalitate,</span> <span class='ocrx_word' id='word_1_115' title='bbox 830 1376 869 1435; x_wconf 90' lang='lat' dir='ltr'>de</span> <span class='ocrx_word' id='word_1_116' title='bbox 882 1377 1026 1450; x_wconf 87' lang='lat' dir='ltr'>pudicitia</span> <span class='ocrx_word' id='word_1_117' title='bbox 1038 1386 1117 1439; x_wconf 76' lang='lat' dir='ltr'>utre·</span> 
     </span>
     <span class='ocr_line' id='line_1_15' title="bbox 143 1458 1117 1536; baseline 0.002 -16"><span class='ocrx_word' id='word_1_118' title='bbox 143 1477 218 1536; x_wconf 88' lang='lat' dir='ltr'>que,</span> <span class='ocrx_word' id='word_1_119' title='bbox 241 1469 271 1520; x_wconf 91' lang='lat' dir='ltr'>et</span> <span class='ocrx_word' id='word_1_120' title='bbox 291 1462 356 1534; x_wconf 85' lang='lat' dir='ltr'>illa,</span> <span class='ocrx_word' id='word_1_121' title='bbox 379 1462 427 1519; x_wconf 92' lang='lat' dir='ltr'>cui</span> <span class='ocrx_word' id='word_1_122' title='bbox 448 1460 537 1519; x_wconf 91' lang='lat' dir='ltr'>alieni</span> <span class='ocrx_word' id='word_1_123' title='bbox 558 1458 697 1533; x_wconf 90' lang='lat' dir='ltr'>corporis</span> <span class='ocrx_word' id='word_1_124' title='bbox 718 1460 899 1519; x_wconf 89' lang='lat' dir='ltr'>abstinentia</span> <span class='ocrx_word' id='word_1_125' title='bbox 920 1471 980 1535; x_wconf 92' lang='lat' dir='ltr'>est,</span> <span class='ocrx_word' id='word_1_126' title='bbox 1003 1462 1117 1536; x_wconf 81' lang='lat' dir='ltr'>etheo,</span> 
     </span>
     <span class='ocr_line' id='line_1_16' title="bbox 142 1541 1117 1617; baseline 0.002 -14"><span class='ocrx_word' id='word_1_127' title='bbox 142 1545 191 1603; x_wconf 91' lang='lat' dir='ltr'>cui</span> <span class='ocrx_word' id='word_1_128' title='bbox 214 1545 262 1604; x_wconf 90' lang='lat' dir='ltr'>sui</span> <span class='ocrx_word' id='word_1_129' title='bbox 283 1559 365 1602; x_wconf 88' lang='lat' dir='ltr'>cura.</span> <span class='ocrx_word' id='word_1_130' title='bbox 406 1543 438 1603; x_wconf 93' lang='lat' dir='ltr'>Si</span> <span class='ocrx_word' id='word_1_131' title='bbox 459 1558 507 1601; x_wconf 91' lang='lat' dir='ltr'>me</span> <span class='ocrx_word' id='word_1_132' title='bbox 523 1543 657 1602; x_wconf 90' lang='lat' dir='ltr'>nolueris</span> <span class='ocrx_word' id='word_1_133' title='bbox 674 1543 729 1617; x_wconf 86' lang='lat' dir='ltr'>per</span> <span class='ocrx_word' id='word_1_134' title='bbox 744 1541 977 1617; x_wconf 85' lang='lat' dir='ltr'>deviadocere,</span> <span class='ocrx_word' id='word_1_135' title='bbox 998 1546 1117 1606; x_wconf 84' lang='lat' dir='ltr'>facilius</span> 
     </span>
     <span class='ocr_line' id='line_1_17' title="bbox 142 1626 1118 1703; baseline 0.003 -18"><span class='ocrx_word' id='word_1_136' title='bbox 142 1626 247 1698; x_wconf 91' lang='lat' dir='ltr'>adid,</span> <span class='ocrx_word' id='word_1_137' title='bbox 271 1642 332 1701; x_wconf 92' lang='lat' dir='ltr'>quo</span> <span class='ocrx_word' id='word_1_138' title='bbox 354 1627 460 1697; x_wconf 90' lang='lat' dir='ltr'>tendo,</span> <span class='ocrx_word' id='word_1_139' title='bbox 485 1627 669 1700; x_wconf 86' lang='lat' dir='ltr'>perveniam.</span> <span class='ocrx_word' id='word_1_140' title='bbox 699 1643 784 1700; x_wconf 89' lang='lat' dir='ltr'>nam,</span> <span class='ocrx_word' id='word_1_141' title='bbox 808 1634 841 1688; x_wconf 92' lang='lat' dir='ltr'>ut</span> <span class='ocrx_word' id='word_1_142' title='bbox 854 1629 895 1688; x_wconf 89' lang='lat' dir='ltr'>ait</span> <span class='ocrx_word' id='word_1_143' title='bbox 908 1629 959 1687; x_wconf 91' lang='lat' dir='ltr'>ille</span> <span class='ocrx_word' id='word_1_144' title='bbox 973 1629 1118 1703; x_wconf 69' lang='lat' dir='ltr'>tragicus,</span> 
     </span>
     <span class='ocr_line' id='line_1_18' title="bbox 140 1710 1116 1786; baseline 0.003 -16"><span class='ocrx_word' id='word_1_145' title='bbox 140 1713 271 1771; x_wconf 65' lang='lat' dir='ltr'>ueritatis</span> <span class='ocrx_word' id='word_1_146' title='bbox 289 1713 417 1786; x_wconf 76' lang='lat' dir='ltr'>simplex</span> <span class='ocrx_word' id='word_1_147' title='bbox 435 1713 529 1770; x_wconf 83' lang='lat' dir='ltr'>oratio</span> <span class='ocrx_word' id='word_1_148' title='bbox 550 1717 601 1770; x_wconf 84' lang='lat' dir='ltr'>est.</span> <span class='ocrx_word' id='word_1_149' title='bbox 634 1710 767 1785; x_wconf 89' lang='lat' dir='ltr'>ideoque</span> <span class='ocrx_word' id='word_1_150' title='bbox 786 1711 867 1770; x_wconf 89' lang='lat' dir='ltr'>illam</span> <span class='ocrx_word' id='word_1_151' title='bbox 886 1712 1034 1786; x_wconf 78' lang='lat' dir='ltr'>inplicare</span> <span class='ocrx_word' id='word_1_152' title='bbox 1054 1729 1116 1772; x_wconf 92' lang='lat' dir='ltr'>non</span> 
     </span>
     <span class='ocr_line' id='line_1_19' title="bbox 138 1793 1118 1870; baseline 0.003 -16"><span class='ocrx_word' id='word_1_153' title='bbox 138 1801 277 1868; x_wconf 84' lang='lat' dir='ltr'>oportet:</span> <span class='ocrx_word' id='word_1_154' title='bbox 306 1810 364 1854; x_wconf 88' lang='lat' dir='ltr'>nec</span> <span class='ocrx_word' id='word_1_155' title='bbox 384 1793 463 1852; x_wconf 85' lang='lat' dir='ltr'>enirn</span> <span class='ocrx_word' id='word_1_156' title='bbox 480 1793 643 1868; x_wconf 88' lang='lat' dir='ltr'>quiequam</span> <span class='ocrx_word' id='word_1_157' title='bbox 665 1795 763 1855; x_wconf 90' lang='lat' dir='ltr'>minus</span> <span class='ocrx_word' id='word_1_158' title='bbox 779 1795 922 1856; x_wconf 87' lang='lat' dir='ltr'>convenit</span> <span class='ocrx_word' id='word_1_159' title='bbox 938 1812 1027 1870; x_wconf 89' lang='lat' dir='ltr'>quam</span> <span class='ocrx_word' id='word_1_160' title='bbox 1043 1796 1118 1857; x_wconf 89' lang='lat' dir='ltr'>sub·</span> 
     </span>
     <span class='ocr_line' id='line_1_20' title="bbox 142 1876 1024 1952; baseline 0.002 -17"><span class='ocrx_word' id='word_1_161' title='bbox 142 1876 213 1936; x_wconf 90' lang='lat' dir='ltr'>dola</span> <span class='ocrx_word' id='word_1_162' title='bbox 227 1879 286 1937; x_wconf 90' lang='lat' dir='ltr'>ista</span> <span class='ocrx_word' id='word_1_163' title='bbox 300 1878 449 1937; x_wconf 83' lang='lat' dir='ltr'>calliditas</span> <span class='ocrx_word' id='word_1_164' title='bbox 464 1877 571 1937; x_wconf 89' lang='lat' dir='ltr'>animis</span> <span class='ocrx_word' id='word_1_165' title='bbox 587 1893 697 1952; x_wconf 86' lang='lat' dir='ltr'>magna</span> <span class='ocrx_word' id='word_1_166' title='bbox 712 1880 902 1939; x_wconf 88' lang='lat' dir='ltr'>conantibus.</span> <span class='ocrx_word' id='word_1_167' title='bbox 936 1881 1024 1939; x_wconf 84' lang='lat' dir='ltr'>Vale.</span> 
     </span>
    </p>
   </div>
   <div class='ocr_carea' id='block_1_4' title="bbox 391 2013 858 2171">
    <p class='ocr_par' dir='ltr' id='par_1_6' title="bbox 391 2013 858 2171">
     <span class='ocr_line' id='line_1_21' title="bbox 432 2013 807 2085; baseline 0.013 -16"><span class='ocrx_word' id='word_1_168' title='bbox 432 2013 660 2072; x_wconf 85' lang='lat' dir='ltr'><strong>EPISTULA</strong></span> <span class='ocrx_word' id='word_1_169' title='bbox 679 2015 714 2071; x_wconf 92' lang='lat' dir='ltr'>X.</span> <span class='ocrx_word' id='word_1_170' title='bbox 736 2016 807 2085; x_wconf 82' lang='lat'>(50.)</span> 
     </span>
     <span class='ocr_line' id='line_1_22' title="bbox 391 2107 858 2171; baseline 0.004 -12"><span class='ocrx_word' id='word_1_171' title='bbox 391 2107 501 2161; x_wconf 76' lang='lat' dir='ltr'>Saurea</span> <span class='ocrx_word' id='word_1_172' title='bbox 517 2110 627 2161; x_wconf 81' lang='lat' dir='ltr'>Lucrum</span> <span class='ocrx_word' id='word_1_173' title='bbox 648 2122 698 2161; x_wconf 90' lang='lat' dir='ltr'>suo</span> <span class='ocrx_word' id='word_1_174' title='bbox 720 2122 858 2171; x_wconf 72' lang='lat' dir='ltr'>susurru.</span> 
     </span>
    </p>
   </div>
   <div class='ocr_carea' id='block_1_5' title="bbox 103 2209 1116 3539">
    <p class='ocr_par' dir='ltr' id='par_1_7' title="bbox 111 2209 1116 2869">
     <span class='ocr_line' id='line_1_23' title="bbox 111 2209 1114 2289; baseline -0.003 -16"><span class='ocrx_word' id='word_1_175' title='bbox 111 2220 127 2273; x_wconf 91' lang='lat'>1</span> <span class='ocrx_word' id='word_1_176' title='bbox 199 2209 368 2285; x_wconf 84' lang='lat' dir='ltr'>Epistulam</span> <span class='ocrx_word' id='word_1_177' title='bbox 381 2218 463 2272; x_wconf 90' lang='lat' dir='ltr'>tuam</span> <span class='ocrx_word' id='word_1_178' title='bbox 476 2214 583 2288; x_wconf 88' lang='lat' dir='ltr'>accepi</span> <span class='ocrx_word' id='word_1_179' title='bbox 598 2221 668 2289; x_wconf 92' lang='lat' dir='ltr'>post</span> <span class='ocrx_word' id='word_1_180' title='bbox 684 2216 795 2274; x_wconf 89' lang='lat' dir='ltr'>multos</span> <span class='ocrx_word' id='word_1_181' title='bbox 810 2228 933 2275; x_wconf 88' lang='lat' dir='ltr'>menses</span> <span class='ocrx_word' id='word_1_182' title='bbox 947 2226 1041 2286; x_wconf 83' lang='lat' dir='ltr'>quam</span> <span class='ocrx_word' id='word_1_183' title='bbox 1058 2211 1114 2271; x_wconf 89' lang='lat' dir='ltr'>mi·</span> 
     </span>
     <span class='ocr_line' id='line_1_24' title="bbox 140 2294 1116 2373; baseline 0.003 -21"><span class='ocrx_word' id='word_1_184' title='bbox 140 2308 236 2355; x_wconf 84' lang='lat' dir='ltr'>seras.</span> <span class='ocrx_word' id='word_1_185' title='bbox 271 2312 495 2370; x_wconf 88' lang='lat' dir='ltr'>supervacuum</span> <span class='ocrx_word' id='word_1_186' title='bbox 516 2297 618 2373; x_wconf 87' lang='lat' dir='ltr'>itaque</span> <span class='ocrx_word' id='word_1_187' title='bbox 634 2298 736 2373; x_wconf 90' lang='lat' dir='ltr'>putavi</span> <span class='ocrx_word' id='word_1_188' title='bbox 751 2297 789 2358; x_wconf 88' lang='lat' dir='ltr'>ab</span> <span class='ocrx_word' id='word_1_189' title='bbox 804 2313 859 2370; x_wconf 84' lang='lat' dir='ltr'>eo,</span> <span class='ocrx_word' id='word_1_190' title='bbox 882 2297 933 2372; x_wconf 90' lang='lat' dir='ltr'>qui</span> <span class='ocrx_word' id='word_1_191' title='bbox 948 2294 1116 2372; x_wconf 68' lang='lat' dir='ltr'>adferebat,</span> 
     </span>
     <span class='ocr_line' id='line_1_25' title="bbox 140 2378 1115 2455; baseline 0.003 -19"><span class='ocrx_word' id='word_1_192' title='bbox 140 2378 214 2452; x_wconf 91' lang='lat' dir='ltr'>quid</span> <span class='ocrx_word' id='word_1_193' title='bbox 239 2395 348 2453; x_wconf 83' lang='lat' dir='ltr'>ageres</span> <span class='ocrx_word' id='word_1_194' title='bbox 364 2397 522 2455; x_wconf 88' lang='lat' dir='ltr'>quaerere.</span> <span class='ocrx_word' id='word_1_195' title='bbox 557 2383 645 2442; x_wconf 88' lang='lat' dir='ltr'>valde</span> <span class='ocrx_word' id='word_1_196' title='bbox 666 2382 745 2441; x_wconf 90' lang='lat' dir='ltr'>enim</span> <span class='ocrx_word' id='word_1_197' title='bbox 763 2382 862 2441; x_wconf 88' lang='lat' dir='ltr'>bonae</span> <span class='ocrx_word' id='word_1_198' title='bbox 878 2380 1043 2440; x_wconf 87' lang='lat' dir='ltr'>memoriae</span> <span class='ocrx_word' id='word_1_199' title='bbox 1058 2387 1115 2453; x_wconf 78' lang='lat' dir='ltr'>est,</span> 
     </span>
     <span class='ocr_line' id='line_1_26' title="bbox 139 2461 1115 2540; baseline 0.003 -20"><span class='ocrx_word' id='word_1_200' title='bbox 139 2461 166 2521; x_wconf 93' lang='lat' dir='ltr'>si</span> <span class='ocrx_word' id='word_1_201' title='bbox 181 2463 329 2524; x_wconf 73' lang='lat' dir='ltr'>meminitr</span> <span class='ocrx_word' id='word_1_202' title='bbox 351 2471 492 2524; x_wconf 88' lang='lat' dir='ltr'>ettamen</span> <span class='ocrx_word' id='word_1_203' title='bbox 507 2481 600 2540; x_wconf 91' lang='lat' dir='ltr'>spero</span> <span class='ocrx_word' id='word_1_204' title='bbox 616 2466 661 2524; x_wconf 89' lang='lat' dir='ltr'>sio</span> <span class='ocrx_word' id='word_1_205' title='bbox 675 2472 704 2523; x_wconf 82' lang='lat' dir='ltr'>le</span> <span class='ocrx_word' id='word_1_206' title='bbox 716 2464 777 2522; x_wconf 90' lang='lat' dir='ltr'>iam</span> <span class='ocrx_word' id='word_1_207' title='bbox 791 2463 910 2534; x_wconf 87' lang='lat' dir='ltr'>vivere,</span> <span class='ocrx_word' id='word_1_208' title='bbox 931 2472 965 2523; x_wconf 86' lang='lat' dir='ltr'>at</span> <span class='ocrx_word' id='word_1_209' title='bbox 979 2461 1115 2523; x_wconf 88' lang='lat' dir='ltr'>ubicum-</span> 
     </span>
     <span class='ocr_line' id='line_1_27' title="bbox 140 2545 1116 2622; baseline 0 -16"><span class='ocrx_word' id='word_1_210' title='bbox 140 2562 200 2620; x_wconf 90' lang='lat' dir='ltr'>que</span> <span class='ocrx_word' id='word_1_211' title='bbox 221 2547 298 2620; x_wconf 90' lang='lat' dir='ltr'>eris‚</span> <span class='ocrx_word' id='word_1_212' title='bbox 328 2549 422 2606; x_wconf 88' lang='lat' dir='ltr'>sciam</span> <span class='ocrx_word' id='word_1_213' title='bbox 439 2548 511 2622; x_wconf 90' lang='lat' dir='ltr'>quid</span> <span class='ocrx_word' id='word_1_214' title='bbox 533 2563 618 2621; x_wconf 88' lang='lat' dir='ltr'>agas.</span> <span class='ocrx_word' id='word_1_215' title='bbox 650 2547 724 2620; x_wconf 92' lang='lat' dir='ltr'>quid</span> <span class='ocrx_word' id='word_1_216' title='bbox 740 2545 819 2605; x_wconf 86' lang='lat' dir='ltr'>enirn</span> <span class='ocrx_word' id='word_1_217' title='bbox 834 2547 916 2605; x_wconf 89' lang='lat' dir='ltr'>aliud</span> <span class='ocrx_word' id='word_1_218' title='bbox 930 2561 1005 2619; x_wconf 92' lang='lat' dir='ltr'>agas</span> <span class='ocrx_word' id='word_1_219' title='bbox 1021 2563 1116 2621; x_wconf 86' lang='lat' dir='ltr'>quam</span> 
     </span>
     <span class='ocr_line' id='line_1_28' title="bbox 137 2629 1115 2703; baseline 0.003 -16"><span class='ocrx_word' id='word_1_220' title='bbox 137 2635 171 2687; x_wconf 92' lang='lat' dir='ltr'>ut</span> <span class='ocrx_word' id='word_1_221' title='bbox 185 2630 340 2688; x_wconf 87' lang='lat' dir='ltr'>meliorem</span> <span class='ocrx_word' id='word_1_222' title='bbox 355 2636 384 2688; x_wconf 89' lang='lat' dir='ltr'>tc</span> <span class='ocrx_word' id='word_1_223' title='bbox 400 2631 467 2702; x_wconf 90' lang='lat' dir='ltr'>ipse</span> <span class='ocrx_word' id='word_1_224' title='bbox 483 2630 593 2689; x_wconf 89' lang='lat' dir='ltr'>cotidie</span> <span class='ocrx_word' id='word_1_225' title='bbox 606 2631 716 2701; x_wconf 88' lang='lat' dir='ltr'>facias,</span> <span class='ocrx_word' id='word_1_226' title='bbox 735 2635 769 2688; x_wconf 92' lang='lat' dir='ltr'>ut</span> <span class='ocrx_word' id='word_1_227' title='bbox 780 2629 894 2703; x_wconf 91' lang='lat' dir='ltr'>aliquid</span> <span class='ocrx_word' id='word_1_228' title='bbox 907 2643 946 2687; x_wconf 86' lang='lat' dir='ltr'>ex</span> <span class='ocrx_word' id='word_1_229' title='bbox 958 2631 1115 2690; x_wconf 89' lang='lat' dir='ltr'>erroribus</span> 
     </span>
     <span class='ocr_line' id='line_1_29' title="bbox 137 2712 1115 2787; baseline 0.005 -17"><span class='ocrx_word' id='word_1_230' title='bbox 137 2726 251 2784; x_wconf 87' lang='lat' dir='ltr'>ponas,</span> <span class='ocrx_word' id='word_1_231' title='bbox 275 2719 306 2769; x_wconf 90' lang='lat' dir='ltr'>ut</span> <span class='ocrx_word' id='word_1_232' title='bbox 323 2712 532 2786; x_wconf 81' lang='lat' dir='ltr'>intellegas</span> <span class='ocrx_word' id='word_1_233' title='bbox 554 2720 616 2772; x_wconf 91' lang='lat' dir='ltr'>tua</span> <span class='ocrx_word' id='word_1_234' title='bbox 637 2712 733 2770; x_wconf 86' lang='lat' dir='ltr'>vitia</span> <span class='ocrx_word' id='word_1_235' title='bbox 751 2727 854 2782; x_wconf 85' lang='lat' dir='ltr'>esse,</span> <span class='ocrx_word' id='word_1_236' title='bbox 879 2728 976 2786; x_wconf 86' lang='lat' dir='ltr'>quae</span> <span class='ocrx_word' id='word_1_237' title='bbox 1000 2721 1115 2787; x_wconf 87' lang='lat' dir='ltr'>putas</span> 
     </span>
     <span class='ocr_line' id='line_1_30' title="bbox 136 2795 1115 2869; baseline 0.004 -18"><span class='ocrx_word' id='word_1_238' title='bbox 136 2799 286 2852; x_wconf 71' lang='lat' dir='ltr'>rerum?</span> <span class='ocrx_word' id='word_1_239' title='bbox 308 2795 458 2867; x_wconf 86' lang='lat' dir='ltr'>quaedam</span> <span class='ocrx_word' id='word_1_240' title='bbox 473 2797 552 2853; x_wconf 89' lang='lat' dir='ltr'>enim</span> <span class='ocrx_word' id='word_1_241' title='bbox 567 2795 643 2854; x_wconf 90' lang='lat' dir='ltr'>locis</span> <span class='ocrx_word' id='word_1_242' title='bbox 656 2801 686 2854; x_wconf 89' lang='lat' dir='ltr'>et</span> <span class='ocrx_word' id='word_1_243' title='bbox 698 2795 887 2869; x_wconf 88' lang='lat' dir='ltr'>temporibus</span> <span class='ocrx_word' id='word_1_244' title='bbox 899 2797 1115 2857; x_wconf 86' lang='lat' dir='ltr'>adscribimus.</span> 
     </span>
    </p>

    <p class='ocr_par' dir='ltr' id='par_1_8' title="bbox 109 2875 1115 3456">
     <span class='ocr_line' id='line_1_31' title="bbox 109 2875 1115 2952; baseline 0.006 -18"><span class='ocrx_word' id='word_1_245' title='bbox 109 2881 168 2940; x_wconf 80' lang='lat' dir='ltr'>ant</span> <span class='ocrx_word' id='word_1_246' title='bbox 191 2875 256 2948; x_wconf 88' lang='lat' dir='ltr'>illa,</span> <span class='ocrx_word' id='word_1_247' title='bbox 291 2891 484 2952; x_wconf 90' lang='lat' dir='ltr'>quocumque</span> <span class='ocrx_word' id='word_1_248' title='bbox 509 2879 733 2950; x_wconf 88' lang='lat' dir='ltr'>transierimus,</span> <span class='ocrx_word' id='word_1_249' title='bbox 762 2887 903 2939; x_wconf 86' lang='lat' dir='ltr'>secutura</span> <span class='ocrx_word' id='word_1_250' title='bbox 920 2887 1000 2940; x_wconf 91' lang='lat' dir='ltr'>sunt.</span> <span class='ocrx_word' id='word_1_251' title='bbox 1036 2881 1115 2940; x_wconf 87' lang='lat' dir='ltr'>liar-</span> 
     </span>
     <span class='ocr_line' id='line_1_32' title="bbox 138 2959 1113 3037; baseline 0.008 -21"><span class='ocrx_word' id='word_1_252' title='bbox 138 2965 261 3033; x_wconf 86' lang='lat' dir='ltr'>pastcn,</span> <span class='ocrx_word' id='word_1_253' title='bbox 286 2959 392 3019; x_wconf 87' lang='lat' dir='ltr'>uxoris</span> <span class='ocrx_word' id='word_1_254' title='bbox 414 2977 500 3021; x_wconf 88' lang='lat' dir='ltr'>meae</span> <span class='ocrx_word' id='word_1_255' title='bbox 521 2962 648 3037; x_wconf 83' lang='lat' dir='ltr'>fatuam,</span> <span class='ocrx_word' id='word_1_256' title='bbox 676 2962 738 3022; x_wconf 90' lang='lat' dir='ltr'>scis</span> <span class='ocrx_word' id='word_1_257' title='bbox 755 2961 971 3024; x_wconf 87' lang='lat' dir='ltr'>bereditarium</span> <span class='ocrx_word' id='word_1_258' title='bbox 986 2979 1066 3024; x_wconf 79' lang='lat' dir='ltr'>ortus</span> <span class='ocrx_word' id='word_1_259' title='bbox 1081 2963 1113 3023; x_wconf 91' lang='lat' dir='ltr'>in</span> 
     </span>
     <span class='ocr_line' id='line_1_33' title="bbox 137 3042 1114 3121; baseline 0.007 -20"><span class='ocrx_word' id='word_1_260' title='bbox 137 3042 229 3102; x_wconf 88' lang='lat' dir='ltr'>domo</span> <span class='ocrx_word' id='word_1_261' title='bbox 255 3059 324 3104; x_wconf 90' lang='lat' dir='ltr'>mea</span> <span class='ocrx_word' id='word_1_262' title='bbox 346 3046 541 3105; x_wconf 87' lang='lat' dir='ltr'>remansisse.</span> <span class='ocrx_word' id='word_1_263' title='bbox 573 3045 642 3121; x_wconf 93' lang='lat' dir='ltr'>ipse</span> <span class='ocrx_word' id='word_1_264' title='bbox 665 3047 744 3107; x_wconf 85' lang='lat' dir='ltr'>enirn</span> <span class='ocrx_word' id='word_1_265' title='bbox 770 3048 970 3108; x_wconf 87' lang='lat' dir='ltr'>avarissimus</span> <span class='ocrx_word' id='word_1_266' title='bbox 990 3047 1114 3108; x_wconf 82' lang='lat' dir='ltr'>abistis</span> 
     </span>
     <span class='ocr_line' id='line_1_34' title="bbox 136 3126 1115 3204; baseline 0.006 -20"><span class='ocrx_word' id='word_1_267' title='bbox 136 3126 284 3200; x_wconf 83' lang='lat' dir='ltr'>prodigiis</span> <span class='ocrx_word' id='word_1_268' title='bbox 305 3143 389 3187; x_wconf 74' lang='lat' dir='ltr'>sum-2</span> <span class='ocrx_word' id='word_1_269' title='bbox 418 3130 444 3188; x_wconf 88' lang='lat' dir='ltr'>si</span> <span class='ocrx_word' id='word_1_270' title='bbox 465 3130 588 3204; x_wconf 89' lang='lat' dir='ltr'>quando</span> <span class='ocrx_word' id='word_1_271' title='bbox 609 3131 691 3191; x_wconf 90' lang='lat' dir='ltr'>fatuo</span> <span class='ocrx_word' id='word_1_272' title='bbox 712 3129 858 3191; x_wconf 82' lang='lat' dir='ltr'>delectari</span> <span class='ocrx_word' id='word_1_273' title='bbox 879 3132 966 3204; x_wconf 87' lang='lat' dir='ltr'>volo,</span> <span class='ocrx_word' id='word_1_274' title='bbox 988 3147 1050 3191; x_wconf 84' lang='lat' dir='ltr'>non</span> <span class='ocrx_word' id='word_1_275' title='bbox 1063 3137 1115 3190; x_wconf 87' lang='lat' dir='ltr'>est</span> 
     </span>
     <span class='ocr_line' id='line_1_35' title="bbox 136 3209 1113 3287; baseline 0.005 -18"><span class='ocrx_word' id='word_1_276' title='bbox 136 3209 208 3269; x_wconf 88' lang='lat' dir='ltr'>mihi</span> <span class='ocrx_word' id='word_1_277' title='bbox 222 3210 313 3286; x_wconf 88' lang='lat' dir='ltr'>longe</span> <span class='ocrx_word' id='word_1_278' title='bbox 327 3213 538 3287; x_wconf 84' lang='lat' dir='ltr'>quaerendus=</span> <span class='ocrx_word' id='word_1_279' title='bbox 559 3229 609 3273; x_wconf 92' lang='lat' dir='ltr'>me</span> <span class='ocrx_word' id='word_1_280' title='bbox 622 3214 719 3275; x_wconf 89' lang='lat' dir='ltr'>rideo.</span> <span class='ocrx_word' id='word_1_281' title='bbox 754 3215 839 3275; x_wconf 86' lang='lat' dir='ltr'>Haec</span> <span class='ocrx_word' id='word_1_282' title='bbox 852 3216 936 3275; x_wconf 83' lang='lat' dir='ltr'>fatua</span> <span class='ocrx_word' id='word_1_283' title='bbox 946 3215 1047 3276; x_wconf 91' lang='lat' dir='ltr'>subito</span> <span class='ocrx_word' id='word_1_284' title='bbox 1057 3214 1113 3275; x_wconf 87' lang='lat' dir='ltr'>de·</span> 
     </span>
     <span class='ocr_line' id='line_1_36' title="bbox 136 3294 1112 3370; baseline 0.005 -18"><span class='ocrx_word' id='word_1_285' title='bbox 136 3294 187 3354; x_wconf 85' lang='lat' dir='ltr'>siit</span> <span class='ocrx_word' id='word_1_286' title='bbox 201 3295 314 3355; x_wconf 91' lang='lat' dir='ltr'>videre.</span> <span class='ocrx_word' id='word_1_287' title='bbox 346 3297 554 3357; x_wconf 87' lang='lat' dir='ltr'>incredibilem</span> <span class='ocrx_word' id='word_1_288' title='bbox 568 3314 632 3358; x_wconf 91' lang='lat' dir='ltr'>rem</span> <span class='ocrx_word' id='word_1_289' title='bbox 646 3297 700 3359; x_wconf 91' lang='lat' dir='ltr'>tibi</span> <span class='ocrx_word' id='word_1_290' title='bbox 717 3314 821 3370; x_wconf 90' lang='lat' dir='ltr'>narro,</span> <span class='ocrx_word' id='word_1_291' title='bbox 844 3299 902 3359; x_wconf 89' lang='lat' dir='ltr'>sed</span> <span class='ocrx_word' id='word_1_292' title='bbox 917 3313 1036 3358; x_wconf 75' lang='lat' dir='ltr'>veram:</span> <span class='ocrx_word' id='word_1_293' title='bbox 1059 3313 1112 3357; x_wconf 87' lang='lat' dir='ltr'>no-</span> 
     </span>
     <span class='ocr_line' id='line_1_37' title="bbox 126 3373 1114 3456; baseline 0.006 -21"><span class='ocrx_word' id='word_1_294' title='bbox 126 3373 193 3438; x_wconf 70' lang='lat' dir='ltr'>“scit</span> <span class='ocrx_word' id='word_1_295' title='bbox 205 3393 276 3438; x_wconf 87' lang='lat' dir='ltr'>esse</span> <span class='ocrx_word' id='word_1_296' title='bbox 291 3396 325 3439; x_wconf 91' lang='lat' dir='ltr'>se</span> <span class='ocrx_word' id='word_1_297' title='bbox 341 3396 473 3440; x_wconf 89' lang='lat' dir='ltr'>caecam.</span> <span class='ocrx_word' id='word_1_298' title='bbox 497 3381 632 3442; x_wconf 90' lang='lat' dir='ltr'>subinde</span> <span class='ocrx_word' id='word_1_299' title='bbox 647 3382 861 3456; x_wconf 87' lang='lat' dir='ltr'>paedagogum</span> <span class='ocrx_word' id='word_1_300' title='bbox 876 3398 965 3441; x_wconf 91' lang='lat' dir='ltr'>suum</span> <span class='ocrx_word' id='word_1_301' title='bbox 979 3387 1067 3456; x_wconf 82' lang='lat' dir='ltr'>rogat</span> <span class='ocrx_word' id='word_1_302' title='bbox 1077 3388 1114 3442; x_wconf 85' lang='lat' dir='ltr'>ut</span> 
     </span>
    </p>

    <p class='ocr_par' dir='ltr' id='par_1_9' title="bbox 103 3461 1113 3539">
     <span class='ocr_line' id='line_1_38' title="bbox 103 3461 1113 3539; baseline 0.006 -19"><span class='ocrx_word' id='word_1_303' title='bbox 103 3461 249 3535; x_wconf 81' lang='lat' dir='ltr'>emigret.</span> <span class='ocrx_word' id='word_1_304' title='bbox 272 3463 313 3522; x_wconf 92' lang='lat' dir='ltr'>ait</span> <span class='ocrx_word' id='word_1_305' title='bbox 332 3464 455 3524; x_wconf 92' lang='lat' dir='ltr'>domum</span> <span class='ocrx_word' id='word_1_306' title='bbox 477 3466 699 3525; x_wconf 88' lang='lat' dir='ltr'>tenebricosam</span> <span class='ocrx_word' id='word_1_307' title='bbox 717 3479 799 3524; x_wconf 89' lang='lat' dir='ltr'>esse.</span> <span class='ocrx_word' id='word_1_308' title='bbox 834 3465 901 3524; x_wconf 91' lang='lat' dir='ltr'>Hoc</span> <span class='ocrx_word' id='word_1_309' title='bbox 916 3466 1000 3539; x_wconf 87' lang='lat' dir='ltr'>quod</span> <span class='ocrx_word' id='word_1_310' title='bbox 1014 3467 1045 3526; x_wconf 93' lang='lat' dir='ltr'>in</span> <span class='ocrx_word' id='word_1_311' title='bbox 1059 3466 1113 3526; x_wconf 88' lang='lat' dir='ltr'>illa</span> 
     </span>
    </p>
   </div>
   <div class='ocr_carea' id='block_1_6' title="bbox 0 0 1234 3916">
    <p class='ocr_par' dir='ltr' id='par_1_10' title="bbox 0 0 1234 3916">
     <span class='ocr_line' id='line_1_39' title="bbox 0 0 1234 3916; baseline 0 3"><span class='ocrx_word' id='word_1_312' title='bbox 0 0 1234 3916; x_wconf 95' lang='lat' dir='ltr'> </span> 
     </span>
    </p>
   </div>
  </div>
 </body>
</html>
