2468 3930
173 193 343 282 unsrun.
358 220 452 282 iton.
479 221 552 280 are.
570 220 622 280 xr.
641 221 700 280 ar.
715 232 741 284 t.
753 230 780 283 a
800 223 928 303 (soen)
973 222 1037 288 aot

58 374 130 433 foro
149 373 326 445 [de]eoctor.
366 371 431 434 cito
456 371 545 433 inerti
566 375 627 434 otio
644 372 707 435 vita
722 373 870 450 torpebit,
899 375 927 435 si
945 376 1035 437 relin-

59 457 217 532 quendum
241 462 303 530 est,
333 455 480 531 quicquid
502 454 643 518 offenciu
678 464 708 518 te
730 474 806 518 vero
826 459 1036 533 benigniorem

57 541 138 600 haec
153 539 222 614 ipsa
235 555 287 598 res
303 538 403 599 faciat.
434 556 504 600 nam
522 540 608 601 cuius
624 542 669 601 rei
684 548 812 603 eventus
829 539 964 604 incertus
978 552 1034 617 est,

56 624 91 684 f'd
104 623 312 698 :utaliquando
328 623 484 698 procedat,
507 639 602 700 saepe
616 626 823 701 temptandum
838 632 895 687 est.
920 627 984 688 Sed
997 627 1066 689 det

56 707 107 766 his
123 706 198 766 satis
213 708 306 766 multa
320 707 350 766 in
368 706 405 766 iis
419 707 504 767 libris
519 707 612 769 locuti
627 726 748 782 sumus,
777 710 830 785 qui
851 709 896 770 de
912 711 1035 772 Bene-

56 791 167 850 ficiis
182 790 403 851 inscribuntur:
421 782 518 851 illud
532 792 630 867 magis
649 794 911 867 quaerendum
927 795 1036 856 vide·

56 883 135 946 tur,
165 874 268 949 quod
289 890 364 934 non
385 874 499 948 satis,
518 883 558 934 ut
578 873 774 949 existimo,
797 877 1037 951 explicatum

58 964 135 1030 est,
155 973 200 1016 an
222 956 356 1033 ls„qui
371 957 522 1034 profuit
537 958 667 1032 nobis,
683 960 715 1018 si
735 968 873 1035 postea
888 962 1035 1036 nocuit,

56 1039 171 1116 peria
188 1042 337 1102 fecerit
361 1048 400 1101 et
419 1058 490 1102 nos
511 1042 645 1102 debito
669 1043 859 1103 solverit?
884 1043 987 1118 adice,
1008 1044 1037 1104 si

55 1123 122 1196 vis,
137 1131 168 1184 et
181 1124 270 1185 illud=
293 1125 385 1185 multo
399 1127 469 1199 plus
485 1134 594 1201 postea
606 1126 711 1186 nocuit
724 1141 814 1201 quam
828 1133 898 1185 ante
914 1127 1037 1201 profue·

55 1215 112 1268 rut.
158 1205 191 1268 Si
213 1215 328 1269 rectam
347 1209 430 1269 illam
450 1208 539 1284 rigidi
562 1209 671 1270 iudicis
697 1208 877 1270 sententiam
902 1209 1066 1284 quaeriue

58 1294 185 1353 alterum
209 1292 247 1352 ab
267 1293 362 1353 altero
384 1293 525 1353 absolvet
544 1301 576 1354 et
599 1292 694 1353 dicet=
721 1291 887 1368 „quamvis
908 1293 1036 1354 iniuriae

56 1375 315 1452 praeponderent,
330 1383 430 1436 tamen
445 1376 604 1437 beneficiis
618 1377 756 1452 donetur,
773 1377 857 1452 quod
873 1392 912 1436 ex
926 1376 1037 1437 iniuria

56 1464 231 1535 supei·est.“
258 1460 330 1520 Plus
348 1462 467 1521 nocuit=
490 1462 547 1522 sed
562 1460 647 1536 prius
662 1462 785 1535 profuit.
807 1461 909 1535 itaque
923 1460 1036 1522 habea-

55 1550 106 1605 tur
119 1549 150 1602 et
162 1544 310 1619 temporis
324 1543 413 1606 ratio.
455 1546 518 1603 lam
539 1545 590 1604 illu
610 1545 818 1606 manifestiora
838 1552 923 1618 sunt,
945 1553 1064 1620 quam5

55 1636 89 1689 ut
109 1627 269 1688 admoneri
290 1628 420 1701 debeas,
445 1628 654 1703 quaerendum
680 1645 767 1703 esse,
791 1645 883 1704 quam
908 1629 1037 1689 libenter

55 1711 217 1788 profuerit,
235 1729 327 1786 quam
342 1712 454 1773 invitus
469 1712 616 1786 nocuerit,
632 1713 775 1788 quoniam
788 1712 889 1773 animo
902 1719 933 1773 et
942 1711 1035 1773 bene·

55 1795 128 1856 ficia
142 1802 173 1855 et
186 1795 314 1857 iniuriae
328 1804 477 1856 constant
504 1796 614 1872 „Nolui
628 1795 809 1857 beneficium
826 1797 914 1857 dare:
935 1796 1036 1858 victus

55 1896 126 1940 sum
152 1887 206 1940 aut
227 1880 415 1940 verecundia
439 1887 492 1940 aut
515 1879 655 1941 instantis
683 1881 848 1955 pertinacia
871 1885 925 1940 aut
949 1885 1037 1955 spe.“

54 1964 100 2024 llo
118 1963 221 2023 animo
236 1964 374 2040 quidque
391 1963 527 2038 debetur,
550 1981 611 2038 quo
627 1964 730 2036 datur,
753 1981 811 2024 nec
826 1970 971 2039 quantum
987 1964 1066 2037 sitii

56 2047 113 2108 sed
128 2063 148 2106 a
165 2048 245 2122 quali
262 2048 430 2120 profectum
445 2050 614 2119 voluntate,
630 2049 844 2122 perpenditurz
867 2064 948 2107 nuno
963 2063 1035 2108 con-

55 2131 174 2192 iectura
193 2133 330 2191 tollatur:
364 2139 394 2192 et
416 2131 490 2193 illud
510 2130 693 2193 beneficium
722 2133 777 2191 luit
798 2138 828 2192 et
848 2131 922 2202 hoc,
953 2131 1037 2204 quud

55 2215 181 2275 modum
192 2213 334 2274 beneficii
348 2215 459 2290 prioris
475 2217 622 2287 excessit,
639 2215 748 2274 iniuria
763 2223 820 2276 est.
862 2214 919 2274 Vir
933 2213 1036 2275 bonus

55 2306 207 2373 utrosque
231 2299 367 2358 calculos
385 2300 430 2359 sio
452 2300 553 2374 pouit,
579 2307 612 2359 ut
637 2313 672 2357 se
696 2297 766 2372 ipse
792 2297 1022 2357 circumscribat

54 2381 207 2442 beneflcio
222 2381 323 2457 adicit,
338 2383 466 2443 iniuriae
481 2383 583 2444 demit.
606 2382 682 2441 alter
695 2380 746 2440 ille
759 2378 920 2440 remissior
933 2379 1036 2454 iudex,

56 2483 145 2540 quem
162 2461 401 2538 assemanum,
418 2468 545 2527 iniuriae
561 2464 701 2527 oblivisci
716 2464 846 2536 debebit,
864 2462 958 2524 officii
973 2477 1049 2522 me-⁴

54 2551 191 2610 minisse.
236 2548 323 2623 „Hoc
343 2558 441 2624 certe,
465 2549 583 2626 inquis,
609 2548 742 2610 iustitiae
763 2548 920 2621 convenit,
948 2552 1066 2608 suuml

55 2635 167 2709 cuique
187 2633 334 2706 reddere,
356 2633 507 2695 beneficio
521 2634 663 2710 gratiam,
685 2632 813 2692 iniuriae
827 2631 970 2692 talionem
985 2637 1038 2690 aut

54 2725 137 2778 certe
159 2718 269 2777 malam
289 2716 446 2792 gratiam.“
491 2719 605 2778 Verum
627 2717 683 2777 erit
696 2716 793 2791 istud,
815 2730 884 2776 cum
899 2716 977 2777 alius
992 2714 1036 2774 in·

54 2800 164 2861 iuriam
178 2801 294 2875 fecerit,
309 2801 386 2862 alius
401 2802 583 2862 beneficium
598 2800 730 2860 dederit=
753 2816 824 2860 nam
838 2801 866 2860 si
883 2801 964 2860 idem
980 2805 1037 2872 est,

52 2885 207 2946 beneficio
221 2883 269 2944 vis
286 2885 411 2944 iniuriae
427 2885 637 2960 exstinguitur.
666 2900 737 2944 nam
751 2884 818 2958 cui,
840 2883 960 2946 etiamsi
975 2897 1036 2942 me·

53 2969 111 3030 rita
126 2985 190 3029 non
208 2969 457 3042 antecessissent,
477 2967 639 3044 oportebat
653 2969 782 3044 ignosci,
800 2976 872 3044 post
885 2965 1038 3028 beneficia

54 3052 189 3112 laedenti
206 3053 382 3128 plusquam
395 3053 487 3113 venia
501 3053 638 3114 debetur.
666 3053 734 3113 Non
749 3069 832 3127 pono
848 3052 969 3126 utrique
982 3049 1068 3123 perd

54 3136 196 3211 pretium.
225 3137 322 3212 pluris
343 3137 471 3198 aestimo
493 3136 675 3197 beneficium
692 3152 783 3211 quam
797 3135 952 3196 iniuriam:
974 3146 1037 3190 non

55 3234 164 3280 omnes
183 3221 264 3296 grati
285 3220 385 3281 seiont
406 3221 519 3282 debere
539 3219 736 3281 beneficium:
765 3226 869 3294 potest
883 3216 974 3278 etiam
991 3215 1037 3273 in·

55 3304 193 3378 prudens
207 3311 239 3365 el
252 3304 338 3364 rudis
354 3313 385 3367 et
397 3322 478 3366 unus
496 3321 514 3365 e
534 3305 639 3377 turba,
662 3303 767 3378 utique
789 3303 861 3363 dum
875 3313 975 3377 propa
990 3304 1038 3357 est

56 3384 93 3446 ab
108 3395 256 3464 accepto=
278 3387 400 3464 ignorat
413 3396 523 3463 autem,
541 3393 686 3463 quantum
702 3386 821 3449 debeat.
839 3383 892 3445 uni
906 3377 1037 3457 sapienti

57 3476 161 3535 nomm
175 3480 240 3548 est,
264 3472 369 3548 quanti
382 3489 433 3534 res
449 3488 592 3552 quaeque
606 3471 739 3534 taxanda
754 3470 808 3531 siu
830 3485 900 3530 nam
915 3467 981 3540 illa,
997 3464 1037 3524 de
