2468 3930
241 265 408 328 EPISTUL.
424 265 519 327 MOR.
540 267 612 326 LIB.
629 266 722 326 xvll.
744 266 802 325 ΕΡ.
813 275 839 328 i.
862 272 950 342 (102.)
1020 265 1082 328 333

99 435 172 483 cere
196 419 307 478 velim?
336 415 479 479 nullum
498 418 637 478 bonum
658 425 835 493 putamus
858 435 960 492 esse,
982 420 1084 495 quod

100 521 147 568 ex
162 500 404 585 distantibus
424 508 595 562 constat.
623 519 684 563 uno
701 501 781 561 enim
797 502 905 578 spiritu
919 519 1013 564 unum
1027 502 1082 564 bo-

100 585 174 650 num
188 586 337 671 ¹contineri
353 602 390 646 oc
404 585 469 660 regi
484 585 591 659 debet,
613 603 706 647 unum
720 601 791 646 esse
807 588 896 647 unius
913 588 985 647 boni
1002 588 1082 662 prin·

102 667 211 749 cipaie.
230 665 296 731 'hoc
316 671 343 729 si
367 671 490 744 quando
505 667 745 741 desideraveris,
769 687 824 746 per
839 687 875 731 se
890 672 1081 746 probabitur:

102 752 219 818 interim
236 750 412 837 ponendum
427 752 497 828 luit,
514 752 585 828 quia
601 754 631 812 in
648 770 705 814 nos
722 763 828 814 nostra
842 756 902 814 tela
916 755 1082 817 mittuntur.

164 838 310 915 ‚,Dicitis,
337 837 447 911 inquit,
473 839 587 898 nullum
609 838 722 898 bonum
743 854 782 897 ex
799 838 981 899 distantibus
996 856 1116 914 essezg

101 925 223 988 olenus
238 929 339 982 autem
362 921 421 982 ista
441 921 590 983 bonomm
604 922 739 982 virorum
753 922 891 982 secunda
906 924 1009 997 opinio
1024 930 1082 983 est.

102 1024 172 1069 nam
196 1005 352 1083 quomodo
380 1007 461 1064 lama
488 1022 549 1066 non
575 1013 622 1066 est
646 1004 737 1067 unius
759 1009 859 1065 sermo
880 1021 938 1065 nec
961 1006 1084 1066 inlauria

103 1087 193 1152 unius
205 1091 285 1151 mala
296 1090 489 1163 existimatio,
501 1089 546 1150 sic
558 1106 615 1150 nec
627 1089 747 1148 claritas
760 1090 811 1149 uni
823 1089 904 1150 bono
916 1089 1082 1164 placuisse.

103 1172 279 1239 consentire
300 1174 330 1233 in
351 1173 411 1233 hoc
434 1175 536 1249 plures
557 1174 693 1248 insignes
710 1181 741 1234 et
758 1173 943 1249 spectabiles
960 1174 1014 1233 viri
1030 1174 1082 1233 de·

103 1260 190 1334 beni,
223 1266 255 1319 ut
280 1259 401 1318 claritas
431 1258 478 1317 sit.
517 1258 594 1317 haec
615 1266 715 1317 autem
741 1273 780 1317 ex
805 1257 924 1318 iudiciis
952 1259 1084 1333 plurium

104 1338 250 1417 elii'citur,
269 1341 300 1401 id
321 1349 368 1401 est
386 1340 576 1402 distantium:
600 1357 673 1416 ergo
696 1348 817 1402 nonest
831 1342 953 1402 bonum.
993 1342 1083 1402 Clari·
1099 1362 1116 1417 9

103 1424 167 1503 tus,
187 1423 299 1502 inquit,
320 1428 388 1486 laus
410 1425 492 1487 esta
512 1425 601 1485 bonis
623 1426 703 1485 bono
725 1427 855 1486 reddita.
886 1426 953 1487 laus
976 1426 1083 1486 oratio.

104 1513 201 1573 oratio
217 1527 280 1571 vox
294 1517 343 1570 est
356 1510 472 1586 aliquid
486 1510 679 1585 significans:
707 1526 768 1570 vox
783 1519 898 1581 autem,
919 1511 989 1571 licet
1004 1510 1084 1571 viro-

103 1591 170 1657 rum
192 1591 233 1656 sit
252 1595 419 1667 bonorum,
441 1611 501 1655 non
525 1600 572 1653 est
592 1593 713 1654 bonum
740 1610 797 1654 nec
819 1594 913 1666 enim,
938 1594 1083 1670 quicquid

104 1676 265 1741 virbonus
282 1679 366 1752 lacit,
382 1680 494 1739 bonum
509 1683 570 1737 est:
590 1695 660 1738 nam
675 1686 705 1738 et
719 1678 836 1754 plaudit
852 1685 882 1737 et
897 1677 1013 1753 sibilat,
1028 1679 1085 1738 sed

104 1779 161 1825 nec
178 1764 320 1840 plausum
336 1764 499 1838 quisquam
515 1777 571 1821 nec
587 1762 724 1837 sibilum,
748 1764 819 1823 licet
833 1763 935 1823 omnia
950 1764 1015 1824 eius
1031 1763 1084 1822 ad-

103 1850 228 1909 miretur
242 1843 273 1908 et'
287 1845 401 1920 laudet,
424 1847 538 1907 bonum
556 1847 723 1920 dicit,.non
738 1849 835 1922 magis
854 1864 945 1922 quam
965 1855 1084 1908 sternu-

103 1940 238 1995 mentum
265 1939 316 1992 aut
339 1931 462 1992 tussim:
491 1946 564 2006 ergo
588 1932 708 1992 claritas
729 1933 842 1992 bonum
863 1948 924 1992 non
947 1939 1002 1991 est.
1035 1930 1085 1990 Ad
1094 1944 1127 1996 10

104 2031 255 2078 summam
271 2015 362 2076 dicite
378 2016 483 2087 nobis,
505 2022 606 2076 ulrum
620 2016 772 2077 laudantis
788 2032 826 2075 an
841 2014 956 2076 laudati
971 2016 1085 2076 bonum

104 2102 159 2162 sit:
183 2101 210 2162 si
231 2101 381 2160 laudantis
400 2101 514 2161 bonum
534 2115 605 2160 esse
627 2099 742 2173 dicitis,
767 2108 828 2159 tarn
848 2099 1006 2159 ridiculam
1020 2115 1086 2158 rem

103 2185 219 2258 fecitis,
242 2179 336 2260 'quam
358 2185 383 2244 si
401 2184 568 2244 adfirmetis
584 2198 684 2243 meum
705 2198 790 2256 esse,
814 2183 899 2257 quod
913 2184 991 2243 alius
1007 2184 1086 2243 bene

103 2271 214 2330 valeat
238 2265 301 2328 ¹sed
315 2269 441 2329 laudare
457 2268 567 2343 dignos
582 2266 712 2327 honesta
728 2268 807 2326 actio
824 2273 884 2326 est:
903 2265 944 2325 ita
959 2267 1086 2326 laudan-

104 2353 143 2416 tis
164 2353 278 2415 bonum
292 2360 353 2427 est,
375 2353 462 2414 cuius
480 2353 637 2426 collocet,
659 2367 720 2411 non
737 2357 890 2422 nostrum,
915 2351 966 2425 qui
980 2349 1085 2409 lauda-

106 2433 186 2500 mur=
209 2435 294 2512 atqui
308 2436 368 2497 hoc
384 2435 617 2512 quaerebatur.“
786 2487 789 2490 ,

168 2521 430 2596 Respondebo
455 2536 553 2581 nunc
574 2519 745 2594 singulis
769 2517 923 2579 cursim.
957 2515 1127 2583 Primumll

103 2600 147 2667 an
166 2600 211 2667 sit'
228 2601 354 2681 aliquod
378 2621 417 2666 ex
434 2603 616 2664 distantibus
632 2605 761 2678 bonum,
778 2603 949 2663 etiamnunc
967 2601 1087 2677 quaeri-

105 2686 155 2752 tur
176 2696 212 2749 et
228 2706 299 2764 pars
321 2697 452 2764 utraque
474 2691 641 2749 sententias
659 2687 759 2748 habet.
788 2687 906 2748 Deinde
921 2685 1087 2748 claritas

106 2774 188 2853 [non]
207 2773 363 2835 desiderat
378 2776 471 2833 multa
485 2771 648 2847 suffragia:
671 2779 801 2848 potest
817 2779 852 2833 et
867 2773 981 2832 unius
996 2769 1088 2832 boni

105 2858 181 2918 viri
202 2857 349 2921 iudicio
373 2874 462 2918 esse
483 2865 684 2931 contenta,
706 2857 753 2934 [se]
777 2874 835 2918 nos
861 2857 962 2918 bonos
987 2855 1088 2917 bonus

105 2939 230 3003 iudicat.
253 2989 270 3017 ‚‚
280 2941 358 3015 Quid
373 2948 469 3016 ergo?
496 2942 608 3016 inquit,
624 2949 654 3002 et
669 2942 766 3001 lama
782 2942 839 3001 erit
851 2940 943 3001 unius
955 2939 1129 3001 hominisli

105 3022 289 3088 existimatio
311 3026 341 3087 et'
361 3026 484 3087 inlamia
504 3026 594 3087 unius
608 3027 757 3100 malignus
777 3033 899 3086 sermo?
924 3024 1088 3098 gloriam

107 3107 246 3187 quoque,
266 3109 379 3186 inquit,
401 3111 491 3171 latius
507 3111 606 3170 lusam
622 3108 779 3183 intellego=
804 3124 991 3169 consensum
1008 3107 1088 3168 enim

106 3192 268 3255 multorum
292 3194 422 3270 exigit.“
448 3195 577 3256 Diversa
596 3193 706 3252 horum
727 3191 868 3254 condicio
890 3198 938 3252 est
953 3199 982 3251 et
996 3191 1088 3250 illius.

107 3275 225 3354 quares
247 3279 333 3354 quia,
348 3278 376 3339 si
391 3280 430 3339 de
444 3294 493 3338 me
507 3278 587 3339 bene
600 3276 757 3337 virbonus
774 3274 879 3347 sentit,
896 3275 1006 3335 eodem
1019 3275 1087 3336 loco

107 3376 190 3436 sum,
211 3379 273 3438 quo
288 3363 316 3424 si
331 3379 438 3424 omnes
452 3360 526 3424 boni
541 3361 622 3421 idem
636 3359 797 3422 sentirent:
827 3374 934 3420 omnes
949 3357 1045 3432 enim,
1061 3359 1088 3418 si

106 3462 156 3508 me
167 3445 381 3522 cognoverint,
396 3447 476 3508 idem
487 3445 627 3507 sentient.
647 3461 702 3520 par
715 3443 774 3504 illis
789 3443 933 3519 idemque
944 3440 1089 3505 iudicium

106 3527 164 3592 esi.
186 3546 285 3608 aeque
297 3547 370 3593 vero
387 3530 542 3593 insistitur.
566 3528 716 3591 dissidere
727 3547 788 3591 non
804 3538 950 3606 possunt:
972 3527 1014 3590 ita
1032 3544 1089 3604 pro
