2468 3930
173 232 237 314 320
462 251 493 308 t.
515 248 661 308 anunm
685 247 861 308 suuncnu

175 404 242 464 fidit
262 418 318 463 nec
339 417 397 477 spe
417 400 522 461 mortis
538 400 687 475 patienter
703 399 786 459 dolet
799 414 857 458 nec
871 399 973 460 taedio
990 399 1109 463 doloris
1123 402 1158 462 li-

176 487 283 548 benter
297 486 436 547 moritur:
458 483 541 544 hunc
556 485 621 556 lert,
637 483 718 542 illam
732 490 902 558 exspectat.
931 484 1019 544 Vale.

471 617 686 676 EPISTULA
714 619 760 675 IV.
790 621 861 690 (99.)

427 715 537 767 Scurra
555 716 666 766 Lucrum
687 725 738 766 suo
758 727 897 766 saturum.

148 825 165 880 1
236 818 415 896 Epistulam,
431 836 522 894 quam
535 819 645 895 scripsi
657 818 794 892 lllarulla,
810 834 878 878 cunr
890 818 984 878 filium
997 821 1159 894 parvulum

177 904 332 966 amisisset
348 911 378 963 et
392 904 544 964 diceretur
558 904 688 964 molliter
703 903 798 977 lerre,
814 902 882 962 misi
896 902 959 977 tihi,
975 903 1004 961 in
1021 920 1084 978 qua
1097 921 1158 967 non

178 1005 245 1049 sum
267 988 388 1048 solitum
408 1003 524 1048 morem
543 994 668 1048 secutus
690 1001 746 1045 nec
767 985 872 1061 putavi
887 985 993 1046 leniter
1007 987 1092 1047 illum
1108 989 1160 1049 de-

177 1073 250 1132 bere
260 1072 392 1144 tractari,
401 1087 469 1132 eum
482 1069 692 1145 obiurgatione
704 1076 788 1130 esset
799 1086 890 1144 auam
902 1070 1012 1131 solatio
1026 1071 1159 1146 dignior.

177 1155 301 1217 adllieto
325 1154 404 1216 enim
427 1163 457 1215 et
476 1171 618 1229 magnum
641 1155 751 1214 volnus
772 1155 850 1214 male
872 1153 980 1214 serenti
1001 1156 1160 1232 paulisper

178 1240 350 1300 cedendum
371 1247 428 1299 est.
455 1239 585 1300 exsatiet
605 1253 639 1299 se
655 1245 706 1298 aut
723 1245 803 1298 certe
820 1237 949 1314 primum
963 1238 1101 1314 inpetum
1116 1241 1160 1299 el·

149 1324 297 1385 standarz
317 1322 362 1397 hi,
380 1321 444 1397 qui
461 1322 536 1383 sibi
550 1324 685 1397 lugere
700 1328 959 1396 sumpserunt,
975 1323 1159 1397 protinus

178 1407 421 1481 castigentur
439 1414 469 1466 et
484 1407 604 1466 discant
616 1405 766 1480 quasdam
781 1406 870 1465 etiam
885 1405 1080 1466 lacrimarum
1095 1405 1158 1468 ine-

178 1493 257 1567 ptias
270 1505 351 1551 esse.
363 1491 471 1550 solatia
482 1495 668 1564 exspectas?
679 1487 819 1549 convicia
827 1489 943 1564 accipe.
957 1496 1017 1550 tam
1031 1491 1158 1552 molliter

179 1585 210 1635 tu
225 1576 287 1633 lers
303 1582 430 1634 mortem
445 1574 520 1633 filiii
541 1574 613 1648 quid
627 1574 754 1648 laceres,
770 1574 796 1633 si
806 1573 935 1632 amicum
945 1572 1160 1648 perdidisses?

179 1655 312 1717 decessit
326 1657 406 1716 filius
422 1658 554 1716 incertae
570 1657 653 1731 spei,
669 1658 831 1730 parvulus:
852 1657 994 1733 pusillum
1009 1659 1159 1735 temporis

148 1741 274 1815 aperiit.
321 1741 436 1801 Causas
458 1741 574 1800 doloris
595 1740 804 1814 conquirimus
826 1747 857 1801 et
877 1741 916 1800 de
932 1742 1055 1802 fortuna
1070 1743 1160 1805 etiam

179 1825 281 1898 inique
297 1825 384 1899 queri
399 1825 556 1898 volumus,
576 1824 664 1900 quasi
679 1840 739 1884 non
758 1826 796 1885 sit
810 1826 906 1885 iustus
924 1826 1072 1899 querendi
1087 1841 1158 1887 cau·

179 1925 231 1968 sas
252 1908 440 1982 praebitura:
466 1915 497 1967 at
521 1907 710 1968 mehercules
732 1908 807 1968 satis
829 1907 901 1968 mihi
921 1907 981 1968 iam
1003 1909 1158 1970 videbaris

178 1991 269 2051 animi
283 1992 397 2051 habere
411 1990 501 2053 etiam
517 1994 666 2052 adversus
683 1993 783 2053 solida
795 1994 884 2065 mala,
901 1994 1013 2053 nedum
1028 1991 1068 2053 ad
1082 1992 1159 2054 istas

178 2076 301 2136 umhras
329 2076 491 2151 malorum,
528 2075 638 2151 quibus
666 2076 870 2150 ingemiscunt
896 2076 1036 2137 homines
1064 2076 1159 2138 moris

179 2175 284 2221 causa.
330 2160 417 2235 Quod
432 2161 610 2222 damnorum
627 2161 760 2221 omnium
774 2161 937 2220 maximum
959 2168 1020 2234 est,
1043 2159 1071 2220 si
1085 2159 1158 2221 ami-

180 2261 248 2305 cum
271 2245 475 2320 perdidisses,
499 2245 600 2304 danda
621 2261 715 2320 opera
736 2251 814 2319 erat,
835 2252 868 2304 ut
882 2245 978 2318 magis
996 2244 1158 2319 gauderes,

150 2329 265 2404 equod
281 2329 448 2404 habueras,
473 2346 564 2404 quam
586 2344 756 2403 moereres,
786 2329 870 2404 quod
892 2329 1051 2409 amiseras.
1093 2322 1159 2389 'Sed

180 2413 319 2489 plerique
345 2431 407 2474 non
433 2420 611 2488 conputant,
639 2420 753 2488 quanta
779 2412 985 2488 perceperint,
1014 2420 1159 2487 quantum

179 2497 278 2572 gavisi
300 2499 369 2558 sint.
403 2498 463 2557 hec
482 2496 575 2558 hahet
594 2498 672 2558 inter
692 2496 812 2573 reliqua
835 2496 906 2556 mall
932 2498 1045 2557 dolor
1068 2496 1157 2559 ister

179 2598 252 2642 non
283 2596 552 2656 supervacuus
587 2589 746 2655 tanturn,
781 2580 850 2642 sed
884 2581 1061 2655 ingratus
1091 2587 1158 2641 est.

180 2680 273 2738 „ergo
294 2664 378 2737 quod
391 2664 524 2724 habuisti
539 2666 627 2724 talem
644 2665 787 2738 amicum,
808 2665 898 2739 periit
912 2671 1028 2739 opera?
1047 2671 1094 2726 tot
1108 2679 1158 2724 an-

179 2747 242 2819 nis,
259 2754 342 2807 tanta
356 2746 568 2807 coniunctione
586 2748 674 2823 vitae,
692 2755 752 2808 tum
770 2747 907 2808 familiari
924 2746 1094 2809 studiorum
1109 2763 1157 2808 so·

179 2828 288 2890 cietate
303 2830 375 2889 nihil
391 2838 490 2891 aetum
506 2837 572 2891 est?
601 2848 668 2892 cum
691 2833 788 2894 amico
809 2832 901 2892 effers
922 2831 1105 2893 amicitiam?
1131 2838 1160 2891 et

181 2913 255 2988 quid
270 2914 357 2975 doles
369 2915 520 2991 amisisse,
536 2915 563 2976 si
574 2915 720 2977 habuisse
732 2934 793 2978 nun
807 2917 953 2993 prodest?
974 2915 1158 2988 mihicrede,

180 3014 289 3073 magna
304 3015 377 3074 pars
395 3016 435 3059 ex
450 2999 487 3059 ils
504 3016 582 3075 quos
597 3002 775 3076 amavimus,
790 3002 861 3062 licet
881 3000 968 3075 ipsos
985 3015 1078 3060 casus
1090 2998 1159 3060 abs-

179 3083 293 3158 tulerit,
323 3084 404 3159 apud
426 3100 483 3144 nas
505 3091 614 3145 manet.
643 3091 780 3147 nostrum
807 3092 868 3160 est,
895 3084 980 3160 quod
1005 3080 1161 3160 praeteriit

180 3175 301 3242 tempus
323 3185 380 3227 nec
401 3170 564 3244 quicquam
587 3177 634 3229 est
653 3171 722 3230 leco
740 3170 849 3230 tutiore
866 3186 956 3244 quarn
975 3167 1058 3244 quod
1075 3166 1160 3228 luit.“

151 3251 290 3325 alngrati
312 3253 462 3315 adversus
483 3262 629 3329 percepta
649 3269 705 3330 spe
727 3253 818 3314 luturi
839 3269 961 3327 sumus,
988 3251 1077 3328 quasi
1099 3265 1160 3311 non

181 3335 264 3409 quud
279 3338 410 3398 futurum
426 3344 481 3411 est,
497 3338 523 3397 si
539 3339 630 3400 modo
644 3338 830 3400 successerit
841 3337 941 3414 nohis,
957 3336 1016 3397 cito
1028 3337 1060 3396 in
1072 3348 1160 3414 prae·

178 3416 267 3478 terite
279 3419 475 3483 transiturum
491 3420 539 3481 sit.
567 3424 707 3498 Anguste
722 3424 838 3483 fructus
853 3438 954 3482 rerum
970 3418 1160 3494 determinat,

188 3499 358 3574 ruiramum
368 3505 583 3579 praesentibus
600 3507 696 3566 laetus
712 3514 772 3566 est:
795 3515 825 3567 et
839 3509 939 3569 lutura
954 3513 985 3569 et
998 3504 1162 3583 praeterita
