2468 3930
158 240 329 304 EPISTUL.
342 240 435 302 MOR.
457 241 530 302 LIB.
544 190 621 302 XIX.
643 242 699 302 lta.
711 251 796 306 2—4.
811 249 995 319 (nt-113.)
1016 244 1078 309 tol

100 396 309 473 prudentia
331 403 570 470 ceteraeque
591 394 760 455 virtutes
782 394 966 457 animalia
990 398 1076 461 sint

98 481 164 541 Hae
186 479 350 540 subtilitate
370 477 544 551 effecimus,
565 479 661 539 Lucili
681 480 854 553 carissime,
880 486 913 540 ut
933 497 1078 543 exercere

99 563 255 639 ingenium
272 564 349 623 inter
372 562 461 622 inrita
482 562 654 623 videremur
674 569 705 623 ct
724 563 982 639 disputationibus
1005 565 1078 627 nihil

100 648 267 724 prolaturis
285 648 378 707 otium
393 653 500 705 terere.
532 645 662 721 Faciam,
678 647 763 720 quod
775 648 944 723 desideras,
960 657 989 710 et
1005 651 1079 726 quid

99 733 213 795 nostris
229 731 382 803 videatur,
398 746 560 805 exponam.
583 731 640 791 sed
655 747 703 789 me
718 731 747 790 in
763 731 822 791 alia
837 747 909 793 esse
927 734 1078 796 sententia

100 817 256 892 profiteor.
274 823 347 890 puto
361 814 510 889 quaedam
523 829 603 887 esse,
617 830 696 889 quae
709 815 839 876 deceant
850 816 1078 891 phaecasiatum

99 901 335 977 palliolumque:
353 913 431 973 quae
444 897 504 957 sint
515 913 598 972 ergo,
617 913 697 973 quae
707 899 850 974 antiquos
862 902 1020 977 moverint,
1033 903 1077 962 di·

101 1000 176 1044 cam.
210 981 352 1042 Animum
368 988 488 1042 constat
504 981 615 1041 animal
630 998 718 1056 esse,
734 997 803 1042 cum
817 983 886 1058 ipse
900 984 1026 1057 efficiat,
1043 988 1105 1046 uta

100 1068 196 1127 simus
210 1066 364 1139 animalia,
383 1067 434 1143 [ει]
451 1081 519 1124 cum
536 1065 640 1126 abillo
656 1065 797 1126 animalia
816 1081 926 1127 nomen
944 1067 1003 1127 hoc
1018 1077 1077 1129 tra·

99 1153 208 1211 xerint.
227 1151 321 1210 virtus
333 1158 432 1210 autem
448 1149 522 1209 nihil
536 1150 619 1209 aliud
632 1156 680 1209 est
694 1167 784 1225 quam
796 1149 916 1212 animus
932 1152 1077 1226 quodam·

98 1235 192 1295 modo
222 1249 256 1294 se
280 1234 414 1293 habens:
440 1248 513 1308 ergo
529 1234 639 1294 animal
662 1240 718 1294 εει.
754 1234 873 1294 Deinde
897 1236 992 1297 virtus
1018 1236 1079 1310 agit

101 1318 225 1394 aliquid.
249 1319 297 1394 agi
319 1325 419 1378 autem
440 1318 514 1377 nihil
540 1318 607 1376 sine
628 1318 732 1393 inpetu
753 1325 865 1392 potest.
894 1319 921 1377 si
942 1319 1078 1394 inpetum

99 1403 206 1477 habet,
230 1404 280 1478 qui
296 1403 368 1462 nulli
384 1409 431 1461 est
445 1401 504 1461 nisi
521 1401 657 1474 animali,
680 1401 789 1461 animal
805 1408 861 1462 est.
899 1401 952 1476 „sl
968 1400 1106 1463 animalt

100 1495 161 1562 est,
176 1485 289 1562 inquit,
312 1487 423 1559 virtus,
445 1485 537 1546 habet
550 1486 619 1560 ipsa
635 1487 806 1546 virtutem.“
843 1484 953 1559 Quidni
968 1486 1079 1546 habeat

99 1588 134 1631 se
150 1572 271 1646 ipsam?
286 1570 441 1645 quomodo
452 1571 576 1644 sapiens
590 1571 691 1630 omnia
707 1585 762 1645 per
777 1569 916 1632 virtutem
931 1571 1016 1645 gerit,
1033 1571 1079 1630 sic

98 1655 196 1716 virtus
212 1671 268 1730 per
282 1669 326 1714 se.
348 1654 458 1728 „Ergq
477 1653 581 1729 inquil,
597 1661 627 1714 et
641 1669 747 1714 omnes
760 1660 841 1714 artes
853 1655 994 1715 animalia
1008 1662 1080 1716 sunt

99 1746 129 1800 et
145 1739 262 1813 omnia,
284 1753 364 1813 quae
380 1738 548 1813 cogitamus
565 1754 705 1814 quaeque
727 1745 827 1798 mente
849 1739 1077 1814 conplectimur.

100 1824 254 1899 sequitur,
273 1829 305 1881 ut
325 1824 417 1882 multa
431 1823 512 1882 milia
527 1823 699 1882 animalium
719 1822 854 1883 habitent
868 1820 898 1882 in
916 1823 964 1882 his
983 1840 1077 1899 angu-

100 1907 166 1967 stiis
183 1907 316 1982 pectoris
338 1915 368 1967 et
388 1907 499 1981 singuli
519 1907 613 1967 multa
634 1906 731 1967 simus
754 1905 894 1967 animalia
915 1914 967 1967 aut
985 1908 1078 1967 mulla

99 1990 268 2071 habeamus
289 1991 457 2050 animalia.“
497 1989 639 2066 Quaeris,
664 1991 738 2065 quid
759 1991 910 2052 adversus
931 1991 1010 2051 istuc
1030 2007 1078 2051 re·

100 2075 310 2149 spondeatura
334 2089 539 2148 unaquaeque
561 2073 683 2135 existis
697 2091 748 2134 nes
765 2075 875 2134 aalmal
890 2075 960 2134 erit:
985 2078 1079 2136 multa

100 2159 241 2219 animalia
255 2175 317 2218 non
334 2166 430 2218 erunt.
460 2165 577 2233 quarel
604 2159 718 2230 dicam,
736 2157 763 2217 si
775 2157 847 2217 mihi
863 2158 1077 2219 adcommoda-

99 2245 181 2303 veris
200 2241 394 2303 subtilitatem
410 2248 440 2302 et
454 2242 649 2302 intentionem
666 2250 759 2303 tuam.
796 2241 922 2316 Singula
937 2242 1107 2302 animalia4

99 2327 236 2402 singulas
249 2326 363 2386 habere
381 2325 492 2385 debent
505 2326 702 2386 substantias.
717 2324 776 2385 ista
789 2326 891 2385 omnia
904 2342 998 2385 unum
1013 2324 1077 2384 ani-

99 2426 181 2471 mum
197 2410 318 2471 habent.
333 2409 437 2485 itaque
452 2410 573 2484 singula
588 2425 660 2470 esse
672 2416 812 2485 possunt,
827 2409 921 2468 mulla
932 2423 1004 2468 esse
1016 2425 1078 2468 non

99 2502 240 2570 possunt.
275 2495 341 2568 Ego
363 2502 393 2554 ει
414 2494 523 2553 animal
545 2510 613 2555 sum
629 2493 780 2565 ethomo,
802 2508 863 2553 non
882 2498 981 2552 tamen
998 2492 1077 2552 duos

100 2595 171 2639 esse
193 2580 288 2639 dices.
318 2586 434 2653 queret
464 2580 535 2654 quia
555 2578 688 2653 separati
708 2575 820 2636 debent
834 2591 920 2636 esser
942 2576 983 2635 ita
998 2575 1077 2649 dico,

100 2665 174 2724 alter
194 2664 232 2724 ab
246 2665 340 2722 altero
359 2663 450 2722 debet
464 2678 535 2722 esse
547 2661 697 2734 diductus,
713 2665 747 2720 ut
761 2659 823 2719 duo
837 2660 905 2721 sint.
929 2659 1079 2735 Quicquid

98 2745 129 2806 in
140 2763 204 2808 uno
216 2747 374 2822 multiplex
385 2753 440 2821 est,
449 2746 507 2807 sub
518 2762 609 2807 unam
622 2751 759 2805 naturam
769 2745 859 2804 cadit
870 2743 973 2820 itaque
984 2760 1078 2804 unum

100 2839 155 2892 est.
191 2832 229 2892 Et
243 2831 362 2891 animus
377 2847 464 2891 meus
480 2830 590 2890 animal
605 2836 654 2890 est
668 2835 698 2889 et
713 2844 770 2904 ego
783 2828 895 2889 enlmal
910 2844 993 2889 sum:
1016 2829 1106 2889 duod

99 2921 282 2976 tamennon
304 2930 420 2975 sumus.
458 2922 575 2989 quarel
611 2913 682 2990 quia
702 2913 822 2973 animus
843 2913 902 2973 mei
926 2929 997 2988 pars
1021 2919 1078 2973 est.

98 3000 183 3060 Tunc
203 2998 318 3075 aliquid
339 3015 395 3074 per
409 3015 445 3058 se
459 2998 680 3072 numerabitur,
696 3013 765 3058 curn
779 3012 835 3071 per
850 3012 885 3056 se
899 2995 1005 3057 stabit=
1026 2995 1079 3055 ubi

100 3098 174 3142 vero
203 3084 326 3143 alterius
353 3084 520 3142 membrum
546 3081 616 3154 erit,
647 3098 708 3141 non
736 3080 847 3155 poterit
868 3079 964 3139 videri
985 3078 1078 3139 aliud.

100 3175 217 3240 quaret
238 3167 352 3228 dicamz
370 3168 441 3243 quia
461 3165 545 3240 quod
559 3165 644 3225 aliud
654 3170 711 3235 est,
725 3179 814 3223 suurn
829 3168 949 3237 oportet
964 3176 1035 3220 esse
1049 3167 1080 3220 et

100 3250 258 3326 proprium
273 3259 303 3311 et
316 3259 410 3313 totum
425 3258 455 3310 et
468 3251 546 3309 intra
559 3263 594 3308 se
608 3247 791 3308 absolutum.
813 3245 879 3320 llgo
891 3244 922 3303 in
934 3244 993 3304 alia
1007 3249 1106 3304 osseo

99 3349 149 3393 me
169 3336 320 3395 sententia
342 3336 501 3410 professus
525 3349 602 3393 sum.
630 3346 692 3391 non
715 3329 795 3391 enim
812 3335 927 3389 tantum
949 3327 1079 3388 virtutes

99 3418 242 3479 animalia
257 3427 353 3493 erunt,
370 3418 467 3478 sibae
481 3416 635 3494 recipitur,
651 3415 708 3477 sed
720 3412 863 3490 obposita
879 3427 1004 3488 quoque
1018 3410 1077 3472 illis

99 3501 174 3563 vitia
191 3508 221 3562 ct
241 3503 395 3578 adlectus,
417 3511 571 3579 tamquam
589 3501 650 3576 ira,
669 3499 773 3574 timor,
793 3498 910 3572 luctus,
930 3495 1079 3572 suspicio.
