2468 3930
395 409 429 489 l.
453 404 592 489 llllll
620 407 789 497 tlllmt

443 559 496 610 At)
525 557 741 610 LUGlLlUM

143 675 631 777 EPISTULARUM
677 675 1034 781 Moutltttlt

496 846 632 911 LIBER
658 847 681 911 l.

454 1115 671 1173 EPISTULA
701 1117 721 1174 l.

353 1207 463 1260 sarraca
479 1211 592 1259 Lucrum
612 1221 664 1260 suo
684 1221 822 1264 sacurem.

163 1329 185 1387 l.
206 1328 252 1388 lta
264 1328 322 1402 lac,
335 1327 375 1386 mi
386 1327 490 1403 Lucili,
501 1328 624 1389 vindica
635 1336 665 1389 te
676 1328 738 1404 tibi,
750 1335 780 1388 et
793 1337 959 1405 tempus,
975 1330 1076 1404 quod
1094 1353 1105 1404 ι

101 1411 227 1472 adhuc
242 1419 308 1472 aut
322 1411 587 1485 auferebatur,
603 1420 667 1473 aut
683 1412 991 1488 subripiebatur,
1012 1423 1078 1476 aut

100 1495 328 1569 excidebat,
350 1494 497 1569 collige
517 1503 554 1556 et
574 1510 698 1556 serva.
719 1495 874 1558 Persuade
887 1497 941 1559 tibi
955 1497 1015 1559 hoc
1030 1499 1076 1560 sic

101 1593 182 1653 esse,
193 1586 226 1639 ut
240 1578 358 1640 scribo=
374 1577 525 1654 quaedam
538 1585 678 1655 tempora
689 1580 858 1656 eripiuntur
868 1580 967 1655 nobis,
983 1598 1076 1656 quae·

102 1663 172 1722 dam
187 1661 414 1736 subducuntur,
438 1662 590 1737 quaedam
609 1663 747 1724 eliluunt.
777 1664 956 1739 turpissima
974 1673 1076 1727 tamen

101 1751 150 1805 est
163 1746 294 1820 iactura,
314 1762 394 1821 quae
415 1760 472 1820 per
486 1747 709 1821 neglegentiam
723 1747 766 1807 fit.
788 1756 818 1809 et
832 1747 858 1808 si
872 1749 1007 1810 volueris
1023 1749 1077 1809 ad·

101 1829 241 1899 tendere,
256 1828 388 1890 maxima
402 1845 476 1906 pars
491 1828 571 1889 vitae
585 1830 714 1892 elabitur
728 1833 806 1892 male
821 1831 997 1907 agentibus,
1012 1848 1076 1892 ma·

100 1927 162 1986 gna
176 1911 250 1972 nibil
264 1913 439 1988 agentibus,
454 1920 518 1974 tota
530 1914 593 1974 vita
607 1914 688 1975 aliud
705 1915 874 1990 agentibus.
897 1915 992 1990 Quem
1003 1914 1076 1977 milri
1090 1932 1107 1984 a

102 1996 206 2070 dabis,
228 1995 280 2072 qui
300 1996 425 2072 aliquod
440 1997 571 2070 pretium
587 1999 715 2073 tempori
730 2006 839 2074 ponat,
861 1999 914 2074 qui
929 2000 1010 2061 diem
1024 2015 1075 2061 ae·

101 2080 216 2153 stimet,
229 2081 281 2155 qui
295 2079 449 2156 intellegat
459 2096 495 2141 se
506 2079 617 2141 cotidie
627 2083 724 2142 morit
733 2082 765 2143 in
775 2083 835 2144 hoc
845 2083 924 2143 enirn
937 2085 1075 2158 fallimur,

103 2163 187 2238 quod
207 2171 335 2224 mortem
356 2164 575 2239 prospicimusa
600 2180 712 2240 magna
731 2182 804 2241 pars
825 2167 892 2228 eius
912 2166 973 2229 iam
988 2181 1076 2243 prac-

101 2247 189 2307 teriit
218 2246 365 2323 quicquid
385 2247 491 2309 aetatis
512 2256 595 2310 retro
611 2255 672 2321 est,
693 2265 777 2310 mors
790 2257 882 2311 tenet
913 2249 974 2311 Fac
991 2266 1075 2325 ergo,

102 2331 142 2390 mi
156 2330 267 2405 Lucili,
291 2332 376 2406 quod
397 2333 499 2392 lacere
519 2340 550 2393 te
564 2330 691 2404 scribis,
713 2347 820 2393 omnes
834 2333 928 2393 horas
941 2334 1075 2407 comple·

101 2421 197 2475 ctere:
213 2414 260 2475 sic
271 2415 338 2489 liet,
352 2421 386 2476 ut
399 2413 499 2475 minus
512 2431 551 2476 ex
566 2415 698 2476 crastino
715 2415 868 2490 pendeas,
887 2416 914 2474 si
924 2414 1074 2476 hodierno

100 2513 221 2558 manum
237 2498 388 2558 inieceris.
412 2498 491 2559 Dum
506 2498 645 2560 differtur
659 2498 733 2573 vitu,
747 2499 934 2560 transcurrit.
957 2496 1073 2573 Omnia,
1088 2517 1107 2572 3

100 2581 211 2656 Lucili,
226 2580 324 2641 aliena
340 2589 424 2656 sunt,
441 2590 561 2656 tempus
576 2588 690 2644 tantum
704 2590 843 2645 nostrum
859 2591 915 2644 est
938 2583 968 2643 in
983 2583 1074 2645 huius

100 2664 145 2725 rei
163 2665 255 2725 unius
277 2666 394 2740 fugacis
415 2682 452 2725 ac
473 2665 607 2726 lubricae
629 2668 862 2741 possessionem
888 2675 996 2729 natura
1015 2683 1075 2728 nos

101 2748 195 2821 misit,
218 2764 257 2808 ex
278 2765 340 2824 qua
359 2747 483 2824 expellit
504 2749 689 2826 quicumque
706 2753 779 2812 vult.
808 2757 838 2812 et
851 2758 934 2812 tanta
950 2751 1076 2813 stultitia

101 2832 272 2892 mortalium
293 2838 355 2906 est,
375 2839 408 2894 ut
428 2848 507 2909 quae
529 2832 652 2893 minima
667 2841 697 2894 et
717 2832 865 2895 vilissima
885 2841 971 2908 suut,
993 2841 1075 2896 certe

100 2915 297 2990 reparabilia,
324 2916 456 2991 inputari
482 2915 556 2990 sibi,
582 2931 651 2977 cum
675 2917 882 2993 inpetravere,
912 2919 1073 2994 patiantur,

100 3015 188 3061 nemo
204 3015 240 3060 se
261 2997 376 3061 iudicet
393 3000 558 3075 quicquam
579 2999 708 3076 debere,
730 3002 782 3078 qui
802 3010 922 3076 tempus
945 3001 1073 3076 accepit,

100 3098 168 3144 cum
179 3082 300 3159 interim
314 3083 373 3144 hoc
386 3099 480 3145 unum
491 3089 552 3157 est,
568 3085 652 3158 quod
666 3101 706 3146 na
716 3091 821 3161 gratus
837 3086 958 3160 quidem
972 3091 1076 3160 potest

99 3166 238 3228 reddere.
261 3167 468 3242 Interrogabis
482 3168 628 3239 tortasse,
649 3169 722 3243 quid
737 3186 794 3245 ego
810 3167 935 3242 luciam,
953 3168 1006 3243 qui
1020 3165 1106 3230 tibia

100 3249 156 3311 ista
175 3248 347 3328 praecipio.
378 3251 496 3312 fatebor
511 3250 658 3326 ingenue:
683 3254 768 3328 quod
787 3252 870 3326 apud
883 3251 1074 3312 luxuriosum

100 3334 156 3395 sed
171 3335 349 3411 diligentem
363 3335 478 3409 evenit,
498 3335 576 3396 ratio
598 3335 671 3395 milri
688 3343 806 3396 constat
822 3335 980 3411 inpensae.
1012 3350 1073 3395 nou

101 3431 226 3492 possum
245 3418 350 3481 dicere
369 3416 442 3478 nibil
462 3418 607 3494 perdere,
630 3420 688 3480 sed
703 3419 777 3493 quid
793 3419 921 3494 perdam
935 3425 965 3480 et
979 3433 1075 3494 quare

886 3513 898 3565 l
907 3504 921 3539 Ἰ
