2468 3930
140 211 183 276 42
449 212 483 273 L.
504 212 652 274 ANNAEI
666 211 849 273 SENECAE

143 366 234 426 avida
247 364 375 426 felicitas
395 372 442 425 est
457 370 487 424 et
502 363 620 424 alienae
634 362 769 423 aviditati
784 362 937 438 exposita.
966 366 1121 439 'quamdiu

112 448 196 511 stibi
210 449 285 509 satis
300 448 373 508 nihil
390 448 493 523 luerit,
516 449 585 522 ipse
599 446 668 507 aliis
683 463 744 507 non
760 447 831 507 eris.
866 447 1058 522 „Quomodq
1076 450 1120 509 in·

143 533 227 609 quis,
257 532 386 592 61116111
427 532 608 607 Utcumque.
637 531 753 604 cogite,
778 547 870 606 quam
890 532 986 591 multa
1005 538 1121 593 temere

141 632 198 692 pro
220 617 366 691 pecunia,
390 631 480 690 quam
500 616 592 675 multa
612 613 767 674 laboriose
788 630 845 688 pro
859 614 977 675 honore
991 624 1120 691 tempta·

141 700 239 760 veris:
262 699 376 774 aliquid
396 705 426 758 et
446 715 503 773 pro
521 697 583 759 otio
599 697 773 758 audendum
788 705 850 773 est,
872 698 969 759 autin
984 699 1120 762 1616661-

141 783 296 843 licitudine
311 782 558 858 procurationum
574 788 604 841 et
620 781 731 841 deinde
745 781 931 842 urbanorum
947 782 1120 844 ciliciorum

143 866 368 928 senescendum
382 864 412 925 in
428 865 557 926 tumultu
571 879 607 924 66
624 879 747 939 semper
760 866 849 925 novis
864 864 1023 938 fluctibus,
1039 883 1119 942 quos

142 949 279 1025 effugere
293 950 376 1010 nulla
389 949 554 1020 modestia,
578 950 660 1008 nulla
674 948 754 1007 vitae
769 949 871 1023 quiete
885 948 1020 1024 contigit.
1045 950 1119 1027 quid

143 1035 221 1093 enim
237 1034 276 1093 ad
290 1049 353 1093 rom
367 1035 512 1108 pertinet,
534 1049 572 1091 an
588 1039 622 1092 tu
636 1031 798 1106 quiescere
815 1030 914 1091 velis?
934 1033 1055 1094 lortuna
1069 1041 1120 1096 tua

143 1134 204 1179 non
229 1118 302 1178 vult.
342 1117 416 1192 quid
442 1115 535 1178 611111
560 1116 732 1175 etiamnunc
757 1115 934 1190 permiseris
958 1123 1121 1177 cresceret

145 1207 290 1278 quantum
322 1202 362 1260 ad
387 1215 554 1261 successus
581 1199 762 1274 accesserit,
795 1199 923 1259 accedet
946 1201 986 1260 ad
1010 1210 1118 1262 metus.

113 1287 222 1346 9Volo
242 1285 297 1345 tibi
317 1285 377 1346 hoc
397 1286 466 1344 loco
492 1284 608 1343 relerre
629 1281 741 1342 dictum
764 1282 964 1343 Maecenatist
990 1299 1066 1344 vera
1089 1285 1118 1344 in

143 1371 213 1444 ipso
234 1370 341 1428 eculeo
362 1366 480 1427 docuit:
508 1369 594 1441 „epra
614 1369 691 1426 enim
712 1368 836 1427 altitudo
850 1372 964 1428 6116111
976 1373 1119 1449 61116161ι

144 1455 170 1512 si
193 1451 331 1526 quaeris,
359 1451 389 1509 in
416 1466 477 1524 quo
501 1450 578 1510 libro
606 1449 730 1509 dixerit=
761 1451 791 1509 in
811 1465 865 1524 eo,
896 1451 948 1527 qui
968 1450 1120 1513 Prome·

143 1535 257 1596 theus
289 1532 473 1595 inscribitur.
517 1532 578 1593 1166
603 1534 699 1594 voluit
725 1533 842 1607 dicere,
885 1537 1011 1596 attonita
1035 1536 1121 1598 habet

142 1634 266 1680 summo.
298 1616 353 1677 Est
367 1632 441 1691 ergo
456 1619 528 1678 tanti
542 1618 605 1677 ulla
618 1617 768 1692 potentia,
789 1626 823 1678 ut
833 1617 872 1677 sit
882 1619 935 1679 tibi
945 1625 1007 1679 tam
1019 1619 1117 1680 ebrius

145 1707 268 1762 sermot
302 1701 482 1774 Ingeniosus
499 1699 546 1760 111
559 1699 609 1761 ille
624 1703 693 1775 luit,
713 1717 856 1776 magnum
872 1703 1048 1777 exemplum
1059 1704 1119 1765 Ro·

143 1801 251 1846 manae
265 1785 458 1859 eloquentiae
470 1786 611 1858 daturus,
627 1784 1120 1860 11611111116161166661161161166,

144 1871 234 1929 immo
251 1875 430 1930 castrassem
451 1868 501 1929 hic
516 1876 546 1929 te
561 1869 661 1929 exitus
677 1875 794 1942 manet,
816 1870 875 1929 nisi
886 1869 946 1929 iam
958 1870 1120 1931 6611161166

145 1952 227 2024 vela,
250 1951 324 2026 nisi,
347 1954 431 2027 quod
444 1953 495 2013 ille
510 1968 581 2013 sero
598 1950 707 2026 voluit,
729 1960 839 2012 terram
854 1954 949 2029 leges.

103 2044 137 2096 10
205 2034 345 2096 Poteram
360 2043 458 2097 tecum
473 2036 532 2097 hac
542 2037 729 2096 Maecenatis
741 2037 891 2098 sententia
901 2053 1006 2112 parem
1020 2039 1121 2098 lacere

144 2120 302 2180 rationem.
330 2120 387 2180 sed
409 2118 548 2181 movebis
571 2119 644 2181 mihi
665 2122 919 2196 controversiam,
946 2121 974 2182 si
993 2122 1066 2183 novi
1083 2128 1120 2192 te,

145 2219 202 2263 166
218 2204 303 2264 voles
320 2203 405 2279 quod
420 2204 534 2279 debeo,
553 2204 584 2264 in
599 2219 710 2278 aspero
726 2211 756 2264 et
771 2205 902 2278 inprobo
915 2205 1068 2280 accipere.
1088 2211 1122 2266 ut

146 2302 180 2348 se
200 2303 251 2347 res
268 2287 374 2363 habet,
395 2287 433 2348 ab
447 2286 581 2363 Epicuro
598 2303 726 2347 versura
740 2288 881 2348 iacienda
895 2296 951 2350 est.
986 2290 1120 2362 „Ante‚

144 2369 250 2446 inquit,
269 2370 662 2446 circumspiciendum
680 2377 753 2446 est,
777 2388 856 2431 cum
873 2372 1015 2447 quibus
1030 2373 1121 2433 edas

145 2463 181 2515 61
201 2454 327 2529 bibas,
357 2472 467 2530 quam
488 2453 580 2530 quid
602 2456 696 2515 edas
719 2463 755 2516 et
775 2455 897 2515 bibas·
931 2472 1013 2515 nam
1037 2456 1121 2517 sine

102 2538 263 2599 llamico
284 2539 501 2600 visceratio
523 2539 651 2598 leo‘nis
673 2555 717 2598 ac
739 2539 822 2614 lupi
838 2538 1025 2600 vitaest.“
1055 2540 1122 2600 Hoc

145 2638 207 2682 non
222 2621 377 2696 continget
390 2622 459 2695 tibi,
482 2620 540 2680 nisi
552 2621 737 2682 secesseris:
760 2621 895 2698 alioquin
907 2621 1037 2684 habebis
1050 2638 1120 2684 con·

95 2759 101 2769 ,
144 2705 247 2776 vivas,
271 2721 350 2778 quos
366 2722 405 2764 ex
420 2703 507 2766 turba
522 2705 713 2765 salutantium
728 2708 937 2767 nomenclator
949 2706 1122 2781 digesserit

146 2793 226 2846 errat
236 2794 344 2860 autem,
355 2787 803 2864 quiamicuminatrioqucerit,
813 2791 843 2850 in
851 2790 1122 2865 convivioprobat.

145 2870 265 2930 Nullum
279 2870 372 2930 habet
386 2872 483 2932 maius
499 2874 611 2932 malum
626 2879 795 2947 occupatus
810 2874 902 2935 homo
915 2881 945 2933 et
955 2873 1046 2934 bonis
1058 2871 1123 2934 suis

147 2954 313 3026 obsessus,
332 2971 422 3030 quam
439 2957 522 3030 quod
538 2957 654 3016 amicos
669 2956 728 3016 sibi
741 2964 839 3032 putat,
857 2957 969 3032 quibus
981 2955 1051 3032 ipse
1061 2972 1123 3016 non

146 3044 208 3109 est,
232 3039 315 3112 quod
334 3038 483 3099 beneficia
503 3057 559 3100 sua
579 3040 717 3099 efficacia
730 3041 843 3102 iudicat
857 3041 897 3101 ad
913 3040 1124 3101 conciliandos

146 3121 277 3196 amicos,
301 3138 370 3182 cum
391 3124 528 3197 quidam,
553 3141 613 3199 quo
636 3125 705 3197 plus
728 3123 853 3196 debent,
876 3123 972 3198 magis
989 3123 1124 3185 oderint:

104 3206 214 3270 mleve
229 3220 282 3266 aes
297 3207 428 3266 alienum
443 3206 611 3268 debitorem
627 3208 711 3280 lacit,
729 3223 822 3281 grave
833 3206 996 3268 inimicum.
1026 3206 1125 3282 „outo

147 3296 244 3365 ergo?
270 3289 421 3351 beneficia
446 3307 505 3351 non
533 3299 641 3365 parant
662 3289 850 3351 amicitiast“
882 3298 1005 3367 parant,
1029 3292 1057 3352 si
1074 3306 1125 3353 ac·

147 3380 292 3447 cepturos
320 3375 403 3435 licuit
424 3374 550 3448 eligere,
579 3374 606 3433 si
628 3376 802 3448 conlocata,
830 3381 891 3435 non
913 3383 1125 3449 sparserunt

146 3455 253 3530 ltaque
268 3457 339 3516 dum
354 3456 464 3532 incipis
480 3473 550 3520 6666
564 3457 674 3519 mentis
691 3464 775 3531 tuac,
791 3458 910 3519 interim
921 3458 982 3520 hoc
994 3458 1126 3521 consilio
