2468 3930
267 246 437 310 EPISTUL.
451 248 545 310 MOR.
566 249 703 312 trevi.
724 249 783 310 EP.
793 259 820 312 4.
844 256 915 322 (56.)
1018 248 1080 313 117

89 400 172 476 pius
190 395 352 474 vestigium
366 399 502 474 ponitur:
524 402 585 461 huc
604 401 715 477 nempe
731 410 871 463 versatur
888 411 979 478 atque
994 403 1079 475 illuc,

101 499 243 544 somnum
258 482 336 543 inter
351 482 556 557 aegritudines
574 488 672 546 levem
691 485 829 561 captansss
854 503 934 563 quae
949 503 1010 546 non
1026 503 1080 546 au-

101 568 160 639 dit,
178 567 303 628 audisse
319 581 354 626 se
369 569 514 642 queritur.
543 568 621 643 Quid
636 571 666 628 in
682 586 776 631 causa
792 578 881 646 putas
904 577 997 631 esset
1017 571 1109 633 ani-8

101 667 171 712 mus
186 650 228 710 illi
242 650 403 725 obstrepit.
431 651 481 712 hic
495 653 664 727 placandus
679 661 740 727 est,
756 654 847 715 huius
863 655 1081 730 conpescenda

101 734 214 796 seditio
229 743 294 805 est,
319 750 409 810 quem
429 744 562 796 nonest
585 732 668 813 duod
684 738 840 799 existimes
863 739 1031 814 placidum,
1054 736 1081 796 si

103 820 185 879 iacet
199 832 324 892 corpus.
346 818 496 880 interdum
514 821 602 894 quies
619 820 755 896 inquieta
771 830 827 882 est.
849 830 880 882 et
892 822 963 882 ideo
979 822 1018 882 ad
1033 836 1080 880 re-

105 918 170 967 rum
188 909 275 962 actus
292 902 444 962 excitandi
459 919 496 962 ac
511 905 689 964 tractatione
703 905 851 964 bonarum
867 907 973 966 artium
990 921 1080 965 occu-

102 985 197 1062 pandi
215 1001 335 1058 sumus,
357 986 500 1060 quotiens
521 1004 579 1047 nos
599 989 678 1046 male
698 986 788 1048 habet
808 989 915 1049 inertia
933 990 979 1048 sui
994 989 1078 1062 inpa-

101 1071 191 1130 tiens.
207 1069 309 1142 Magni
319 1068 529 1143 imperatores,
542 1087 611 1130 cum
622 1071 701 1130 maie
715 1086 822 1145 parere
834 1072 956 1130 militem
968 1073 1108 1144 vidente

103 1153 208 1229 aliquo
220 1152 325 1212 labore
335 1161 526 1228 conpescunt
535 1160 565 1213 et
575 1154 823 1229 expeditionibus
834 1155 982 1214 detinent:
994 1170 1080 1214 num·

104 1253 199 1312 quam
216 1238 307 1295 vacat
326 1237 467 1296 lascivire
496 1237 640 1299 districtis
660 1238 796 1312 nihilque
816 1245 877 1298 tam
897 1245 1012 1298 certum
1034 1242 1082 1297 est

103 1336 198 1394 quam
213 1320 265 1380 otii
280 1318 353 1380 vitia
367 1323 488 1395 negotio
505 1321 625 1382 discuti.
647 1320 747 1396 Saepe
763 1321 902 1383 videmur
915 1321 1016 1383 taedio
1032 1335 1080 1379 re-

102 1421 171 1464 rum
187 1402 318 1463 civilium
333 1410 362 1463 et
375 1404 505 1465 infelicis
518 1412 610 1480 atque
623 1405 758 1480 ingratae
771 1404 910 1466 stationis
922 1405 1080 1482 poeniten-

103 1489 146 1548 tia
166 1488 352 1547 secessisse=
373 1494 473 1548 tamen
493 1489 524 1549 in
539 1489 589 1548 illa
604 1490 736 1563 latebra,
756 1488 786 1548 in
810 1507 902 1564 quam
919 1506 976 1551 nos
992 1490 1082 1550 timor

105 1588 143 1632 ac
158 1572 307 1631 lassitudo
327 1570 472 1646 coniecit,
495 1573 645 1632 interdum
660 1573 849 1634 recrudescit
864 1574 996 1634 ambitio.
1019 1587 1081 1632 non

106 1655 186 1715 enim
207 1655 313 1714 excisa
333 1655 437 1726 desiit,
460 1658 516 1716 sed
538 1655 662 1732 latigata
683 1665 735 1717 aut
750 1658 839 1718 etiam
856 1659 973 1719 obirata
987 1657 1080 1716 rebus

106 1755 213 1814 parum
228 1738 287 1797 sibi
303 1738 492 1799 cedentibus.
514 1740 596 1799 Idem
614 1741 652 1800 de
668 1740 787 1802 luxuria
802 1742 887 1815 dico,
904 1758 982 1817 quae
998 1741 1124 1799 vide-lo

106 1831 156 1882 tur
167 1822 333 1906 aliquando
346 1821 496 1896 cessisse,
511 1824 622 1883 deinde
632 1825 833 1898 frugalitatem
847 1827 1007 1901 professos
1020 1824 1081 1883 sol·

107 1906 198 1966 licitat
218 1912 309 1980 atque
328 1905 357 1964 in
373 1905 473 1965 media
489 1907 675 1982 parsimonia
690 1909 862 1983 voluptates
879 1926 940 1969 non
958 1910 1081 1969 damna-

106 1995 171 2063 tas,
192 1989 248 2048 sed
267 1990 388 2048 relictas
410 1990 497 2063 petit,
520 1998 549 2050 et
572 1991 694 2065 quidem
715 2007 752 2052 eo
773 1992 997 2065 vehementius
1020 2005 1081 2065 quo

107 2072 265 2132 occultius.
289 2073 390 2133 omnia
403 2074 484 2132 enim
498 2075 570 2133 vitia
583 2075 613 2134 in
630 2083 736 2150 aperto
754 2076 869 2137 leviora
885 2085 970 2136 sunt:
986 2073 1082 2134 morbi

108 2171 233 2231 quoque
248 2162 320 2216 tunc
335 2157 374 2216 ad
387 2158 546 2218 sanitatem
560 2156 720 2231 inclinant,
738 2175 806 2218 cum
819 2175 858 2218 ex
869 2159 971 2220 abdito
984 2174 1082 2218 erum-

106 2246 183 2315 punt
197 2255 234 2299 ac
250 2240 311 2299 vim
326 2256 414 2300 suam
431 2242 595 2316 proterunt.
623 2243 660 2302 Et
675 2241 831 2301 avaritiam
852 2243 954 2317 itaque
975 2250 1005 2302 et
1020 2257 1082 2301 am·

105 2323 252 2383 bitionem
267 2331 297 2383 et
312 2324 412 2383 cetera
427 2326 506 2384 maia
519 2324 629 2385 mentis
640 2325 791 2384 humanae
802 2333 874 2385 tunc
887 2325 1081 2399 perniciosis-

106 2407 185 2466 sima
200 2407 281 2466 scias
296 2422 382 2481 esse,
403 2424 472 2468 cum
486 2409 626 2469 simulata
648 2406 776 2468 sanitate
791 2407 964 2468 subsidunt.
988 2405 1083 2467 Otiosi
1093 2414 1124 2466 11

109 2490 247 2550 videmur
268 2498 298 2550 et
321 2506 383 2550 non
404 2508 536 2552 sumus·
552 2508 623 2552 nam
638 2490 666 2551 si
678 2492 760 2551 bona
776 2491 837 2551 fide
852 2507 973 2560 sumus,
995 2490 1022 2551 si
1036 2505 1082 2548 re-

107 2574 210 2648 captui
222 2573 403 2647 cecinimus,
419 2576 446 2636 si
458 2576 603 2651 speciosa
615 2575 850 2649 contemnimus,
865 2583 899 2635 ut
910 2575 1002 2649 paulo
1014 2579 1083 2633 ante

107 2656 262 2730 dicebam,
279 2658 362 2717 nulla
375 2675 425 2720 res
441 2676 499 2720 nos
513 2660 669 2734 avocabit,
684 2660 785 2719 nullus
800 2659 956 2720 hominum
967 2658 1082 2718 avium·

108 2755 170 2816 que
182 2748 350 2801 concentus
365 2743 563 2818 interrumpet
577 2743 778 2818 cogitationes
792 2744 891 2805 bonas
904 2743 1083 2816 solidasque

106 2825 168 2884 iam
183 2831 213 2884 et
227 2831 335 2884 certas.
362 2825 444 2886 Leve
465 2828 538 2887 illud
560 2827 713 2902 ingenium
734 2834 782 2888 est
800 2844 858 2889 uec
873 2844 908 2888 sc
923 2827 1022 2886 adhuc
1037 2841 1083 2884 re·
1092 2837 1126 2890 12

107 2908 196 2968 duxit
215 2908 380 2981 introrsus,
409 2911 492 2985 quod
513 2912 550 2970 ad
573 2927 681 2971 vocem
703 2919 734 2971 et
758 2911 927 2972 accidentia
949 2911 1081 2984 erigitur.

105 2990 207 3051 Habet
220 2992 302 3053 intus
317 2993 430 3067 aliquid
447 2994 658 3054 sollicitudinis
671 3003 701 3055 et
714 2994 805 3055 habet
817 2995 931 3070 aliquid
944 2992 1083 3066 concepti

107 3074 244 3148 pavoris,
258 3076 340 3149 orrod
352 3075 436 3136 illum
448 3078 601 3138 curiosum
615 3079 693 3151 lacit,
705 3086 738 3138 ut
749 3079 790 3139 ait
796 3078 951 3152 Vergilius
962 3082 1083 3136 noster:

170 3165 200 3219 et
210 3175 271 3232 me,
286 3176 371 3234 quem
386 3161 498 3220 dudum
512 3177 570 3221 non
586 3164 649 3221 ulla
665 3165 773 3222 iniecta
788 3163 940 3222 movebant

170 3245 231 3302 tela
246 3260 339 3318 neque
352 3245 478 3304 aduerso
489 3248 648 3319 glomerati
658 3262 698 3304 cx
709 3248 827 3319 agmine
843 3246 935 3315 Graii,

171 3342 253 3387 nunc
266 3343 364 3388 omnes
377 3333 489 3388 terrent
502 3344 612 3400 aurae,
626 3345 715 3388 sonus
728 3330 841 3387 excitat
853 3329 946 3387 omnis

170 3426 343 3486 aspersum
356 3417 386 3472 et
393 3415 514 3486 pariter
527 3413 680 3485 comitique
696 3413 835 3485 onerique
852 3412 1006 3471 timentem.

106 3490 196 3554 Prior
209 3493 260 3554 ille
273 3495 398 3570 sapiens
411 3502 472 3567 est,
490 3510 581 3569 quem
596 3509 657 3555 non
672 3494 733 3554 tela
748 3493 911 3564 vibrantia,
928 3510 989 3554 ηοη
1007 3495 1127 3557 arie-1³
