2468 3930
261 240 542 303 tumescentes.
561 240 634 302 LIB.
646 242 708 301 Vll.
729 242 789 304 ΕΡ.
801 250 827 304 4.
849 246 920 318 (66.)
1015 241 1076 305 145

100 399 249 459 Virtutem
264 391 391 455 materia
410 408 473 452 non
488 399 596 454 mutat:
618 409 676 453 nec
694 395 830 470 peiorem
851 395 924 456 lacit
945 394 1022 454 dura
1039 405 1118 458 ac15

100 480 252 560 difficilis,
266 494 325 539 nec
339 475 495 537 meliorem
508 476 613 537 hilaris
629 485 658 537 et
674 478 768 538 laeta:
800 493 931 539 necesse
943 484 991 538 est
1002 494 1076 553 ergo

99 565 221 642 parsit
252 564 284 623 in
298 560 521 635 ut1·aqueenim
540 561 624 636 quod
638 561 686 636 fit,
708 577 808 637 aeque
821 569 905 623 recte
918 562 961 634 fit,
977 577 1077 636 aeque

99 648 284 726 prudenter,
299 660 398 720 aeque
409 644 552 705 honeste:
575 659 649 719 ergo
661 646 801 719 aequalia
813 653 884 707 sunt
893 645 984 719 bona,
999 649 1078 707 ultra

101 746 184 808 quae
196 746 256 790 nec
270 730 320 789 hic
335 735 439 804 potest
452 744 487 788 se
508 728 618 788 melius
633 729 664 787 in
686 729 747 790 hoc
768 730 881 805 gaudio
896 745 1004 805 gerere
1019 745 1077 791 nec

100 816 153 877 ille
171 815 281 875 melius
298 812 329 871 in
351 810 411 871 illis
431 811 630 871 cruciatibus:
651 813 712 872 duo
733 821 848 888 autem,
871 814 983 889 quibus
1003 813 1077 874 nihil

100 896 294 961 herinatius
309 901 425 971 potest,
448 896 533 970 paria
548 902 628 955 sunt.
660 895 737 955 Nam
753 895 795 968 si,
820 912 900 972 quae
914 905 1001 956 extra
1014 897 1075 956 vir·
1085 908 1119 962 16

99 989 197 1044 tutem
210 981 313 1057 posita
327 984 413 1053 sunt,
429 985 481 1039 aut
493 980 630 1040 minuere
645 978 726 1039 illam
742 986 795 1040 aut
808 996 921 1055 augere
935 989 1075 1055 possunt,

102 1066 216 1127 desinit
228 1079 322 1124 unum
335 1063 449 1123 bonum
464 1077 550 1136 esse,
574 1062 658 1136 quod
676 1062 849 1123 honestum.
883 1062 911 1122 si
930 1062 990 1123 hoc
1005 1078 1077 1124 con-

102 1148 252 1220 cesseris,
267 1161 358 1207 omne
372 1146 534 1206 honestum
550 1145 647 1220 periit.
673 1153 789 1220 quare?
811 1146 926 1206 dicam:
947 1146 1020 1221 quia
1034 1148 1078 1207 ni·

101 1233 145 1292 hil
169 1232 332 1293 honestum
359 1236 422 1303 est,
449 1231 532 1304 quod
560 1228 598 1288 ab
624 1229 734 1303 invito,
758 1229 842 1305 quod
868 1235 1007 1290 coactum
1034 1231 1077 1290 fit

101 1315 199 1377 Omne
211 1315 375 1374 honestum
392 1313 594 1374 voluntarium
611 1321 675 1373 esta
697 1312 833 1374 admisce
854 1314 895 1373 illi
918 1313 1078 1388 pigritiam,

102 1401 276 1476 querelam,
305 1396 602 1471 tergiversationem,
623 1403 752 1458 memma
775 1398 858 1472 quod
877 1396 969 1458 habet
991 1397 1079 1456 inse

102 1485 265 1559 optimum,
286 1480 433 1556 perdidit,
454 1480 513 1540 sihi
532 1482 664 1556 placere.
706 1481 774 1542 Non
795 1488 897 1556 potest
916 1479 1079 1542 honestum
1176 1523 1181 1532 ,

102 1583 191 1639 esse,
223 1566 308 1640 quod
330 1581 392 1626 non
414 1572 462 1624 est
480 1563 618 1624 liberum.
649 1580 720 1624 nom
746 1566 831 1640 quod
855 1565 953 1639 timet,
973 1563 1077 1625 servit.

101 1652 274 1713 Honestum
289 1664 379 1709 omne
393 1663 534 1708 securum
552 1653 614 1707 est:
629 1649 823 1723 tranquillum
838 1655 900 1708 est:
915 1649 941 1707 si
955 1654 1080 1709 recusat
1087 1648 1119 1706 17

104 1733 236 1811 aliquid,
259 1732 472 1806 siconplorat,
493 1731 520 1791 si
541 1732 653 1792 malum
669 1731 798 1807 iudicat,
821 1730 1079 1807 perturbationem

102 1818 222 1893 recepit
232 1823 263 1878 et
273 1817 304 1874 in
320 1830 430 1889 magna
446 1815 604 1876 discordia
619 1816 781 1877 volutatur.
819 1815 891 1876 hinc
909 1815 990 1876 enim
1008 1832 1079 1892 spe

103 1903 169 1962 cies
184 1900 260 1961 recti
274 1905 381 1973 vocat,
402 1898 485 1958 illinc
499 1898 636 1974 suspicio
651 1899 721 1959 mali
736 1898 870 1959 retrahit.
907 1899 1011 1975 itaque
1027 1898 1080 1976 qui

102 1985 235 2046 honeste
259 1983 376 2057 ahquid
400 1983 535 2043 tacturus
561 1990 623 2056 est,
656 1983 803 2058 quicquid
827 1983 1006 2058 obponltur‚
1038 1985 1079 2058 id,

103 2066 226 2130 etiamsi
238 2066 465 2128 incommodum
480 2071 579 2141 putat,
601 2068 714 2127 mulum
728 2083 790 2127 non
805 2074 905 2141 putet,
927 2069 1013 2141 velit,
1044 2066 1080 2129 li·

102 2153 184 2213 bens
199 2151 299 2212 iaciat.
322 2165 412 2210 omne
426 2149 587 2210 honestum
605 2150 756 2212 iniussum
772 2149 1009 2226 incoactumque
1023 2157 1080 2226 est,

104 2237 259 2297 sincerum
275 2240 306 2294 et
319 2234 392 2293 nulli
407 2233 487 2294 malo
500 2234 637 2293 mixtum.
666 2234 753 2305 Scio,
778 2233 851 2308 quid
865 2233 938 2293 mihi
951 2250 1081 2309 respon·
1088 2239 1123 2295 18

104 2320 172 2380 deri
181 2318 242 2378 hoc
255 2319 325 2379 loco
338 2317 451 2392 possit:
466 2316 547 2390 „hoc
558 2316 647 2378 nobis
659 2316 849 2391 persuadere
859 2318 990 2392 conaris,
1007 2317 1080 2376 nihil

104 2401 273 2476 interesse,
292 2409 393 2462 utrum
407 2400 520 2476 aliquis
534 2402 565 2459 in
580 2401 692 2474 gaudio
708 2401 798 2460 sitan
814 2399 845 2458 iu
858 2402 965 2461 eculeo
982 2401 1082 2460 iaceat

104 2502 142 2547 uc
156 2493 304 2546 tortorem
322 2500 411 2545 suum
424 2485 551 2544 lasset“
580 2483 722 2545 Poteram
741 2482 948 2557 respondere:
967 2481 1080 2558 Epicu·

103 2585 159 2631 rus
175 2584 301 2644 quoque
314 2568 357 2629 ait
369 2565 553 2643 sapientem,
577 2569 604 2628 si
623 2569 653 2627 in
668 2566 836 2627 Phalaridis
852 2573 939 2627 tauro
954 2582 1080 2642 perura-

103 2659 167 2726 tur,
187 2653 442 2713 exclamatummz
470 2652 580 2727 „dulce
595 2660 643 2713 est
664 2660 695 2713 et
719 2650 828 2711 adme
853 2650 894 2711 nil
915 2651 1081 2725 pertinet=“

105 2735 182 2812 quid
192 2724 335 2811 imitaris,
358 2737 385 2795 si
405 2750 463 2809 ego
487 2735 572 2810 paria
592 2736 674 2795 bona
695 2734 763 2795 dico
778 2733 870 2795 unius
891 2736 922 2794 in
939 2735 1081 2797 convivio

103 2819 250 2893 iacentis,
271 2820 396 2880 alterius
411 2819 489 2878 inter
507 2827 656 2880 tormenta
676 2819 841 2879 fortissime
859 2820 989 2880 stantlst
1013 2835 1082 2879 cum

105 2904 194 2980 quod
217 2903 425 2964 incredibilius
445 2909 507 2977 est,
531 2903 612 2963 dicat
631 2903 799 2976 Epicurus,
820 2902 911 2962 dulce
931 2919 1003 2964 esse
1024 2911 1082 2964 tor·

103 2991 174 3050 rau.
217 2987 256 3047 Et
273 2986 334 3048 hoc
353 2987 547 3061 respondeo,
567 2985 729 3061 plurimum
745 2986 896 3046 interesse
915 2988 994 3047 inter
1008 2991 1124 3062 gau-19

105 3071 191 3132 dium
216 3078 248 3132 et
271 3070 423 3142 dolorem,
445 3068 473 3130 si
494 3077 659 3144 quaeratur
683 3071 805 3131 electio:
827 3069 954 3130 alterum
969 3077 1082 3145 petam,

104 3156 234 3216 alterum
248 3151 363 3214 vitabo.
390 3153 466 3213 illud
481 3155 652 3214 secundum
667 3161 805 3214 naturam
819 3160 876 3225 est,
891 3152 951 3213 hoc
967 3158 1081 3212 contra.

105 3237 260 3314 Quamdiu
272 3239 318 3298 sic
333 3237 545 3312 aestimantur,
567 3255 679 3313 magno
699 3237 778 3297 inter
795 3252 830 3296 se
845 3236 997 3296 dissident
1011 3252 1082 3309 spu·

103 3323 164 3384 tice
176 3337 246 3384 cum
259 3321 301 3382 ad
315 3321 455 3381 virtutem
469 3328 591 3382 ventum
606 3329 662 3395 est,
678 3328 808 3395 utraque
827 3335 885 3394 par
899 3327 947 3380 est
961 3328 1083 3395 atquae

105 3421 165 3483 per
175 3406 257 3466 laeta
272 3404 414 3481 procedit
427 3412 457 3465 et
472 3421 552 3480 quae
565 3423 622 3481 per
635 3405 740 3466 tristia.
774 3403 895 3463 Nullum
910 3403 1002 3465 habet
1018 3411 1125 3465 moue

106 3496 241 3552 mentum
265 3489 388 3550 vexato
411 3493 442 3548 et
461 3488 551 3552 dolor
570 3498 601 3551 et
620 3487 767 3568 quicquid
788 3488 871 3549 aliud
895 3487 1083 3550 incommodi

149 3593 334 3634 emonem.
353 3577 398 3634 111.
885 3581 919 3634 10
