2468 3930
391 395 589 479 ulllllt
615 394 785 478 saltatu

454 549 503 599 AD
532 547 723 601 LUCILIUM

141 663 633 766 EPISTULARUM
675 663 1032 764 lllerlblUll

488 830 621 894 LIBER
648 831 687 894 11.

523 989 654 999 .—

411 1114 627 1173 EPISTULA
648 1118 668 1171 l.
692 1117 762 1187 (13.)

351 1211 466 1279 Seneca
479 1213 590 1264 Lucmro
612 1224 664 1263 suo
684 1223 823 1266 susurru.

162 1314 290 1374 Multum
306 1314 359 1375 tibi
374 1331 445 1377 esse
460 1317 550 1376 animi
566 1314 642 1377 saio.
666 1315 838 1376 nemetiam
855 1321 1017 1389 antequam
1032 1314 1075 1374 in·
1092 1336 1106 1390 2

99 1406 234 1459 strueres
255 1405 285 1460 tc
307 1400 481 1475 praeceptis
507 1400 691 1461 salutaribus
717 1407 747 1460 et
771 1401 848 1460 dura
874 1398 1075 1475 vincentibus,

100 1483 176 1543 satis
203 1482 354 1545 adversus
378 1485 531 1544 fortunam
554 1483 698 1559 placebas
720 1484 787 1557 tibi,
810 1492 840 1544 et
859 1483 1075 1559 multomagis,

100 1574 266 1642 postquam
282 1583 349 1628 cum
369 1568 420 1628 illa
434 1584 557 1629 manum
573 1569 756 1628 conseruisti
771 1568 914 1644 viresque
929 1577 1075 1643 expertus

99 1667 135 1712 es
150 1657 234 1724 tuas,
260 1668 340 1727 quae
359 1668 525 1727 numquam
548 1659 660 1713 certam
681 1654 755 1712 dare
774 1652 917 1713 fiduciam
938 1652 987 1712 sui
1002 1669 1074 1727 pos-

100 1742 188 1808 sunt,
204 1735 262 1795 nisi
276 1751 344 1797 cum
360 1737 472 1797 multae
487 1735 681 1797 difficultates
696 1735 767 1796 hina
783 1743 813 1798 et
826 1737 907 1796 illino
922 1737 1073 1811 adparue·

99 1824 185 1892 runt,
210 1819 374 1894 aliquando
396 1828 517 1882 verost
540 1821 667 1896 propius
682 1827 894 1881 accesserunt=
923 1820 968 1880 sio
981 1837 1075 1881 verus

99 1902 150 1963 ille
170 1903 289 1963 animus
311 1912 342 1964 et
363 1904 392 1963 in
408 1905 539 1965 alienum
554 1920 615 1965 non
631 1910 778 1964 venturus
794 1904 955 1965 arbitrium.
963 1903 1073 1979 proba-

99 1994 157 2047 tur.
185 1985 262 2048 haee
282 1988 348 2048 eius
371 1988 503 2048 obrussa
524 1995 580 2048 est.
608 1989 676 2048 Non
698 1995 802 2064 potest
821 1989 932 2048 athleta
946 1997 1106 2063 magnast

99 2068 227 2145 spiritus
248 2071 286 2131 ad
307 2079 457 2132 certamen
479 2072 614 2145 adferre,
636 2073 688 2147 qui
709 2088 874 2146 numquam
895 2071 1074 2146 suggillatus

99 2160 163 2214 est:
186 2152 256 2227 ille,
280 2157 332 2230 qui
352 2156 531 2230 sanguinem
553 2173 642 2216 suum
662 2156 752 2230 vidit,
775 2155 862 2217 cuius
886 2156 993 2216 dentes
1009 2171 1074 2216 cre·

99 2252 196 2312 puero
210 2239 268 2300 sub
284 2254 402 2314 pugno,
418 2240 482 2312 ille,
498 2241 550 2315 qui
562 2242 774 2314 supplantatus
786 2240 995 2300 adversarium
1010 2245 1074 2300 toto

99 2322 167 2382 tulit
187 2336 317 2397 corpore
337 2340 396 2384 nec
417 2325 544 2399 proiecit
564 2323 695 2384 animum
716 2321 887 2398 proiectus,
907 2322 960 2396 qui
976 2323 1074 2397 quoti·

100 2419 155 2463 ens
173 2405 296 2480 recidit,
318 2408 527 2468 contumacior
544 2407 729 2480 resurrexit,
745 2421 814 2467 cum
824 2420 935 2479 magna
950 2421 1007 2479 spe
1022 2405 1075 2464 de-

100 2489 221 2550 seendit
234 2490 273 2550 ad
291 2507 433 2566 pugnam.
461 2491 558 2567 Ergo,
573 2498 606 2552 ut
621 2489 847 2552 similitudinem
861 2487 951 2550 istam
967 2498 1103 2563 prosae

100 2587 196 2646 quar,
219 2589 314 2648 saepe
334 2574 393 2635 iam
415 2577 537 2636 lortuna
551 2591 647 2650 supra
661 2581 690 2635 te
707 2574 775 2646 luit,
796 2588 853 2634 nee
868 2580 968 2634 umen
983 2572 1075 2634 tradi-

100 2655 173 2715 disti
187 2663 232 2730 te,
249 2658 305 2717 sed
320 2659 489 2720 subsiluisti
504 2666 535 2719 et
549 2659 649 2720 acrior
663 2657 832 2720 constitisti.
856 2657 980 2717 multum
995 2655 1076 2718 enirn

101 2737 195 2799 adicit
209 2741 267 2801 sibi
282 2742 377 2802 virtus
392 2742 551 2805 lacessita:
566 2751 666 2804 tamen
682 2744 708 2802 si
720 2742 773 2804 tibi
785 2741 920 2814 videtur,
937 2742 1071 2815 accipe

100 2838 194 2883 ame
214 2824 377 2899 auxilia,
404 2828 546 2902 quibus
573 2827 721 2887 munire
742 2833 781 2886 te
805 2826 947 2901 possis.
984 2824 1106 2888 Plorat

100 2912 186 2980 sunt,
206 2907 317 2982 Lucili,
341 2925 419 2985 quae
439 2927 497 2971 nos
518 2917 644 2983 terrent,
666 2925 757 2986 quam
774 2925 853 2984 quae
871 2916 1024 2984 premunt,
1047 2916 1076 2970 et

99 2991 226 3065 saepius
244 2992 388 3066 opinione
403 3011 494 3069 quarn
508 3010 542 3053 re
556 2994 740 3055 laboramus.
768 2993 834 3054 Non
850 2995 961 3068 loquor
976 2999 1074 3053 tecum

100 3071 205 3134 Stoica
224 3076 342 3150 lingua,
365 3078 419 3137 sed
441 3077 499 3137 hac
520 3076 731 3138 submissiore.
764 3092 822 3136 nos
846 3078 926 3136 enim
946 3076 1076 3136 dicimus

101 3157 205 3218 omnia
225 3157 301 3232 ista,
323 3176 403 3234 quae
423 3161 552 3236 gemitus
572 3161 769 3236 mugitusque
789 3161 977 3235 exprimunt,
996 3159 1076 3218 levia

100 3256 171 3300 esse
186 3250 217 3302 et
232 3245 467 3304 contemnendae
489 3245 660 3305 omittamus
671 3245 748 3304 haec
759 3260 869 3318 magna
884 3241 992 3314 verba,
1009 3241 1074 3313 sed,

100 3323 131 3383 di
152 3325 241 3399 boni,
264 3341 349 3386 vera.
380 3326 479 3405 (Illud
499 3328 553 3388 tibi
575 3329 747 3404 praecipio,
768 3343 807 3386 ne
828 3327 871 3386 sis
893 3325 986 3385 miser
1006 3332 1076 3385 ante

100 3412 239 3484 tempus,
263 3425 332 3470 oum
347 3410 412 3484 illa,
436 3427 516 3487 quae
531 3413 615 3472 velut
634 3409 810 3472 inminentia
825 3407 993 3484 expavisti,
1014 3409 1075 3468 ior-
