2468 3930
199 248 227 286 vr
589 230 822 284 PRAEFATIO.

200 371 246 422 alli
268 371 345 421 eliam
364 369 415 420 loci
436 369 540 432 quidam
560 368 687 419 referendi
708 375 779 429 sunt,
803 381 867 431 quos
889 383 937 432 ego
959 368 1155 433 transpositione
1176 383 1218 418 sa-

198 455 274 492 nasse
288 439 351 490 mibi
368 439 471 500 videor,
489 439 513 487 iu
533 438 625 499 quibus
642 452 706 501 quae
724 437 781 487 vitii
798 451 875 487 causa
889 439 935 495 sit,
948 438 1072 487 Incertum
1090 442 1143 502 est,
1158 437 1219 502 ipsa

200 517 284 560 autem
309 508 451 558 emendatio
473 520 525 556 non
547 508 631 557 minus
648 507 791 557 necessaria
814 506 862 555 erit
880 505 934 556 eive
957 520 990 555 ex
1011 506 1088 571 primi
1111 506 1219 558 editoris

199 580 254 628 slve
273 593 287 627 e
310 577 407 627 librarii
428 575 535 626 alicuius
555 575 672 641 exemplo
696 591 767 625 error
788 582 945 640 propagatus
965 581 1013 624 est.
1048 575 1087 624 De
1100 575 1219 640 ipsarum

200 661 260 697 vero
280 645 445 710 epistularum
463 645 551 694 ordine
573 651 678 696 nonest
697 659 742 695 cur
760 644 900 704 dubitetur3
924 659 971 710 ego
990 650 1055 694 certe
1071 658 1154 707 neque
1172 646 1220 697 ubi

200 716 232 767 de
247 722 361 781 tempore
379 715 545 780 epistularum
560 715 619 764 sciri
633 712 729 776 aliquId
744 720 843 779 potest,
865 713 980 763 ordiuem
1001 727 1145 778 repugnare
1163 716 1220 765 ani-

200 784 338 844 madverti,
360 798 442 845 neque
464 785 492 833 in
515 783 590 836 codd.
607 799 669 838 mss.
691 784 785 833 turbati
801 783 897 833 ordinis
914 781 968 831 ulla
983 789 1050 832 certa
1063 781 1160 832 indicia
1178 785 1220 834 in·

199 853 273 914 veni,
291 853 343 902 alsi
366 853 435 915 quod
458 852 535 902 dubia
553 852 616 902 mihi
631 854 731 904 videtur
745 853 820 903 sedes
835 850 957 917 epistulae
976 852 1017 902 75.
1041 865 1107 914 quae
1122 853 1150 900 iu
1165 867 1219 904 uno

201 923 259 975 cod.
278 919 446 973 ottoboniano
471 921 565 971 omissa
588 930 639 983 est,
667 923 693 971 in
717 921 774 972 cod.
794 919 939 971 Coloniensi
965 934 1024 970 vero
1045 919 1112 969 male
1130 922 1221 984 posita

199 998 259 1057 post
275 1005 316 1055 ep.
333 989 377 1042 58.
393 1003 425 1038 ne
442 990 499 1052 quis
520 1005 578 1041 vero
602 992 677 1041 nimis
692 989 769 1040 facile
784 989 906 1040 librorum
923 986 1024 1039 illorum
1043 990 1220 1042 auctoritatem

201 1068 319 1124 spernat,
342 1059 473 1108 sciendum
494 1064 532 1108 est
554 1060 635 1110 videri
657 1061 742 1123 ipsum
771 1059 956 1121 quodammodo
980 1056 1103 1108 Senecam
1129 1061 1220 1110 testari

200 1128 297 1179 nullam
316 1127 392 1178 aliam
407 1128 580 1177 intercessisse
595 1128 729 1194 epistulam
749 1129 814 1177 inter
831 1142 889 1193 epp.
904 1129 939 1178 74
953 1134 978 1178 et
995 1126 1043 1188 76,
1062 1128 1157 1192 quippe
1172 1131 1221 1191 qul

202 1212 243 1262 ep.
260 1192 348 1258 76,“7.
365 1195 407 1249 26.
425 1211 494 1257 eam,
514 1211 579 1259 quae
596 1205 636 1247 est
652 1198 700 1257 74,
718 1195 830 1261 appellet
844 1197 1000 1262 priorem;
1017 1196 1052 1246 ita
1071 1197 1138 1246 enim
1156 1211 1220 1262 pro-

199 1268 295 1318 ximam
311 1266 395 1316 dlcere
410 1265 519 1315 videtur.
537 1266 570 1316 oi.
583 1281 624 1332 ep.
642 1266 683 1328 10,
696 1265 720 1315 1.
742 1272 829 1316 contra
852 1265 1011 1328 quandam
1027 1264 1160 1330 epistulam
1176 1266 1220 1316 di-

200 1336 234 1386 cit
252 1337 279 1385 in
295 1336 353 1399 ipsa
370 1333 419 1383 hac
433 1348 473 1398 ep.
492 1334 535 1393 75,
554 1333 580 1384 9.
597 1335 642 1384 ubi
659 1333 778 1398 intelllgit
801 1349 841 1397 ep.
859 1334 907 1392 71,
923 1336 948 1383 4.
969 1348 1047 1397 qnare
1064 1340 1092 1383 ut
1109 1335 1220 1385 manife-

201 1414 269 1454 stum
288 1411 326 1453 est
342 1401 434 1451 falsum
454 1417 510 1450 esse
523 1402 620 1460 locum,
637 1417 687 1464 quo
706 1416 746 1466 ep.
767 1403 800 1453 75
817 1409 855 1451 εει
871 1404 897 1451 in
911 1402 967 1452 cod.
988 1401 1041 1452 col.
1058 1404 1155 1468 posita,
1180 1404 1221 1455 ita

201 1473 246 1535 qui
263 1472 347 1521 verior
368 1472 416 1535 sit,
437 1469 541 1520 difficile
563 1470 632 1520 dictu
648 1477 700 1535 est,
721 1470 869 1534 praesertim
885 1485 942 1520 cum
961 1471 1026 1522 desit
1041 1471 1066 1520 in
1081 1470 1130 1521 hac
1142 1479 1220 1537 parte

201 1541 256 1590 cod.
274 1540 385 1604 optimus
402 1553 430 1603 p.
466 1536 517 1588 Sed
529 1540 561 1588 ab
576 1553 627 1588 uno
639 1537 688 1587 hoc
705 1546 729 1588 ει
744 1539 821 1589 dubio
838 1539 955 1604 exemplo
968 1541 991 1590 si
1007 1540 1163 1600 discesseris,
1179 1542 1221 1591 vi-

202 1610 293 1659 dentur
314 1606 377 1656 mihi
398 1606 487 1657 eodem
511 1608 599 1658 ordine
616 1607 738 1673 epistulae
760 1622 826 1658 nuno
842 1622 942 1672 quoque
960 1609 1027 1675 legi,
1050 1624 1099 1671 quo
1119 1608 1182 1658 olim
1204 1627 1219 1660 a

201 1677 298 1728 Seneca
317 1678 427 1741 scriptae
446 1683 513 1728 sunt.

269 1745 329 1794 Post
346 1745 451 1795 Neronis
470 1754 553 1794 autem
572 1753 677 1795 mortem
694 1760 759 1808 quae
772 1760 859 1795 earnm
874 1745 926 1795 iata
943 1745 1049 1805 iruerint,
1065 1746 1155 1811 paucis
1171 1747 1219 1798 ab·

201 1814 299 1867 solvere
316 1813 382 1869 licet.
417 1813 483 1863 Illud
501 1815 563 1863 satis
579 1822 690 1880 constat,
715 1829 772 1864 oum
788 1815 828 1864 sui
844 1814 923 1864 seculi
946 1815 1049 1865 auribus
1067 1816 1218 1879 acceptissi-

200 1899 258 1934 mus
278 1883 367 1932 inisset
385 1881 495 1941 Seneca,
521 1884 636 1946 proximo
660 1883 744 1933 seculo
769 1882 838 1933 hand
853 1883 942 1949 paucis
966 1899 1024 1933 eum
1040 1882 1143 1933 sordere
1160 1899 1217 1934 coe·

200 1954 285 2017 pisse,
304 1952 359 2001 sive
374 1951 411 2000 illi
423 1951 613 2001 Ciceronianam
627 1953 783 2016 eloquentiae
795 1966 876 2017 genus
891 1951 1080 2017 praelerebant‚
1097 1959 1126 2001 ut
1137 1952 1217 2012 Quin-

200 2021 319 2079 tilianus,
337 2021 391 2070 sive
406 2021 482 2069 etiam
500 2036 557 2070 cum
570 2023 751 2071 vetustioribus
769 2021 839 2085 loqui
856 2020 994 2082 malebant,
1011 2029 1040 2071 ut
1057 2019 1168 2080 Gellius;
1185 2036 1215 2072 ac

200 2089 308 2140 fortasse
327 2089 461 2154 pauciores
479 2091 554 2139 etiarn
572 2106 604 2140 ex
619 2091 673 2141 eius
689 2090 760 2141 libris
777 2090 870 2140 servati
882 2096 978 2146 essent,
997 2090 1048 2140 nisi
1060 2087 1216 2141 Christiano·

200 2174 256 2207 rum
273 2159 383 2207 maxime
402 2158 493 2208 studiis
511 2158 605 2209 lactum
620 2167 701 2221 esset,
718 2165 747 2209 ut
762 2159 897 2224 diligenter
911 2157 1050 2223 legeretur3
1070 2165 1146 2221 atque
1161 2159 1215 2224 epi·

200 2226 281 2275 stulae
296 2227 398 2289 quidem
414 2234 441 2276 ut
459 2229 595 2292 praecipuo
611 2230 637 2278 ln
652 2228 747 2279 honore
764 2235 862 2288 essent,
881 2226 963 2277 elieolt
983 2226 1059 2277 homo
1078 2226 1215 2292 insipidus,

200 2296 243 2358 qui
258 2295 331 2345 fluxit
355 2295 465 2345 Senecae
486 2297 519 2346 ad
536 2298 641 2348 Paulum
664 2296 807 2362 apostolum
824 2295 945 2359 Paulique
970 2295 1004 2346 ad
1022 2294 1145 2347 Senecam
1162 2296 1215 2362 epi·

201 2363 280 2414 stulas
297 2364 483 2428 ineptissImas,
505 2380 566 2428 quas
586 2383 634 2434 ego
649 2368 680 2417 ab
694 2367 743 2416 hac
761 2367 871 2416 editione
890 2367 979 2416 abasse
994 2365 1079 2424 nolui,
1102 2366 1163 2427 quia
1183 2366 1214 2414 iis

198 2434 362 2499 potissimum
383 2434 500 2500 debetur,
524 2437 591 2499 quod
615 2437 697 2501 ipsius
716 2451 816 2498 quoque
840 2432 950 2484 Senecae
974 2433 1097 2498 epistulae
1118 2434 1215 2484 maiore

199 2517 259 2552 cura
275 2503 415 2553 custoditae
439 2512 509 2564 sunt,
531 2507 625 2570 qqupa
647 2506 738 2568 quibus
761 2504 821 2553 illae
842 2503 949 2567 adiungi
971 2500 1090 2552 solerent.
1126 2501 1215 2566 Neque

198 2579 284 2621 tamen
302 2572 394 2621 studiis
409 2572 459 2622 illis
476 2573 592 2622 ellectum
610 2582 663 2636 est,
686 2579 713 2621 nt
734 2586 820 2622 omnes
836 2568 947 2620 Senecae
963 2569 998 2620 ad
1014 2569 1141 2621 Lucilium
1160 2573 1215 2637 epi·

200 2639 283 2689 stulae
300 2648 471 2698 servarentur3
496 2655 552 2690 cum
574 2643 641 2691 enim
661 2641 712 2690 iam
729 2640 791 2690 olim
810 2641 837 2689 in
854 2639 903 2688 tria
918 2639 1045 2689 volumina
1062 2640 1159 2691 divisae
1177 2654 1215 2690 es·

199 2714 267 2767 sent,
290 2709 382 2758 accidit
402 2717 430 2758 ut
449 2709 552 2759 tertium
572 2724 604 2759 ex
622 2708 663 2758 his
677 2708 785 2773 periret,
811 2707 883 2758 cuius
905 2709 973 2772 quod
992 2709 1108 2772 equidem
1127 2709 1215 2772 sciam,

198 2776 296 2826 nullum
314 2786 352 2827 εει
372 2784 431 2842 post
448 2775 555 2826 Gellium
572 2778 721 2842 vestigium
747 2777 801 2830 vid.
823 2777 914 2842 fragm.
940 2776 1095 2828 110—115.
1118 2778 1215 2841 reliqua

199 2845 249 2896 duo
269 2852 413 2911 separatam
428 2844 555 2895 fortunam
575 2845 728 2906 habuerunt,
750 2860 832 2910 neque
854 2847 921 2895 enim
943 2847 968 2895 in
984 2860 1062 2896 unum
1079 2847 1215 2911 conjuncta

198 2922 257 2963 sunt
276 2916 327 2964 ulei
351 2915 376 2963 in
400 2914 529 2963 codicibus
551 2915 742 2965 recentIoribua.
783 2918 822 2965 Ac
838 2915 911 2979 prius
929 2915 1045 2981 quidem,
1068 2930 1118 2980 quo
1137 2917 1215 2966 conti·

197 2991 288 3032 nentur
303 2996 361 3047 epp.
388 2979 487 3039 1-88,
510 2982 566 3032 eive
589 2982 646 3032 libri
667 2983 832 3048 epistularum
852 2981 924 3046 XIII,
950 2984 1066 3049 pluribus
1089 2984 1215 3050 exemplis

198 3050 330 3116 vulgatum
347 3055 401 3099 erat
422 3056 445 3098 ει
470 3063 534 3112 quae
554 3049 668 3101 feruntur
686 3051 717 3102 de
735 3059 883 3118 paupertate
904 3061 1023 3119 excerpta
1047 3060 1072 3103 et
1091 3053 1215 3118 epistulas

199 3118 311 3169 Senecae
329 3117 502 3177 abbreviatae,
524 3118 591 3169 ultra
615 3135 655 3186 ep.
677 3120 720 3174 88.
746 3137 796 3171 non
812 3123 949 3187 pertineam
974 3137 1075 3173 summa
1089 3129 1174 3172 autem
1189 3124 1213 3171 in

198 3186 247 3236 hac
262 3192 334 3250 parte
353 3193 390 3236 cst
409 3187 559 3248 auctoritas,
577 3196 605 3238 nt
621 3205 668 3255 ego
688 3190 792 3253 quidem
810 3192 930 3252 arbitror,
945 3192 1040 3242 codicis
1057 3191 1169 3240 Parisini
1187 3206 1214 3257 p.

199 3252 308 3320 (8540),
336 3255 379 3318 qui
404 3255 426 3304 si
452 3270 468 3305 a
492 3255 632 3308 manilestis
659 3260 827 3325 imprudentIs
851 3260 949 3311 librarIi
963 3260 1213 3321 lrallucinatIonibus,

198 3337 264 3386 quae
285 3323 410 3387 plurimae
429 3332 504 3387 suut,
529 3327 668 3391 paucisque
687 3329 849 3395 glossematis
874 3330 1005 3390 discedas,
1026 3343 1083 3378 cum
1101 3328 1214 3392 reliquos

199 3406 285 3441 omnes
305 3393 445 3458 integritate
462 3393 536 3460 longe
555 3405 669 3461 superat,
687 3407 741 3449 tum
759 3399 843 3464 Ipsum
860 3399 935 3449 etiam
954 3397 1060 3449 alterum
1071 3398 1215 3448 Parisinum

197 3459 225 3510 P.
244 3459 334 3528 (8658.
354 3461 411 3527 Α.),
432 3464 526 3529 quippe
547 3465 589 3528 qni
611 3466 737 3518 deriuatus
758 3468 859 3517 demum
877 3468 911 3516 sit
930 3483 962 3517 ex
978 3466 1066 3516 codice
1082 3465 1120 3516 illi
1136 3466 1214 3517 simili
