2468 3930
188 234 232 302 64
478 236 512 296 L.
532 234 679 294 ANNAEI
700 233 899 301 SENECAE.

159 402 258 457 smea
271 395 354 450 totus
368 387 420 449 hic
433 388 566 449 mundus
582 393 660 450 est“
682 388 771 462 Quod
780 387 807 447 si
819 387 949 462 liqueret
960 388 1023 463 tibi,
1037 404 1100 450 nou
1115 388 1173 448 nd-

189 474 342 535 mirareris
357 473 399 532 nii
420 471 557 533 adiuvari
576 481 608 533 te
626 472 786 546 regionum
805 472 1020 546 varietatibus,
1042 469 1171 548 inques

189 556 320 619 subinde
335 557 471 631 priorum
484 555 587 618 taedio
602 557 726 631 migras.
750 555 848 630 primu
858 556 939 615 euim
950 571 1094 631 quaeque
1104 558 1171 632 pia·

190 642 315 714 cuisset,
330 641 358 701 si
373 655 493 702 omnem
504 647 587 700 tuum
605 639 759 700 crederes.
791 639 857 699 Non
873 641 1094 715 peregrinaris,
1113 641 1172 702 sed

190 739 275 785 erras
290 730 321 783 et
336 724 438 798 ageris
452 739 489 783 ac
502 724 605 785 locum
619 739 660 783 ex
672 724 743 784 loco
761 729 877 795 mutes,
892 739 963 784 cum
976 721 1070 799 iliud,
1084 725 1172 800 quod

160 808 329 884 oquaeris,
355 807 434 868 bene
447 805 567 882 vivere,
595 805 678 868 omni
689 808 759 868 loco
773 807 908 882 positum
923 808 973 868 sit
1003 806 1172 883 Numquid

191 901 252 952 tam
267 891 422 952 turbidum
437 891 504 951 fieri
524 898 628 967 potest
648 907 740 967 quam
760 891 881 951 iorumt
900 890 944 951 ibi
961 908 1088 967 quoque
1101 893 1170 953 iicet

193 974 295 1052 quiete
313 976 434 1050 vivere,
460 976 487 1034 si
509 991 641 1035 necesse
654 974 704 1035 sit.
725 974 783 1034 sed
797 976 825 1034 si
838 975 930 1036 liceat
943 975 1111 1051 disponere
1124 992 1169 1048 se,

192 1066 392 1134 conspectum
408 1074 534 1134 quoque
548 1068 579 1120 et
591 1059 735 1119 viciniam
749 1059 808 1118 sori
821 1060 930 1134 procul
948 1059 1073 1134 tugiam
1098 1076 1168 1119 nan.

191 1151 225 1204 ut
243 1143 313 1203 loca
334 1144 441 1218 gravia
462 1142 552 1202 etiem
571 1141 776 1203 firmissimam
796 1142 994 1203 valitudinem
1013 1150 1169 1218 temptant,

190 1226 234 1288 its
249 1227 351 1287 bonne
366 1242 493 1302 quoque
512 1228 606 1287 menti
620 1226 751 1287 necdum
766 1226 868 1288 adhuc
883 1227 1039 1301 perfectae
1053 1235 1084 1287 et
1097 1243 1169 1289 con·

41 1352 45 1358 -
161 1321 178 1378 7
193 1312 359 1372 valescenti
380 1316 453 1370 sunt
467 1311 571 1384 aliqua
585 1326 693 1386 parum
707 1310 852 1371 salubris.
882 1310 1041 1373 Dissentio
1055 1310 1096 1370 ab
1110 1310 1168 1383 his,

192 1395 245 1470 qui
264 1396 295 1454 in
314 1393 426 1455 fluctus
447 1394 566 1454 medios
581 1401 654 1454 eunt
667 1401 699 1453 et
712 1396 929 1455 tumultuosam
943 1395 1112 1470 probantes
1127 1394 1170 1454 vi·

191 1488 253 1538 tam
270 1478 382 1538 cotidie
397 1494 465 1538 cum
487 1477 716 1539 difficultatibus
737 1493 839 1538 rerum
853 1493 965 1553 magno
979 1478 1082 1540 animo
1098 1493 1169 1539 con-

192 1564 354 1622 iuetantur.
374 1563 501 1638 sopiens
517 1563 595 1622 ieret
608 1562 681 1636 iste,
696 1577 758 1622 non
774 1561 879 1637 eliget,
894 1569 925 1622 et
942 1564 1035 1623 malet
1047 1563 1079 1622 in
1093 1577 1170 1638 paee

191 1661 367 1721 essequam
382 1647 414 1705 in
430 1661 542 1720 pugne.
565 1645 764 1707 nonmultum
775 1646 905 1720 prodest
915 1644 988 1706 vitiu
1000 1663 1059 1708 sue
1070 1647 1171 1722 proie-

162 1731 283 1803 8cisse,
299 1731 326 1791 si
344 1745 413 1790 cum
429 1728 537 1790 alienis
551 1728 714 1794 rixandum
731 1736 788 1790 est
810 1729 978 1804 ‚,Trigiutn,
993 1731 1107 1806 inquit,
1121 1737 1157 1808 ty

191 1814 278 1874 muni
299 1813 458 1874 Socratem
480 1813 744 1874 circumstetemnt
763 1829 822 1874 nec
845 1820 1011 1889 potuerunt
1036 1812 1170 1875 animum

192 1898 259 1958 eius
273 1898 468 1972 intringere.“
490 1896 568 1971 Quid
579 1898 714 1972 interest,
730 1905 806 1974 quot
816 1897 930 1959 domini
942 1895 1023 1958 sinti
1035 1898 1170 1959 servitus

190 1998 254 2041 una
268 1989 324 2043 est.
345 1982 424 2040 hanc
440 1981 493 2054 qui
508 1983 706 2057 contempsit,
720 1982 751 2041 in
768 1981 956 2056 quantalibet
968 1980 1057 2042 turba
1071 1979 1169 2041 domi-

192 2068 325 2125 nantium
340 2065 417 2124 iiber
430 2071 487 2124 est

163 2159 181 2216 9
255 2150 388 2222 Tempus
409 2154 458 2209 est
470 2147 627 2223 desinere,
649 2149 706 2210 sed
718 2149 745 2209 si
757 2149 843 2224 prius
856 2149 1022 2224 portorium
1034 2148 1169 2210 solvero.

191 2231 368 2305 „initium
392 2239 454 2293 est
478 2233 625 2295 salutis
650 2233 793 2293 notitia
817 2232 1010 2307 peceati.“
1039 2233 1171 2308 Egregie

191 2315 265 2376 mihi
281 2318 341 2377 hoc
363 2316 481 2378 dixisse
501 2316 621 2378 videtur
640 2316 802 2392 Epicurus.
823 2332 894 2375 nam
917 2317 969 2392 qui
988 2332 1122 2391 peceare
1135 2331 1171 2376 se

194 2401 305 2477 nescit,
330 2399 442 2476 corrigi
462 2402 622 2461 nonnuli:
649 2399 909 2474 deprehendaste
923 2408 1061 2475 oportet,
1087 2407 1171 2461 sute-

151 2500 286 2562 10quam
307 2485 464 2545 emendes.
501 2484 630 2559 Quidam
648 2483 731 2546 vitiis
751 2484 928 2558 glorientur.
954 2490 988 2545 tu
1012 2483 1170 2545 existimas

193 2569 310 2646 aliquid
325 2571 363 2629 de
376 2568 513 2629 remedio
529 2568 678 2643 cogitare,
700 2568 753 2642 qui
772 2567 852 2628 melo
872 2583 929 2627 sua
944 2568 1088 2629 virtutum
1102 2568 1171 2628 loon

194 2659 374 2712 numerant?
394 2651 468 2711 Ideo
491 2659 637 2726 quantum
660 2659 766 2726 potes,
789 2659 820 2711 te
846 2652 914 2726 ipse
934 2650 1104 2730 pelargus,
1126 2651 1171 2710 in·

195 2737 282 2811 quire
296 2737 326 2794 in
340 2742 384 2795 te=
406 2735 593 2795 accusatoris
609 2736 739 2811 primum
754 2735 892 2810 partibus
908 2734 1044 2810 iungere,
1060 2733 1172 2802 deinde

194 2818 321 2894 iudicis,
354 2815 521 2878 novissime
542 2818 762 2895 deprecatoris.
793 2819 959 2894 aliquando
979 2826 1011 2880 te
1037 2817 1171 2879 offende.

193 2905 281 2963 Vale.

479 3039 697 3098 EPISTULA
714 3040 823 3112 vui(
859 3039 880 3108 .)

447 3135 558 3187 sunnon
575 3138 687 3188 Lucrum
709 3147 761 3187 sun
781 3147 921 3187 susurru.

167 3245 180 3296 1
255 3235 1176 3316 DeMarcellinonostroquaerisetvisseire,quid

195 3326 273 3394 agat.
307 3321 388 3381 Raro
404 3322 443 3381 sd
455 3338 512 3382 nos
527 3322 624 3396 venit,
649 3325 732 3385 nulia
745 3326 804 3384 aiis
819 3340 968 3385 excausa
983 3339 1074 3399 quum
1089 3322 1177 3398 quod

195 3404 302 3465 audire
317 3420 448 3465 verum
464 3407 562 3481 timet,
584 3422 602 3465 a
624 3424 685 3482 quo
707 3409 843 3484 periculo
868 3409 928 3468 iam
948 3408 1046 3469 obest.
1074 3407 1177 3467 nulli

196 3485 276 3546 enim
292 3485 567 3552 nistaudituro
583 3490 792 3566 dicendum
807 3500 875 3554 cst.
897 3493 967 3553 ideo
983 3491 1177 3566 deDiogene
