<?xml version="1.0" encoding="UTF-8"?>
<!DOCTYPE html PUBLIC "-//W3C//DTD XHTML 1.0 Transitional//EN"
    "http://www.w3.org/TR/xhtml1/DTD/xhtml1-transitional.dtd">
<html xmlns="http://www.w3.org/1999/xhtml" xml:lang="en" lang="en">
 <head>
  <title>
</title>
<meta http-equiv="Content-Type" content="text/html;charset=utf-8" />
  <meta name='ocr-system' content='tesseract 3.04.00' />
  <meta name='ocr-capabilities' content='ocr_page ocr_carea ocr_par ocr_line ocrx_word'/>
</head>
<body>
  <div class='ocr_page' id='page_1' title='image "./lannaeisenecaeo00haasgoog_0027.png"; bbox 0 0 2460 3916; ppageno 0'>
   <div class='ocr_carea' id='block_1_1' title="bbox 110 222 740 278">
    <p class='ocr_par' dir='ltr' id='par_1_1' title="bbox 110 222 740 278">
     <span class='ocr_line' id='line_1_1' title="bbox 110 222 740 278; baseline -0.008 -1"><span class='ocrx_word' id='word_1_1' title='bbox 110 239 167 277; x_wconf 78' lang='lat' dir='ltr'><strong>xxu</strong></span> <span class='ocrx_word' id='word_1_2' title='bbox 505 222 740 278; x_wconf 82' lang='lat' dir='ltr'><strong>PRAEFATIO.</strong></span> 
     </span>
    </p>
   </div>
   <div class='ocr_carea' id='block_1_2' title="bbox 103 358 1153 3531">
    <p class='ocr_par' dir='ltr' id='par_1_2' title="bbox 103 358 1131 2284">
     <span class='ocr_line' id='line_1_2' title="bbox 111 358 1128 427; baseline -0.003 -13"><span class='ocrx_word' id='word_1_3' title='bbox 111 363 151 414; x_wconf 93' lang='lat' dir='ltr'><strong>lae</strong></span> <span class='ocrx_word' id='word_1_4' title='bbox 169 363 230 413; x_wconf 89' lang='lat' dir='ltr'><strong>illae</strong></span> <span class='ocrx_word' id='word_1_5' title='bbox 249 363 343 426; x_wconf 91' lang='lat' dir='ltr'><strong>quippe</strong></span> <span class='ocrx_word' id='word_1_6' title='bbox 361 360 512 427; x_wconf 75' lang='lat' dir='ltr'>Hieronymo</span> <span class='ocrx_word' id='word_1_7' title='bbox 529 361 644 425; x_wconf 76' lang='lat' dir='ltr'><strong>cognitae</strong></span> <span class='ocrx_word' id='word_1_8' title='bbox 667 369 725 410; x_wconf 87' lang='lat' dir='ltr'><strong>aute</strong></span> <span class='ocrx_word' id='word_1_9' title='bbox 742 361 842 410; x_wconf 87' lang='lat' dir='ltr'><strong>Martini</strong></span> <span class='ocrx_word' id='word_1_10' title='bbox 857 358 1003 410; x_wconf 90' lang='lat' dir='ltr'><strong>Dumiensls</strong></span> <span class='ocrx_word' id='word_1_11' title='bbox 1021 368 1128 412; x_wconf 87' lang='lat' dir='ltr'><strong>aetatem</strong></span> 
     </span>
     <span class='ocr_line' id='line_1_3' title="bbox 110 429 1129 498; baseline -0.003 -16"><span class='ocrx_word' id='word_1_12' title='bbox 110 433 219 498; x_wconf 81' lang='lat' dir='ltr'>scriptae</span> <span class='ocrx_word' id='word_1_13' title='bbox 230 432 281 480; x_wconf 89' lang='lat' dir='ltr'><strong>sint</strong></span> <span class='ocrx_word' id='word_1_14' title='bbox 293 443 397 479; x_wconf 89' lang='lat' dir='ltr'><strong>necesse</strong></span> <span class='ocrx_word' id='word_1_15' title='bbox 416 439 465 494; x_wconf 90' lang='lat' dir='ltr'><strong>est,</strong></span> <span class='ocrx_word' id='word_1_16' title='bbox 483 429 553 479; x_wconf 89' lang='lat' dir='ltr'><strong>volui</strong></span> <span class='ocrx_word' id='word_1_17' title='bbox 565 429 628 478; x_wconf 90' lang='lat' dir='ltr'><strong>meis</strong></span> <span class='ocrx_word' id='word_1_18' title='bbox 646 430 725 479; x_wconf 90' lang='lat' dir='ltr'><strong>oculis</strong></span> <span class='ocrx_word' id='word_1_19' title='bbox 739 429 841 479; x_wconf 90' lang='lat' dir='ltr'><strong>credere</strong></span> <span class='ocrx_word' id='word_1_20' title='bbox 854 436 878 477; x_wconf 91' lang='lat' dir='ltr'><strong>et</strong></span> <span class='ocrx_word' id='word_1_21' title='bbox 890 429 1023 494; x_wconf 78' lang='lat' dir='ltr'><strong>impetravi</strong></span> <span class='ocrx_word' id='word_1_22' title='bbox 1043 429 1129 493; x_wconf 78' lang='lat' dir='ltr'><strong>facile,</strong></span> 
     </span>
     <span class='ocr_line' id='line_1_4' title="bbox 109 497 1128 562; baseline -0.001 -12"><span class='ocrx_word' id='word_1_23' title='bbox 109 509 137 550; x_wconf 92' lang='lat' dir='ltr'><strong>ut</strong></span> <span class='ocrx_word' id='word_1_24' title='bbox 152 501 216 550; x_wconf 92' lang='lat' dir='ltr'><strong>mihi</strong></span> <span class='ocrx_word' id='word_1_25' title='bbox 233 501 372 549; x_wconf 83' lang='lat' dir='ltr'><strong>mitteretur</strong></span> <span class='ocrx_word' id='word_1_26' title='bbox 391 499 472 548; x_wconf 83' lang='lat' dir='ltr'>codex</span> <span class='ocrx_word' id='word_1_27' title='bbox 488 497 682 562; x_wconf 88' lang='lat' dir='ltr'><strong>Bambergeusis</strong></span> <span class='ocrx_word' id='word_1_28' title='bbox 696 498 730 550; x_wconf 89' lang='lat' dir='ltr'><strong>M.</strong></span> <span class='ocrx_word' id='word_1_29' title='bbox 741 499 785 558; x_wconf 92' lang='lat' dir='ltr'><strong>IV,</strong></span> <span class='ocrx_word' id='word_1_30' title='bbox 801 499 827 556; x_wconf 91' lang='lat'><strong>4,</strong></span> <span class='ocrx_word' id='word_1_31' title='bbox 843 500 983 549; x_wconf 90' lang='lat' dir='ltr'><strong>membran.</strong></span> <span class='ocrx_word' id='word_1_32' title='bbox 993 513 1046 548; x_wconf 89' lang='lat' dir='ltr'><strong>sec.</strong></span> <span class='ocrx_word' id='word_1_33' title='bbox 1058 497 1128 560; x_wconf 85' lang='lat' dir='ltr'>XIV,</span> 
     </span>
     <span class='ocr_line' id='line_1_5' title="bbox 112 564 1127 634; baseline -0.001 -15"><span class='ocrx_word' id='word_1_34' title='bbox 112 585 162 632; x_wconf 90' lang='lat' dir='ltr'><strong>quo</strong></span> <span class='ocrx_word' id='word_1_35' title='bbox 180 571 256 619; x_wconf 88' lang='lat' dir='ltr'><strong>etiam</strong></span> <span class='ocrx_word' id='word_1_36' title='bbox 274 566 405 616; x_wconf 83' lang='lat' dir='ltr'><strong>Fickertus</strong></span> <span class='ocrx_word' id='word_1_37' title='bbox 420 568 446 616; x_wconf 93' lang='lat' dir='ltr'><strong>in</strong></span> <span class='ocrx_word' id='word_1_38' title='bbox 462 564 572 618; x_wconf 76' lang='lat' dir='ltr'>Senecae</span> <span class='ocrx_word' id='word_1_39' title='bbox 590 566 707 632; x_wconf 81' lang='lat' dir='ltr'><strong>epistulis</strong></span> <span class='ocrx_word' id='word_1_40' title='bbox 724 582 787 617; x_wconf 92' lang='lat' dir='ltr'><strong>usus</strong></span> <span class='ocrx_word' id='word_1_41' title='bbox 806 574 859 627; x_wconf 77' lang='lat' dir='ltr'><strong>eat3</strong></span> <span class='ocrx_word' id='word_1_42' title='bbox 877 568 904 616; x_wconf 91' lang='lat' dir='ltr'><strong>in</strong></span> <span class='ocrx_word' id='word_1_43' title='bbox 922 583 952 617; x_wconf 91' lang='lat' dir='ltr'><strong>eo</strong></span> <span class='ocrx_word' id='word_1_44' title='bbox 970 567 1048 633; x_wconf 88' lang='lat' dir='ltr'><strong>igitur</strong></span> <span class='ocrx_word' id='word_1_45' title='bbox 1063 581 1127 634; x_wconf 90' lang='lat' dir='ltr'><strong>pag.</strong></span> 
     </span>
     <span class='ocr_line' id='line_1_6' title="bbox 110 633 1129 703; baseline -0.003 -14"><span class='ocrx_word' id='word_1_46' title='bbox 110 636 143 689; x_wconf 82' lang='grc'><strong>53</strong></span> <span class='ocrx_word' id='word_1_47' title='bbox 162 645 221 703; x_wconf 89' lang='lat' dir='ltr'><strong>post</strong></span> <span class='ocrx_word' id='word_1_48' title='bbox 238 636 435 698; x_wconf 82' lang='lat' dir='ltr'><strong>„Extractiones</strong></span> <span class='ocrx_word' id='word_1_49' title='bbox 454 636 486 686; x_wconf 86' lang='lat' dir='ltr'><strong>de</strong></span> <span class='ocrx_word' id='word_1_50' title='bbox 503 636 567 686; x_wconf 91' lang='lat' dir='ltr'><strong>libro</strong></span> <span class='ocrx_word' id='word_1_51' title='bbox 585 637 706 686; x_wconf 88' lang='lat' dir='ltr'><strong>Macrobii</strong></span> <span class='ocrx_word' id='word_1_52' title='bbox 723 638 749 685; x_wconf 92' lang='lat' dir='ltr'><strong>in</strong></span> <span class='ocrx_word' id='word_1_53' title='bbox 768 636 927 700; x_wconf 79' lang='lat' dir='ltr'><strong>expositione</strong></span> <span class='ocrx_word' id='word_1_54' title='bbox 944 637 1056 700; x_wconf 89' lang='lat' dir='ltr'><strong>sompnii</strong></span> <span class='ocrx_word' id='word_1_55' title='bbox 1074 633 1129 686; x_wconf 93' lang='lat' dir='ltr'><strong>Sci-</strong></span> 
     </span>
     <span class='ocr_line' id='line_1_7' title="bbox 108 705 1131 771; baseline 0 -15"><span class='ocrx_word' id='word_1_56' title='bbox 108 707 194 771; x_wconf 90' lang='lat' dir='ltr'><strong>pionis</strong></span> <span class='ocrx_word' id='word_1_57' title='bbox 202 707 219 735; x_wconf 89' lang='lat'>“</span> <span class='ocrx_word' id='word_1_58' title='bbox 244 706 336 771; x_wconf 86' lang='lat' dir='ltr'><strong>legitur</strong></span> <span class='ocrx_word' id='word_1_59' title='bbox 360 705 462 754; x_wconf 91' lang='lat' dir='ltr'><strong>Martini</strong></span> <span class='ocrx_word' id='word_1_60' title='bbox 486 705 550 755; x_wconf 90' lang='lat' dir='ltr'><strong>liber</strong></span> <span class='ocrx_word' id='word_1_61' title='bbox 571 720 627 754; x_wconf 90' lang='lat' dir='ltr'><strong>oum</strong></span> <span class='ocrx_word' id='word_1_62' title='bbox 649 705 697 756; x_wconf 89' lang='lat' dir='ltr'><strong>hac</strong></span> <span class='ocrx_word' id='word_1_63' title='bbox 716 706 892 770; x_wconf 79' lang='lat' dir='ltr'><strong>inscriptione:</strong></span> <span class='ocrx_word' id='word_1_64' title='bbox 920 705 1037 770; x_wconf 90' lang='lat' dir='ltr'><strong>„Incipit</strong></span> <span class='ocrx_word' id='word_1_65' title='bbox 1066 705 1131 756; x_wconf 89' lang='lat' dir='ltr'><strong>liber</strong></span> 
     </span>
     <span class='ocr_line' id='line_1_8' title="bbox 108 773 1130 840; baseline 0 -16"><span class='ocrx_word' id='word_1_66' title='bbox 108 775 181 824; x_wconf 91' lang='lat' dir='ltr'><strong>Lucii</strong></span> <span class='ocrx_word' id='word_1_67' title='bbox 196 775 292 826; x_wconf 85' lang='lat' dir='ltr'><strong>Seneca</strong></span> <span class='ocrx_word' id='word_1_68' title='bbox 311 773 342 824; x_wconf 90' lang='lat' dir='ltr'><strong>de</strong></span> <span class='ocrx_word' id='word_1_69' title='bbox 357 775 490 824; x_wconf 87' lang='lat' dir='ltr'><strong>verborum</strong></span> <span class='ocrx_word' id='word_1_70' title='bbox 509 773 616 840; x_wconf 83' lang='lat' dir='ltr'><strong>Copia.“</strong></span> <span class='ocrx_word' id='word_1_71' title='bbox 651 775 710 840; x_wconf 89' lang='lat' dir='ltr'><strong>lpse</strong></span> <span class='ocrx_word' id='word_1_72' title='bbox 734 775 827 824; x_wconf 88' lang='lat' dir='ltr'><strong>deinde</strong></span> <span class='ocrx_word' id='word_1_73' title='bbox 848 773 912 823; x_wconf 89' lang='lat' dir='ltr'><strong>llber</strong></span> <span class='ocrx_word' id='word_1_74' title='bbox 935 775 1031 825; x_wconf 88' lang='lat' dir='ltr'><strong>omissa</strong></span> <span class='ocrx_word' id='word_1_75' title='bbox 1052 774 1130 824; x_wconf 89' lang='lat' dir='ltr'><strong>etiam</strong></span> 
     </span>
     <span class='ocr_line' id='line_1_9' title="bbox 108 841 1131 909; baseline 0.001 -16"><span class='ocrx_word' id='word_1_76' title='bbox 108 843 200 894; x_wconf 89' lang='lat' dir='ltr'><strong>ultima</strong></span> <span class='ocrx_word' id='word_1_77' title='bbox 215 844 261 895; x_wconf 89' lang='lat' dir='ltr'><strong>illa</strong></span> <span class='ocrx_word' id='word_1_78' title='bbox 279 843 446 909; x_wconf 88' lang='lat' dir='ltr'><strong>praelationis</strong></span> <span class='ocrx_word' id='word_1_79' title='bbox 467 853 553 908; x_wconf 90' lang='lat' dir='ltr'><strong>parte,</strong></span> <span class='ocrx_word' id='word_1_80' title='bbox 576 858 640 907; x_wconf 91' lang='lat' dir='ltr'><strong>quae</strong></span> <span class='ocrx_word' id='word_1_81' title='bbox 661 844 724 894; x_wconf 90' lang='lat' dir='ltr'><strong>alibi</strong></span> <span class='ocrx_word' id='word_1_82' title='bbox 745 843 834 893; x_wconf 87' lang='lat' dir='ltr'><strong>deesse</strong></span> <span class='ocrx_word' id='word_1_83' title='bbox 852 857 903 891; x_wconf 92' lang='lat' dir='ltr'><strong>non</strong></span> <span class='ocrx_word' id='word_1_84' title='bbox 918 842 983 892; x_wconf 89' lang='lat' dir='ltr'><strong>solet</strong></span> <span class='ocrx_word' id='word_1_85' title='bbox 1002 841 1131 908; x_wconf 81' lang='lat' dir='ltr'><strong>(Quamor</strong></span> 
     </span>
     <span class='ocr_line' id='line_1_10' title="bbox 107 910 1130 978; baseline 0 -15"><span class='ocrx_word' id='word_1_86' title='bbox 107 916 221 964; x_wconf 82' lang='lat' dir='ltr'><strong>virtrctwn</strong></span> <span class='ocrx_word' id='word_1_87' title='bbox 237 939 270 951; x_wconf 94' lang='lat'><em>-</em></span> <span class='ocrx_word' id='word_1_88' title='bbox 287 913 365 963; x_wconf 78' lang='lat' dir='ltr'><strong>airam</strong></span> <span class='ocrx_word' id='word_1_89' title='bbox 382 910 517 977; x_wconf 72' lang='lat' dir='ltr'><strong>efficiunt.)</strong></span> <span class='ocrx_word' id='word_1_90' title='bbox 534 914 572 962; x_wconf 93' lang='lat' dir='ltr'><strong>sic</strong></span> <span class='ocrx_word' id='word_1_91' title='bbox 587 913 690 977; x_wconf 78' lang='lat' dir='ltr'><strong>incipit:</strong></span> <span class='ocrx_word' id='word_1_92' title='bbox 709 912 827 978; x_wconf 72' lang='lat' dir='ltr'><strong>Quisquis</strong></span> <span class='ocrx_word' id='word_1_93' title='bbox 832 911 994 974; x_wconf 82' lang='lat' dir='ltr'><strong>prudentiam</strong></span> <span class='ocrx_word' id='word_1_94' title='bbox 1005 913 1077 977; x_wconf 84' lang='lat' dir='ltr'><strong>aequi</strong></span> <span class='ocrx_word' id='word_1_95' title='bbox 1085 912 1130 963; x_wconf 80' lang='lat' dir='ltr'><strong>de-</strong></span> 
     </span>
     <span class='ocr_line' id='line_1_11' title="bbox 108 982 1130 1047; baseline 0.001 -16"><span class='ocrx_word' id='word_1_96' title='bbox 108 983 211 1033; x_wconf 81' lang='lat' dir='ltr'><strong>at&#39;derac</strong></span> <span class='ocrx_word' id='word_1_97' title='bbox 227 1008 270 1034; x_wconf 88' lang='lat'><strong>—.</strong></span> <span class='ocrx_word' id='word_1_98' title='bbox 290 982 388 1044; x_wconf 89' lang='lat' dir='ltr'><strong>reliqua</strong></span> <span class='ocrx_word' id='word_1_99' title='bbox 405 989 540 1046; x_wconf 89' lang='lat' dir='ltr'><strong>postquam</strong></span> <span class='ocrx_word' id='word_1_100' title='bbox 558 982 673 1047; x_wconf 88' lang='lat' dir='ltr'><strong>inspexi,</strong></span> <span class='ocrx_word' id='word_1_101' title='bbox 693 996 743 1031; x_wconf 92' lang='lat' dir='ltr'><strong>non</strong></span> <span class='ocrx_word' id='word_1_102' title='bbox 759 982 897 1032; x_wconf 77' lang='lat' dir='ltr'><strong>admodum</strong></span> <span class='ocrx_word' id='word_1_103' title='bbox 914 982 1039 1046; x_wconf 90' lang='lat' dir='ltr'><strong>poenitet,</strong></span> <span class='ocrx_word' id='word_1_104' title='bbox 1059 983 1130 1043; x_wconf 88' lang='lat' dir='ltr'><strong>quod</strong></span> 
     </span>
     <span class='ocr_line' id='line_1_12' title="bbox 108 1049 1130 1114; baseline 0.001 -15"><span class='ocrx_word' id='word_1_105' title='bbox 108 1065 175 1101; x_wconf 90' lang='lat' dir='ltr'><strong>nunc</strong></span> <span class='ocrx_word' id='word_1_106' title='bbox 195 1052 296 1101; x_wconf 91' lang='lat' dir='ltr'><strong>demum</strong></span> <span class='ocrx_word' id='word_1_107' title='bbox 315 1051 396 1100; x_wconf 85' lang='lat' dir='ltr'><strong>codex</strong></span> <span class='ocrx_word' id='word_1_108' title='bbox 413 1051 438 1099; x_wconf 91' lang='lat' dir='ltr'><strong>in</strong></span> <span class='ocrx_word' id='word_1_109' title='bbox 459 1065 548 1101; x_wconf 90' lang='lat' dir='ltr'><strong>manus</strong></span> <span class='ocrx_word' id='word_1_110' title='bbox 563 1065 632 1101; x_wconf 91' lang='lat' dir='ltr'><strong>meas</strong></span> <span class='ocrx_word' id='word_1_111' title='bbox 650 1051 781 1114; x_wconf 81' lang='lat' dir='ltr'><strong>pervenit3</strong></span> <span class='ocrx_word' id='word_1_112' title='bbox 802 1049 878 1100; x_wconf 88' lang='lat' dir='ltr'><strong>video</strong></span> <span class='ocrx_word' id='word_1_113' title='bbox 895 1051 962 1100; x_wconf 88' lang='lat' dir='ltr'><strong>enim</strong></span> <span class='ocrx_word' id='word_1_114' title='bbox 982 1052 1024 1099; x_wconf 85' lang='lat' dir='ltr'><strong>vix</strong></span> <span class='ocrx_word' id='word_1_115' title='bbox 1042 1049 1076 1099; x_wconf 90' lang='lat' dir='ltr'><strong>ad</strong></span> <span class='ocrx_word' id='word_1_116' title='bbox 1089 1050 1130 1100; x_wconf 93' lang='lat' dir='ltr'><strong>ul-</strong></span> 
     </span>
     <span class='ocr_line' id='line_1_13' title="bbox 108 1119 1130 1184; baseline 0 -15"><span class='ocrx_word' id='word_1_117' title='bbox 108 1119 159 1169; x_wconf 91' lang='lat' dir='ltr'><strong>lam</strong></span> <span class='ocrx_word' id='word_1_118' title='bbox 178 1135 230 1169; x_wconf 91' lang='lat' dir='ltr'><strong>rem</strong></span> <span class='ocrx_word' id='word_1_119' title='bbox 249 1134 306 1168; x_wconf 91' lang='lat' dir='ltr'><strong>eum</strong></span> <span class='ocrx_word' id='word_1_120' title='bbox 325 1119 486 1184; x_wconf 88' lang='lat' dir='ltr'><strong>prolaturum</strong></span> <span class='ocrx_word' id='word_1_121' title='bbox 503 1119 600 1180; x_wconf 86' lang='lat' dir='ltr'><strong>luisse,</strong></span> <span class='ocrx_word' id='word_1_122' title='bbox 627 1121 649 1167; x_wconf 92' lang='lat' dir='ltr'><strong>si</strong></span> <span class='ocrx_word' id='word_1_123' title='bbox 677 1127 791 1184; x_wconf 88' lang='lat' dir='ltr'><strong>tempore</strong></span> <span class='ocrx_word' id='word_1_124' title='bbox 818 1120 943 1178; x_wconf 83' lang='lat' dir='ltr'><strong>venisset3</strong></span> <span class='ocrx_word' id='word_1_125' title='bbox 969 1133 1027 1168; x_wconf 91' lang='lat' dir='ltr'><strong>nam</strong></span> <span class='ocrx_word' id='word_1_126' title='bbox 1046 1133 1130 1182; x_wconf 85' lang='lat' dir='ltr'><strong>neque</strong></span> 
     </span>
     <span class='ocr_line' id='line_1_14' title="bbox 108 1187 1130 1254; baseline -0.002 -16"><span class='ocrx_word' id='word_1_127' title='bbox 108 1189 248 1254; x_wconf 83' lang='lat' dir='ltr'><strong>scripturae</strong></span> <span class='ocrx_word' id='word_1_128' title='bbox 266 1188 377 1239; x_wconf 89' lang='lat' dir='ltr'><strong>bonitate</strong></span> <span class='ocrx_word' id='word_1_129' title='bbox 396 1202 480 1239; x_wconf 92' lang='lat' dir='ltr'><strong>meum</strong></span> <span class='ocrx_word' id='word_1_130' title='bbox 506 1190 562 1242; x_wconf 91' lang='lat' dir='ltr'><strong>cod.</strong></span> <span class='ocrx_word' id='word_1_131' title='bbox 580 1188 685 1242; x_wconf 84' lang='lat' dir='ltr'><strong>Vratisl.</strong></span> <span class='ocrx_word' id='word_1_132' title='bbox 713 1195 816 1254; x_wconf 85' lang='lat' dir='ltr'><strong>superat</strong></span> <span class='ocrx_word' id='word_1_133' title='bbox 837 1193 862 1236; x_wconf 94' lang='lat' dir='ltr'><strong>et</strong></span> <span class='ocrx_word' id='word_1_134' title='bbox 880 1194 916 1236; x_wconf 88' lang='lat' dir='ltr'><strong>tot</strong></span> <span class='ocrx_word' id='word_1_135' title='bbox 933 1187 1002 1238; x_wconf 91' lang='lat' dir='ltr'><strong>locos</strong></span> <span class='ocrx_word' id='word_1_136' title='bbox 1025 1187 1130 1250; x_wconf 91' lang='lat' dir='ltr'><strong>omittit,</strong></span> 
     </span>
     <span class='ocr_line' id='line_1_15' title="bbox 107 1256 1130 1322; baseline -0.001 -15"><span class='ocrx_word' id='word_1_137' title='bbox 107 1265 198 1319; x_wconf 86' lang='lat' dir='ltr'><strong>utnon</strong></span> <span class='ocrx_word' id='word_1_138' title='bbox 223 1264 276 1308; x_wconf 90' lang='lat' dir='ltr'><strong>tam</strong></span> <span class='ocrx_word' id='word_1_139' title='bbox 293 1257 384 1307; x_wconf 89' lang='lat' dir='ltr'><strong>librum</strong></span> <span class='ocrx_word' id='word_1_140' title='bbox 403 1258 488 1322; x_wconf 90' lang='lat' dir='ltr'><strong>ipsum</strong></span> <span class='ocrx_word' id='word_1_141' title='bbox 508 1257 577 1307; x_wconf 90' lang='lat' dir='ltr'><strong>hunc</strong></span> <span class='ocrx_word' id='word_1_142' title='bbox 602 1272 659 1306; x_wconf 88' lang='lat' dir='ltr'><strong>esse</strong></span> <span class='ocrx_word' id='word_1_143' title='bbox 675 1259 745 1308; x_wconf 89' lang='lat' dir='ltr'><strong>dicas</strong></span> <span class='ocrx_word' id='word_1_144' title='bbox 763 1256 810 1307; x_wconf 90' lang='lat' dir='ltr'><strong>sed</strong></span> <span class='ocrx_word' id='word_1_145' title='bbox 827 1271 858 1306; x_wconf 89' lang='lat' dir='ltr'><strong>ex</strong></span> <span class='ocrx_word' id='word_1_146' title='bbox 876 1271 906 1305; x_wconf 90' lang='lat' dir='ltr'><strong>eo</strong></span> <span class='ocrx_word' id='word_1_147' title='bbox 923 1263 1049 1320; x_wconf 86' lang='lat' dir='ltr'><strong>excerpta,</strong></span> <span class='ocrx_word' id='word_1_148' title='bbox 1067 1270 1130 1320; x_wconf 90' lang='lat' dir='ltr'><strong>qua-</strong></span> 
     </span>
     <span class='ocr_line' id='line_1_16' title="bbox 105 1324 1128 1390; baseline 0 -14"><span class='ocrx_word' id='word_1_149' title='bbox 105 1326 142 1377; x_wconf 90' lang='lat' dir='ltr'><strong>lia</strong></span> <span class='ocrx_word' id='word_1_150' title='bbox 157 1329 184 1377; x_wconf 88' lang='lat' dir='ltr'><strong>in</strong></span> <span class='ocrx_word' id='word_1_151' title='bbox 200 1327 289 1377; x_wconf 90' lang='lat' dir='ltr'><strong>eodem</strong></span> <span class='ocrx_word' id='word_1_152' title='bbox 308 1326 395 1376; x_wconf 89' lang='lat' dir='ltr'><strong>codice</strong></span> <span class='ocrx_word' id='word_1_153' title='bbox 407 1326 481 1390; x_wconf 90' lang='lat' dir='ltr'><strong>plura</strong></span> <span class='ocrx_word' id='word_1_154' title='bbox 500 1336 567 1377; x_wconf 89' lang='lat' dir='ltr'><strong>sunt.</strong></span> <span class='ocrx_word' id='word_1_155' title='bbox 604 1326 702 1376; x_wconf 87' lang='lat' dir='ltr'><strong>Desinit</strong></span> <span class='ocrx_word' id='word_1_156' title='bbox 717 1330 833 1375; x_wconf 89' lang='lat' dir='ltr'><strong>autemc.</strong></span> <span class='ocrx_word' id='word_1_157' title='bbox 847 1327 871 1382; x_wconf 87' lang='lat'><strong>7,</strong></span> <span class='ocrx_word' id='word_1_158' title='bbox 883 1325 907 1375; x_wconf 84' lang='lat'><strong>2.</strong></span> <span class='ocrx_word' id='word_1_159' title='bbox 929 1326 954 1373; x_wconf 91' lang='lat' dir='ltr'><strong>iu</strong></span> <span class='ocrx_word' id='word_1_160' title='bbox 972 1325 1050 1376; x_wconf 86' lang='lat' dir='ltr'><strong>verba</strong></span> <span class='ocrx_word' id='word_1_161' title='bbox 1066 1324 1128 1378; x_wconf 87' lang='lat' dir='ltr'><strong>illa:</strong></span> 
     </span>
     <span class='ocr_line' id='line_1_17' title="bbox 105 1392 1130 1459; baseline -0.005 -11"><span class='ocrx_word' id='word_1_162' title='bbox 105 1397 225 1448; x_wconf 77' lang='lat' dir='ltr'><strong>sordidae</strong></span> <span class='ocrx_word' id='word_1_163' title='bbox 237 1403 281 1445; x_wconf 89' lang='lat' dir='ltr'><strong>aat</strong></span> <span class='ocrx_word' id='word_1_164' title='bbox 292 1395 413 1445; x_wconf 70' lang='lat' dir='ltr'><strong>obscurae</strong></span> <span class='ocrx_word' id='word_1_165' title='bbox 430 1396 536 1454; x_wconf 76' lang='lat' dir='ltr'><strong>caietae,</strong></span> <span class='ocrx_word' id='word_1_166' title='bbox 557 1401 582 1442; x_wconf 91' lang='lat' dir='ltr'><strong>et</strong></span> <span class='ocrx_word' id='word_1_167' title='bbox 600 1404 741 1456; x_wconf 90' lang='lat' dir='ltr'><strong>sequuntur</strong></span> <span class='ocrx_word' id='word_1_168' title='bbox 758 1393 878 1458; x_wconf 89' lang='lat' dir='ltr'><strong>deinceps</strong></span> <span class='ocrx_word' id='word_1_169' title='bbox 896 1409 929 1444; x_wconf 84' lang='lat' dir='ltr'><strong>ex</strong></span> <span class='ocrx_word' id='word_1_170' title='bbox 944 1392 1056 1444; x_wconf 79' lang='lat' dir='ltr'><strong>Senecae</strong></span> <span class='ocrx_word' id='word_1_171' title='bbox 1073 1395 1130 1459; x_wconf 91' lang='lat' dir='ltr'><strong>epi-</strong></span> 
     </span>
     <span class='ocr_line' id='line_1_18' title="bbox 106 1462 1130 1529; baseline -0.001 -15"><span class='ocrx_word' id='word_1_172' title='bbox 106 1463 179 1515; x_wconf 92' lang='lat' dir='ltr'><strong>stulis</strong></span> <span class='ocrx_word' id='word_1_173' title='bbox 198 1471 334 1529; x_wconf 87' lang='lat' dir='ltr'><strong>excerpta,</strong></span> <span class='ocrx_word' id='word_1_174' title='bbox 359 1477 423 1525; x_wconf 88' lang='lat' dir='ltr'><strong>quac</strong></span> <span class='ocrx_word' id='word_1_175' title='bbox 442 1463 510 1513; x_wconf 91' lang='lat' dir='ltr'><strong>nulla</strong></span> <span class='ocrx_word' id='word_1_176' title='bbox 527 1463 692 1527; x_wconf 89' lang='lat' dir='ltr'><strong>inscriptione</strong></span> <span class='ocrx_word' id='word_1_177' title='bbox 707 1462 840 1526; x_wconf 90' lang='lat' dir='ltr'><strong>insignita,</strong></span> <span class='ocrx_word' id='word_1_178' title='bbox 857 1462 926 1512; x_wconf 91' lang='lat' dir='ltr'><strong>nullo</strong></span> <span class='ocrx_word' id='word_1_179' title='bbox 943 1462 1075 1513; x_wconf 88' lang='lat' dir='ltr'><strong>intervallo</strong></span> <span class='ocrx_word' id='word_1_180' title='bbox 1087 1477 1130 1513; x_wconf 88' lang='lat' dir='ltr'><strong>se-</strong></span> 
     </span>
     <span class='ocr_line' id='line_1_19' title="bbox 106 1531 1130 1598; baseline 0 -16"><span class='ocrx_word' id='word_1_181' title='bbox 106 1541 196 1598; x_wconf 91' lang='lat' dir='ltr'><strong>parata</strong></span> <span class='ocrx_word' id='word_1_182' title='bbox 214 1532 339 1597; x_wconf 88' lang='lat' dir='ltr'><strong>incipiunt</strong></span> <span class='ocrx_word' id='word_1_183' title='bbox 354 1546 415 1597; x_wconf 86' lang='lat' dir='ltr'><strong>pag.</strong></span> <span class='ocrx_word' id='word_1_184' title='bbox 433 1532 466 1582; x_wconf 87' lang='grc'><strong>55</strong></span> <span class='ocrx_word' id='word_1_185' title='bbox 485 1538 548 1581; x_wconf 89' lang='lat' dir='ltr'><strong>extr.</strong></span> <span class='ocrx_word' id='word_1_186' title='bbox 567 1545 582 1579; x_wconf 92' lang='lat' dir='ltr'><strong>a</strong></span> <span class='ocrx_word' id='word_1_187' title='bbox 600 1532 698 1581; x_wconf 86' lang='lat' dir='ltr'><strong>verbis:</strong></span> <span class='ocrx_word' id='word_1_188' title='bbox 722 1531 832 1580; x_wconf 80' lang='lat' dir='ltr'><strong>Primam</strong></span> <span class='ocrx_word' id='word_1_189' title='bbox 847 1539 1016 1596; x_wconf 74' lang='lat' dir='ltr'><strong>angmentum</strong></span> <span class='ocrx_word' id='word_1_190' title='bbox 1031 1546 1130 1595; x_wconf 82' lang='lat' dir='ltr'><strong>rampo-</strong></span> 
     </span>
     <span class='ocr_line' id='line_1_20' title="bbox 106 1599 1130 1666; baseline -0.001 -14"><span class='ocrx_word' id='word_1_191' title='bbox 106 1604 154 1652; x_wconf 82' lang='lat' dir='ltr'><strong>cite</strong></span> <span class='ocrx_word' id='word_1_192' title='bbox 171 1602 258 1651; x_wconf 81' lang='lat' dir='ltr'><strong>mentio</strong></span> <span class='ocrx_word' id='word_1_193' title='bbox 274 1603 388 1651; x_wconf 76' lang='lat' dir='ltr'><strong>existima</strong></span> <span class='ocrx_word' id='word_1_194' title='bbox 405 1625 440 1636; x_wconf 91' lang='lat'><em>-</em></span> <span class='ocrx_word' id='word_1_195' title='bbox 461 1608 485 1651; x_wconf 93' lang='lat' dir='ltr'><strong>et</strong></span> <span class='ocrx_word' id='word_1_196' title='bbox 503 1599 625 1649; x_wconf 85' lang='lat' dir='ltr'><strong>finiuntur</strong></span> <span class='ocrx_word' id='word_1_197' title='bbox 647 1616 707 1666; x_wconf 91' lang='lat' dir='ltr'><strong>pag.</strong></span> <span class='ocrx_word' id='word_1_198' title='bbox 728 1600 771 1652; x_wconf 81' lang='grc'><strong>62.</strong></span> <span class='ocrx_word' id='word_1_199' title='bbox 796 1615 868 1665; x_wconf 87' lang='lat' dir='ltr'><strong>supr.</strong></span> <span class='ocrx_word' id='word_1_200' title='bbox 888 1602 973 1651; x_wconf 85' lang='lat' dir='ltr'><strong>verbis</strong></span> <span class='ocrx_word' id='word_1_201' title='bbox 991 1600 1046 1650; x_wconf 84' lang='lat' dir='ltr'><strong>his:</strong></span> <span class='ocrx_word' id='word_1_202' title='bbox 1063 1601 1130 1651; x_wconf 83' lang='lat' dir='ltr'><strong>Dum</strong></span> 
     </span>
     <span class='ocr_line' id='line_1_21' title="bbox 107 1668 1130 1736; baseline 0.001 -16"><span class='ocrx_word' id='word_1_203' title='bbox 107 1671 225 1735; x_wconf 79' lang='lat' dir='ltr'><strong>differtur</strong></span> <span class='ocrx_word' id='word_1_204' title='bbox 240 1671 291 1720; x_wconf 83' lang='lat' dir='ltr'><strong>uita</strong></span> <span class='ocrx_word' id='word_1_205' title='bbox 314 1671 475 1720; x_wconf 75' lang='lat' dir='ltr'><strong>transcurrit.</strong></span> <span class='ocrx_word' id='word_1_206' title='bbox 517 1668 672 1732; x_wconf 71' lang='lat' dir='ltr'><strong>Turpissima</strong></span> <span class='ocrx_word' id='word_1_207' title='bbox 696 1671 798 1719; x_wconf 81' lang='lat' dir='ltr'><strong>iactura</strong></span> <span class='ocrx_word' id='word_1_208' title='bbox 815 1676 855 1719; x_wconf 84' lang='lat' dir='ltr'><strong>eat</strong></span> <span class='ocrx_word' id='word_1_209' title='bbox 873 1685 919 1735; x_wconf 86' lang='lat' dir='ltr'><strong>que</strong></span> <span class='ocrx_word' id='word_1_210' title='bbox 934 1684 985 1733; x_wconf 83' lang='lat' dir='ltr'><strong>per</strong></span> <span class='ocrx_word' id='word_1_211' title='bbox 1003 1672 1130 1736; x_wconf 74' lang='lat' dir='ltr'><strong>negligen-</strong></span> 
     </span>
     <span class='ocr_line' id='line_1_22' title="bbox 105 1737 1130 1803; baseline 0.002 -14"><span class='ocrx_word' id='word_1_212' title='bbox 105 1741 168 1789; x_wconf 86' lang='lat' dir='ltr'><strong>ciam</strong></span> <span class='ocrx_word' id='word_1_213' title='bbox 179 1739 218 1801; x_wconf 83' lang='lat' dir='ltr'><strong>fit.</strong></span> <span class='ocrx_word' id='word_1_214' title='bbox 237 1765 272 1775; x_wconf 91' lang='lat'><em>-</em></span> <span class='ocrx_word' id='word_1_215' title='bbox 290 1737 406 1801; x_wconf 70' lang='lat' dir='ltr'><strong>Explicit</strong></span> <span class='ocrx_word' id='word_1_216' title='bbox 422 1740 455 1789; x_wconf 87' lang='lat' dir='ltr'><strong>de</strong></span> <span class='ocrx_word' id='word_1_217' title='bbox 471 1738 602 1790; x_wconf 78' lang='lat' dir='ltr'><strong>verboram</strong></span> <span class='ocrx_word' id='word_1_218' title='bbox 622 1739 704 1803; x_wconf 84' lang='lat' dir='ltr'><strong>copia.</strong></span> <span class='ocrx_word' id='word_1_219' title='bbox 741 1737 868 1803; x_wconf 74' lang='lat' dir='ltr'><strong>Incipiunt</strong></span> <span class='ocrx_word' id='word_1_220' title='bbox 878 1739 1016 1802; x_wconf 78' lang='lat' dir='ltr'><strong>proverbia</strong></span> <span class='ocrx_word' id='word_1_221' title='bbox 1032 1737 1130 1791; x_wconf 79' lang='lat' dir='ltr'><strong>Scaeae</strong></span> 
     </span>
     <span class='ocr_line' id='line_1_23' title="bbox 103 1807 1129 1873; baseline 0.001 -15"><span class='ocrx_word' id='word_1_222' title='bbox 103 1807 280 1873; x_wconf 80' lang='lat' dir='ltr'><strong>perordinem</strong></span> <span class='ocrx_word' id='word_1_223' title='bbox 297 1807 432 1870; x_wconf 75' lang='lat' dir='ltr'><strong>alphabeti.</strong></span> <span class='ocrx_word' id='word_1_224' title='bbox 462 1807 544 1867; x_wconf 80' lang='lat' dir='ltr'><strong>Quare</strong></span> <span class='ocrx_word' id='word_1_225' title='bbox 561 1814 666 1872; x_wconf 87' lang='lat' dir='ltr'><strong>apparet</strong></span> <span class='ocrx_word' id='word_1_226' title='bbox 683 1821 733 1857; x_wconf 89' lang='lat' dir='ltr'><strong>nou</strong></span> <span class='ocrx_word' id='word_1_227' title='bbox 749 1815 817 1857; x_wconf 89' lang='lat' dir='ltr'><strong>recte</strong></span> <span class='ocrx_word' id='word_1_228' title='bbox 834 1822 876 1857; x_wconf 92' lang='lat' dir='ltr'><strong>me</strong></span> <span class='ocrx_word' id='word_1_229' title='bbox 893 1807 995 1858; x_wconf 89' lang='lat' dir='ltr'><strong>Martini</strong></span> <span class='ocrx_word' id='word_1_230' title='bbox 1010 1807 1074 1859; x_wconf 83' lang='lat' dir='ltr'><strong>libro</strong></span> <span class='ocrx_word' id='word_1_231' title='bbox 1090 1809 1129 1859; x_wconf 92' lang='lat' dir='ltr'><strong>in·</strong></span> 
     </span>
     <span class='ocr_line' id='line_1_24' title="bbox 105 1876 1127 1943; baseline 0.003 -16"><span class='ocrx_word' id='word_1_232' title='bbox 105 1879 268 1941; x_wconf 88' lang='lat' dir='ltr'><strong>scriptionem</strong></span> <span class='ocrx_word' id='word_1_233' title='bbox 287 1876 356 1927; x_wconf 90' lang='lat' dir='ltr'><strong>illam</strong></span> <span class='ocrx_word' id='word_1_234' title='bbox 373 1876 404 1925; x_wconf 90' lang='lat' dir='ltr'><strong>de</strong></span> <span class='ocrx_word' id='word_1_235' title='bbox 418 1878 551 1927; x_wconf 86' lang='lat' dir='ltr'><strong>verborum</strong></span> <span class='ocrx_word' id='word_1_236' title='bbox 567 1877 641 1942; x_wconf 89' lang='lat' dir='ltr'><strong>copie</strong></span> <span class='ocrx_word' id='word_1_237' title='bbox 652 1876 815 1942; x_wconf 80' lang='lat' dir='ltr'><strong>praefixisse,</strong></span> <span class='ocrx_word' id='word_1_238' title='bbox 835 1877 929 1943; x_wconf 89' lang='lat' dir='ltr'><strong>quippe</strong></span> <span class='ocrx_word' id='word_1_239' title='bbox 945 1892 995 1940; x_wconf 89' lang='lat' dir='ltr'><strong>qua</strong></span> <span class='ocrx_word' id='word_1_240' title='bbox 1009 1892 1060 1928; x_wconf 90' lang='lat' dir='ltr'><strong>non</strong></span> <span class='ocrx_word' id='word_1_241' title='bbox 1075 1885 1127 1930; x_wconf 90' lang='lat' dir='ltr'><strong>tam</strong></span> 
     </span>
     <span class='ocr_line' id='line_1_25' title="bbox 105 1945 1128 2013; baseline 0.002 -18"><span class='ocrx_word' id='word_1_242' title='bbox 105 1946 170 1996; x_wconf 90' lang='lat' dir='ltr'><strong>liber</strong></span> <span class='ocrx_word' id='word_1_243' title='bbox 189 1945 232 1994; x_wconf 91' lang='lat' dir='ltr'><strong>ille</strong></span> <span class='ocrx_word' id='word_1_244' title='bbox 257 1959 303 2009; x_wconf 88' lang='lat' dir='ltr'><strong>per</strong></span> <span class='ocrx_word' id='word_1_245' title='bbox 326 1960 354 1994; x_wconf 90' lang='lat' dir='ltr'><strong>sc</strong></span> <span class='ocrx_word' id='word_1_246' title='bbox 373 1945 444 1996; x_wconf 92' lang='lat' dir='ltr'><strong>solus</strong></span> <span class='ocrx_word' id='word_1_247' title='bbox 467 1945 623 2012; x_wconf 86' lang='lat' dir='ltr'><strong>significetur</strong></span> <span class='ocrx_word' id='word_1_248' title='bbox 643 1946 690 1996; x_wconf 89' lang='lat' dir='ltr'><strong>aed</strong></span> <span class='ocrx_word' id='word_1_249' title='bbox 708 1952 884 2012; x_wconf 83' lang='lat' dir='ltr'><strong>excerptorum</strong></span> <span class='ocrx_word' id='word_1_250' title='bbox 902 1945 1029 2010; x_wconf 79' lang='lat' dir='ltr'><strong>quoddam</strong></span> <span class='ocrx_word' id='word_1_251' title='bbox 1042 1956 1128 2013; x_wconf 72' lang='lat' dir='ltr'><strong>&#39;genus</strong></span> 
     </span>
     <span class='ocr_line' id='line_1_26' title="bbox 107 2014 1126 2081; baseline 0.003 -16"><span class='ocrx_word' id='word_1_252' title='bbox 107 2031 138 2065; x_wconf 87' lang='lat' dir='ltr'><strong>ax</strong></span> <span class='ocrx_word' id='word_1_253' title='bbox 152 2014 196 2064; x_wconf 92' lang='lat' dir='ltr'><strong>illo</strong></span> <span class='ocrx_word' id='word_1_254' title='bbox 213 2020 237 2064; x_wconf 91' lang='lat' dir='ltr'><strong>et</strong></span> <span class='ocrx_word' id='word_1_255' title='bbox 254 2029 286 2064; x_wconf 89' lang='lat' dir='ltr'><strong>ex</strong></span> <span class='ocrx_word' id='word_1_256' title='bbox 307 2014 423 2079; x_wconf 90' lang='lat' dir='ltr'><strong>epistulis</strong></span> <span class='ocrx_word' id='word_1_257' title='bbox 447 2015 596 2073; x_wconf 78' lang='lat' dir='ltr'><strong>condatum3</strong></span> <span class='ocrx_word' id='word_1_258' title='bbox 624 2030 672 2066; x_wconf 89' lang='lat' dir='ltr'><strong>neo</strong></span> <span class='ocrx_word' id='word_1_259' title='bbox 698 2015 768 2065; x_wconf 88' lang='lat' dir='ltr'><strong>aliud</strong></span> <span class='ocrx_word' id='word_1_260' title='bbox 792 2016 876 2065; x_wconf 91' lang='lat' dir='ltr'><strong>inesse</strong></span> <span class='ocrx_word' id='word_1_261' title='bbox 904 2015 1020 2081; x_wconf 89' lang='lat' dir='ltr'><strong>suspicor</strong></span> <span class='ocrx_word' id='word_1_262' title='bbox 1045 2017 1126 2068; x_wconf 76' lang='lat' dir='ltr'><strong>codici</strong></span> 
     </span>
     <span class='ocr_line' id='line_1_27' title="bbox 107 2081 1127 2150; baseline 0.001 -17"><span class='ocrx_word' id='word_1_263' title='bbox 107 2082 304 2150; x_wconf 72' lang='lat' dir='ltr'><strong>Guelferbytano</strong></span> <span class='ocrx_word' id='word_1_264' title='bbox 318 2081 380 2134; x_wconf 82' lang='lat'><strong>794.</strong></span> <span class='ocrx_word' id='word_1_265' title='bbox 401 2085 490 2134; x_wconf 90' lang='lat' dir='ltr'><strong>eadem</strong></span> <span class='ocrx_word' id='word_1_266' title='bbox 506 2100 565 2135; x_wconf 84' lang='lat' dir='ltr'><strong>vero</strong></span> <span class='ocrx_word' id='word_1_267' title='bbox 584 2092 705 2150; x_wconf 88' lang='lat' dir='ltr'><strong>excerpta</strong></span> <span class='ocrx_word' id='word_1_268' title='bbox 723 2097 784 2134; x_wconf 90' lang='lat' dir='ltr'><strong>num</strong></span> <span class='ocrx_word' id='word_1_269' title='bbox 802 2083 824 2132; x_wconf 90' lang='lat' dir='ltr'><strong>is</strong></span> <span class='ocrx_word' id='word_1_270' title='bbox 846 2100 947 2148; x_wconf 90' lang='lat' dir='ltr'><strong>quoque</strong></span> <span class='ocrx_word' id='word_1_271' title='bbox 962 2084 1127 2149; x_wconf 85' lang='lat' dir='ltr'><strong>intellexerit,</strong></span> 
     </span>
     <span class='ocr_line' id='line_1_28' title="bbox 106 2152 1128 2219; baseline 0.004 -18"><span class='ocrx_word' id='word_1_272' title='bbox 106 2153 150 2215; x_wconf 88' lang='lat' dir='ltr'><strong>qui</strong></span> <span class='ocrx_word' id='word_1_273' title='bbox 168 2154 194 2202; x_wconf 92' lang='lat' dir='ltr'><strong>in</strong></span> <span class='ocrx_word' id='word_1_274' title='bbox 208 2167 248 2218; x_wconf 90' lang='lat' dir='ltr'><strong>ep.</strong></span> <span class='ocrx_word' id='word_1_275' title='bbox 275 2152 386 2202; x_wconf 86' lang='lat' dir='ltr'><strong>Senecae</strong></span> <span class='ocrx_word' id='word_1_276' title='bbox 411 2153 444 2202; x_wconf 90' lang='lat' dir='ltr'><strong>ad</strong></span> <span class='ocrx_word' id='word_1_277' title='bbox 466 2153 572 2205; x_wconf 90' lang='lat' dir='ltr'><strong>Paulum</strong></span> <span class='ocrx_word' id='word_1_278' title='bbox 595 2153 655 2204; x_wconf 89' lang='lat' dir='ltr'><strong>libri</strong></span> <span class='ocrx_word' id='word_1_279' title='bbox 677 2154 708 2203; x_wconf 92' lang='lat' dir='ltr'><strong>de</strong></span> <span class='ocrx_word' id='word_1_280' title='bbox 729 2153 864 2203; x_wconf 85' lang='lat' dir='ltr'><strong>verborum</strong></span> <span class='ocrx_word' id='word_1_281' title='bbox 882 2155 958 2219; x_wconf 88' lang='lat' dir='ltr'><strong>copia</strong></span> <span class='ocrx_word' id='word_1_282' title='bbox 973 2155 1128 2205; x_wconf 88' lang='lat' dir='ltr'><strong>mentionem</strong></span> 
     </span>
     <span class='ocr_line' id='line_1_29' title="bbox 106 2220 393 2284; baseline 0.017 -14"><span class='ocrx_word' id='word_1_283' title='bbox 106 2220 181 2284; x_wconf 89' lang='lat' dir='ltr'><strong>lacit,</strong></span> <span class='ocrx_word' id='word_1_284' title='bbox 199 2232 322 2284; x_wconf 88' lang='lat' dir='ltr'><strong>quaerant</strong></span> <span class='ocrx_word' id='word_1_285' title='bbox 340 2221 393 2275; x_wconf 90' lang='lat' dir='ltr'><strong>alii.</strong></span> 
     </span>
    </p>

    <p class='ocr_par' dir='ltr' id='par_1_3' title="bbox 103 2289 1153 3320">
     <span class='ocr_line' id='line_1_30' title="bbox 175 2289 1127 2356; baseline 0.005 -18"><span class='ocrx_word' id='word_1_286' title='bbox 175 2290 348 2356; x_wconf 86' lang='lat' dir='ltr'><strong>Epistulae</strong></span> <span class='ocrx_word' id='word_1_287' title='bbox 365 2289 506 2341; x_wconf 86' lang='lat' dir='ltr'><strong>Senecae</strong></span> <span class='ocrx_word' id='word_1_288' title='bbox 525 2293 562 2342; x_wconf 89' lang='lat' dir='ltr'><strong>ad</strong></span> <span class='ocrx_word' id='word_1_289' title='bbox 578 2292 715 2342; x_wconf 90' lang='lat' dir='ltr'><strong>Paulum</strong></span> <span class='ocrx_word' id='word_1_290' title='bbox 734 2299 763 2342; x_wconf 89' lang='lat' dir='ltr'><strong>et</strong></span> <span class='ocrx_word' id='word_1_291' title='bbox 784 2290 879 2340; x_wconf 87' lang='lat' dir='ltr'><strong>Pauli</strong></span> <span class='ocrx_word' id='word_1_292' title='bbox 903 2291 942 2341; x_wconf 90' lang='lat' dir='ltr'><strong>ad</strong></span> <span class='ocrx_word' id='word_1_293' title='bbox 967 2290 1127 2343; x_wconf 86' lang='lat' dir='ltr'><strong>Senecam</strong></span> 
     </span>
     <span class='ocr_line' id='line_1_31' title="bbox 106 2360 1153 2426; baseline 0.004 -18"><span class='ocrx_word' id='word_1_294' title='bbox 106 2360 314 2424; x_wconf 86' lang='lat' dir='ltr'><strong>corruptissimae</strong></span> <span class='ocrx_word' id='word_1_295' title='bbox 338 2360 563 2423; x_wconf 76' lang='lat' dir='ltr'><strong>circumferuntur,</strong></span> <span class='ocrx_word' id='word_1_296' title='bbox 591 2376 716 2426; x_wconf 87' lang='lat' dir='ltr'><strong>nusquam</strong></span> <span class='ocrx_word' id='word_1_297' title='bbox 741 2369 841 2422; x_wconf 90' lang='lat' dir='ltr'><strong>tamen,</strong></span> <span class='ocrx_word' id='word_1_298' title='bbox 868 2366 897 2409; x_wconf 93' lang='lat' dir='ltr'><strong>ut</strong></span> <span class='ocrx_word' id='word_1_299' title='bbox 923 2375 971 2425; x_wconf 88' lang='lat' dir='ltr'><strong>ego</strong></span> <span class='ocrx_word' id='word_1_300' title='bbox 998 2361 1126 2426; x_wconf 87' lang='lat' dir='ltr'><strong>existimo,</strong></span> <span class='ocrx_word' id='word_1_301' title='bbox 1150 2394 1153 2399; x_wconf 93' lang='lat'>-</span> 
     </span>
     <span class='ocr_line' id='line_1_32' title="bbox 106 2428 1126 2498; baseline 0.004 -21"><span class='ocrx_word' id='word_1_302' title='bbox 106 2430 276 2493; x_wconf 89' lang='lat' dir='ltr'><strong>corruptiores</strong></span> <span class='ocrx_word' id='word_1_303' title='bbox 293 2445 368 2493; x_wconf 90' lang='lat' dir='ltr'><strong>quam</strong></span> <span class='ocrx_word' id='word_1_304' title='bbox 386 2431 456 2496; x_wconf 90' lang='lat' dir='ltr'><strong>apud</strong></span> <span class='ocrx_word' id='word_1_305' title='bbox 474 2431 509 2480; x_wconf 93' lang='lat' dir='ltr'><strong>lo.</strong></span> <span class='ocrx_word' id='word_1_306' title='bbox 528 2431 588 2485; x_wconf 78' lang='lat' dir='ltr'><strong>Alb.</strong></span> <span class='ocrx_word' id='word_1_307' title='bbox 605 2430 749 2481; x_wconf 84' lang='lat' dir='ltr'><strong>Fabricium</strong></span> <span class='ocrx_word' id='word_1_308' title='bbox 766 2431 792 2478; x_wconf 93' lang='lat' dir='ltr'><strong>in</strong></span> <span class='ocrx_word' id='word_1_309' title='bbox 812 2428 875 2484; x_wconf 89' lang='lat' dir='ltr'><strong>Cod.</strong></span> <span class='ocrx_word' id='word_1_310' title='bbox 896 2429 1053 2498; x_wconf 72' lang='lat' dir='ltr'><strong>apocryphm</strong></span> <span class='ocrx_word' id='word_1_311' title='bbox 1078 2432 1126 2481; x_wconf 90' lang='lat' dir='ltr'><strong>ita-</strong></span> 
     </span>
     <span class='ocr_line' id='line_1_33' title="bbox 107 2497 1127 2566; baseline 0.002 -19"><span class='ocrx_word' id='word_1_312' title='bbox 107 2513 154 2561; x_wconf 77' lang='lat' dir='ltr'><strong>que</strong></span> <span class='ocrx_word' id='word_1_313' title='bbox 172 2513 221 2565; x_wconf 89' lang='lat' dir='ltr'><strong>ego</strong></span> <span class='ocrx_word' id='word_1_314' title='bbox 237 2498 306 2561; x_wconf 87' lang='lat' dir='ltr'><strong>quod</strong></span> <span class='ocrx_word' id='word_1_315' title='bbox 324 2507 376 2549; x_wconf 89' lang='lat' dir='ltr'><strong>erat</strong></span> <span class='ocrx_word' id='word_1_316' title='bbox 391 2500 607 2557; x_wconf 86' lang='lat' dir='ltr'><strong>adiumentoram‚</strong></span> <span class='ocrx_word' id='word_1_317' title='bbox 626 2499 761 2566; x_wconf 78' lang='lat' dir='ltr'><strong>diligenter</strong></span> <span class='ocrx_word' id='word_1_318' title='bbox 775 2497 893 2560; x_wconf 87' lang='lat' dir='ltr'><strong>adhibui;</strong></span> <span class='ocrx_word' id='word_1_319' title='bbox 910 2497 1038 2549; x_wconf 77' lang='lat' dir='ltr'><strong>Fickertus</strong></span> <span class='ocrx_word' id='word_1_320' title='bbox 1053 2507 1127 2550; x_wconf 89' lang='lat' dir='ltr'><strong>uten-</strong></span> 
     </span>
     <span class='ocr_line' id='line_1_34' title="bbox 104 2566 1126 2634; baseline 0.001 -17"><span class='ocrx_word' id='word_1_321' title='bbox 104 2566 163 2617; x_wconf 89' lang='lat' dir='ltr'><strong>dam</strong></span> <span class='ocrx_word' id='word_1_322' title='bbox 179 2566 243 2617; x_wconf 89' lang='lat' dir='ltr'><strong>mihi</strong></span> <span class='ocrx_word' id='word_1_323' title='bbox 261 2569 386 2618; x_wconf 91' lang='lat' dir='ltr'><strong>concessit</strong></span> <span class='ocrx_word' id='word_1_324' title='bbox 408 2569 548 2632; x_wconf 87' lang='lat' dir='ltr'><strong>scripturae</strong></span> <span class='ocrx_word' id='word_1_325' title='bbox 567 2567 776 2632; x_wconf 84' lang='lat' dir='ltr'><strong>discrepantiam,</strong></span> <span class='ocrx_word' id='word_1_326' title='bbox 803 2580 878 2630; x_wconf 92' lang='lat' dir='ltr'><strong>quam</strong></span> <span class='ocrx_word' id='word_1_327' title='bbox 903 2582 916 2615; x_wconf 88' lang='lat' dir='ltr'><strong>e</strong></span> <span class='ocrx_word' id='word_1_328' title='bbox 939 2569 997 2624; x_wconf 87' lang='lat' dir='ltr'><strong>cod.</strong></span> <span class='ocrx_word' id='word_1_329' title='bbox 1017 2567 1126 2634; x_wconf 69' lang='lat' dir='ltr'><strong>amplo-</strong></span> 
     </span>
     <span class='ocr_line' id='line_1_35' title="bbox 103 2633 1127 2704; baseline 0.004 -20"><span class='ocrx_word' id='word_1_330' title='bbox 103 2635 181 2684; x_wconf 91' lang='lat' dir='ltr'><strong>niano</strong></span> <span class='ocrx_word' id='word_1_331' title='bbox 206 2637 347 2701; x_wconf 85' lang='lat' dir='ltr'><strong>excerpsit;</strong></span> <span class='ocrx_word' id='word_1_332' title='bbox 375 2651 422 2702; x_wconf 88' lang='lat' dir='ltr'><strong>ego</strong></span> <span class='ocrx_word' id='word_1_333' title='bbox 447 2637 503 2700; x_wconf 91' lang='lat' dir='ltr'><strong>ipse</strong></span> <span class='ocrx_word' id='word_1_334' title='bbox 532 2636 628 2685; x_wconf 90' lang='lat' dir='ltr'><strong>contuli</strong></span> <span class='ocrx_word' id='word_1_335' title='bbox 654 2637 754 2686; x_wconf 89' lang='lat' dir='ltr'><strong>codices</strong></span> <span class='ocrx_word' id='word_1_336' title='bbox 777 2636 841 2685; x_wconf 88' lang='lat' dir='ltr'><strong>daos</strong></span> <span class='ocrx_word' id='word_1_337' title='bbox 862 2633 1068 2704; x_wconf 81' lang='lat' dir='ltr'><strong>Rehdigeranos3</strong></span> <span class='ocrx_word' id='word_1_338' title='bbox 1094 2637 1127 2688; x_wconf 92' lang='lat' dir='ltr'><strong>de</strong></span> 
     </span>
     <span class='ocr_line' id='line_1_36' title="bbox 103 2702 1125 2772; baseline 0.005 -20"><span class='ocrx_word' id='word_1_339' title='bbox 103 2704 186 2752; x_wconf 89' lang='lat' dir='ltr'><strong>tribus</strong></span> <span class='ocrx_word' id='word_1_340' title='bbox 203 2703 243 2752; x_wconf 91' lang='lat' dir='ltr'><strong>his</strong></span> <span class='ocrx_word' id='word_1_341' title='bbox 262 2704 392 2755; x_wconf 86' lang='lat' dir='ltr'><strong>codicibus</strong></span> <span class='ocrx_word' id='word_1_342' title='bbox 417 2703 482 2752; x_wconf 87' lang='lat' dir='ltr'><strong>dixit</strong></span> <span class='ocrx_word' id='word_1_343' title='bbox 505 2703 635 2754; x_wconf 82' lang='lat' dir='ltr'><strong>Ficliertus</strong></span> <span class='ocrx_word' id='word_1_344' title='bbox 653 2705 679 2754; x_wconf 90' lang='lat' dir='ltr'><strong>ln</strong></span> <span class='ocrx_word' id='word_1_345' title='bbox 698 2702 780 2769; x_wconf 85' lang='lat' dir='ltr'><strong>prael.</strong></span> <span class='ocrx_word' id='word_1_346' title='bbox 802 2704 836 2754; x_wconf 93' lang='lat' dir='ltr'><strong>ad</strong></span> <span class='ocrx_word' id='word_1_347' title='bbox 855 2703 967 2756; x_wconf 86' lang='lat' dir='ltr'><strong>Senecae</strong></span> <span class='ocrx_word' id='word_1_348' title='bbox 984 2721 1042 2772; x_wconf 90' lang='lat' dir='ltr'><strong>epp.</strong></span> <span class='ocrx_word' id='word_1_349' title='bbox 1062 2720 1125 2772; x_wconf 85' lang='lat' dir='ltr'><strong>pag.</strong></span> 
     </span>
     <span class='ocr_line' id='line_1_37' title="bbox 104 2768 1127 2839; baseline 0.006 -19"><span class='ocrx_word' id='word_1_350' title='bbox 104 2768 155 2820; x_wconf 87' lang='lat' dir='ltr'><strong>XX</strong></span> <span class='ocrx_word' id='word_1_351' title='bbox 172 2778 196 2820; x_wconf 91' lang='lat' dir='ltr'><strong>et</strong></span> <span class='ocrx_word' id='word_1_352' title='bbox 210 2770 277 2821; x_wconf 86' lang='lat' dir='ltr'><strong>XXI.</strong></span> <span class='ocrx_word' id='word_1_353' title='bbox 297 2770 348 2822; x_wconf 90' lang='lat' dir='ltr'><strong>Sed</strong></span> <span class='ocrx_word' id='word_1_354' title='bbox 366 2772 513 2837; x_wconf 82' lang='lat' dir='ltr'><strong>diligentiae</strong></span> <span class='ocrx_word' id='word_1_355' title='bbox 530 2773 585 2822; x_wconf 91' lang='lat' dir='ltr'><strong>eius</strong></span> <span class='ocrx_word' id='word_1_356' title='bbox 605 2775 712 2839; x_wconf 86' lang='lat' dir='ltr'><strong>exiguus</strong></span> <span class='ocrx_word' id='word_1_357' title='bbox 731 2771 829 2822; x_wconf 86' lang='lat' dir='ltr'><strong>iructus</strong></span> <span class='ocrx_word' id='word_1_358' title='bbox 851 2772 911 2837; x_wconf 77' lang='lat' dir='ltr'><strong>luit3</strong></span> <span class='ocrx_word' id='word_1_359' title='bbox 933 2789 992 2825; x_wconf 89' lang='lat' dir='ltr'><strong>nam</strong></span> <span class='ocrx_word' id='word_1_360' title='bbox 1010 2775 1057 2825; x_wconf 90' lang='lat' dir='ltr'><strong>etsi</strong></span> <span class='ocrx_word' id='word_1_361' title='bbox 1075 2789 1127 2826; x_wconf 91' lang='lat' dir='ltr'><strong>non</strong></span> 
     </span>
     <span class='ocr_line' id='line_1_38' title="bbox 105 2837 1126 2908; baseline 0.004 -18"><span class='ocrx_word' id='word_1_362' title='bbox 105 2837 210 2890; x_wconf 87' lang='lat' dir='ltr'><strong>dllflcile</strong></span> <span class='ocrx_word' id='word_1_363' title='bbox 222 2839 285 2903; x_wconf 87' lang='lat' dir='ltr'><strong>luit,</strong></span> <span class='ocrx_word' id='word_1_364' title='bbox 305 2856 370 2903; x_wconf 89' lang='lat' dir='ltr'><strong>quae</strong></span> <span class='ocrx_word' id='word_1_365' title='bbox 384 2841 513 2891; x_wconf 83' lang='lat' dir='ltr'><strong>Fabricius</strong></span> <span class='ocrx_word' id='word_1_366' title='bbox 527 2850 672 2908; x_wconf 87' lang='lat' dir='ltr'><strong>corruperat</strong></span> <span class='ocrx_word' id='word_1_367' title='bbox 683 2849 726 2891; x_wconf 90' lang='lat' dir='ltr'><strong>aut</strong></span> <span class='ocrx_word' id='word_1_368' title='bbox 741 2842 834 2892; x_wconf 89' lang='lat' dir='ltr'><strong>iniuria</strong></span> <span class='ocrx_word' id='word_1_369' title='bbox 850 2842 968 2893; x_wconf 90' lang='lat' dir='ltr'><strong>omiserat</strong></span> <span class='ocrx_word' id='word_1_370' title='bbox 984 2843 1126 2906; x_wconf 87' lang='lat' dir='ltr'><strong>restituere,</strong></span> 
     </span>
     <span class='ocr_line' id='line_1_39' title="bbox 104 2909 1127 2977; baseline 0.005 -19"><span class='ocrx_word' id='word_1_371' title='bbox 104 2913 189 2958; x_wconf 92' lang='lat' dir='ltr'><strong>tamen</strong></span> <span class='ocrx_word' id='word_1_372' title='bbox 210 2915 247 2958; x_wconf 91' lang='lat' dir='ltr'><strong>tot</strong></span> <span class='ocrx_word' id='word_1_373' title='bbox 269 2917 406 2974; x_wconf 91' lang='lat' dir='ltr'><strong>supersunt</strong></span> <span class='ocrx_word' id='word_1_374' title='bbox 427 2909 476 2958; x_wconf 90' lang='lat' dir='ltr'><strong>loci</strong></span> <span class='ocrx_word' id='word_1_375' title='bbox 494 2910 564 2961; x_wconf 91' lang='lat' dir='ltr'><strong>dubii</strong></span> <span class='ocrx_word' id='word_1_376' title='bbox 580 2919 604 2962; x_wconf 89' lang='lat' dir='ltr'><strong>et</strong></span> <span class='ocrx_word' id='word_1_377' title='bbox 622 2911 767 2977; x_wconf 87' lang='lat' dir='ltr'><strong>depravati,</strong></span> <span class='ocrx_word' id='word_1_378' title='bbox 792 2917 822 2960; x_wconf 89' lang='lat' dir='ltr'><strong>ut</strong></span> <span class='ocrx_word' id='word_1_379' title='bbox 847 2911 983 2962; x_wconf 88' lang='lat' dir='ltr'><strong>verisimile</strong></span> <span class='ocrx_word' id='word_1_380' title='bbox 1008 2911 1072 2963; x_wconf 83' lang='lat' dir='ltr'><strong>milri</strong></span> <span class='ocrx_word' id='word_1_381' title='bbox 1092 2913 1127 2963; x_wconf 89' lang='lat' dir='ltr'><strong>sit</strong></span> 
     </span>
     <span class='ocr_line' id='line_1_40' title="bbox 104 2976 1126 3047; baseline 0.006 -22"><span class='ocrx_word' id='word_1_382' title='bbox 104 2977 217 3041; x_wconf 90' lang='lat' dir='ltr'><strong>ineptam</strong></span> <span class='ocrx_word' id='word_1_383' title='bbox 234 2976 329 3027; x_wconf 79' lang='lat' dir='ltr'><strong>falsarii</strong></span> <span class='ocrx_word' id='word_1_384' title='bbox 349 2978 487 3029; x_wconf 89' lang='lat' dir='ltr'><strong>orationem</strong></span> <span class='ocrx_word' id='word_1_385' title='bbox 503 2980 555 3029; x_wconf 88' lang='lat' dir='ltr'><strong>iam</strong></span> <span class='ocrx_word' id='word_1_386' title='bbox 576 2994 591 3029; x_wconf 91' lang='lat' dir='ltr'><strong>a</strong></span> <span class='ocrx_word' id='word_1_387' title='bbox 611 2981 736 3031; x_wconf 89' lang='lat' dir='ltr'><strong>veteribus</strong></span> <span class='ocrx_word' id='word_1_388' title='bbox 753 2978 863 3030; x_wconf 87' lang='lat' dir='ltr'><strong>librariis</strong></span> <span class='ocrx_word' id='word_1_389' title='bbox 882 2982 964 3047; x_wconf 88' lang='lat' dir='ltr'><strong>magis</strong></span> <span class='ocrx_word' id='word_1_390' title='bbox 988 2981 1064 3031; x_wconf 87' lang='lat' dir='ltr'><strong>etiam</strong></span> <span class='ocrx_word' id='word_1_391' title='bbox 1088 2981 1126 3032; x_wconf 84' lang='lat' dir='ltr'><strong>vi·</strong></span> 
     </span>
     <span class='ocr_line' id='line_1_41' title="bbox 103 3044 1126 3116; baseline 0.005 -22"><span class='ocrx_word' id='word_1_392' title='bbox 103 3044 190 3095; x_wconf 90' lang='lat' dir='ltr'><strong>tiatam</strong></span> <span class='ocrx_word' id='word_1_393' title='bbox 211 3060 282 3105; x_wconf 89' lang='lat' dir='ltr'><strong>esse;</strong></span> <span class='ocrx_word' id='word_1_394' title='bbox 307 3049 353 3097; x_wconf 90' lang='lat' dir='ltr'><strong>sed</strong></span> <span class='ocrx_word' id='word_1_395' title='bbox 375 3056 458 3097; x_wconf 90' lang='lat' dir='ltr'><strong>tamen</strong></span> <span class='ocrx_word' id='word_1_396' title='bbox 474 3049 592 3110; x_wconf 89' lang='lat' dir='ltr'><strong>quoniam</strong></span> <span class='ocrx_word' id='word_1_397' title='bbox 607 3049 707 3099; x_wconf 89' lang='lat' dir='ltr'><strong>codices</strong></span> <span class='ocrx_word' id='word_1_398' title='bbox 726 3049 902 3112; x_wconf 85' lang='lat' dir='ltr'><strong>vetustissimi,</strong></span> <span class='ocrx_word' id='word_1_399' title='bbox 929 3051 1126 3116; x_wconf 82' lang='lat' dir='ltr'><strong>Argentoraten-</strong></span> 
     </span>
     <span class='ocr_line' id='line_1_42' title="bbox 104 3113 1127 3184; baseline 0.007 -21"><span class='ocrx_word' id='word_1_400' title='bbox 104 3113 155 3174; x_wconf 88' lang='lat' dir='ltr'><strong>sis,</strong></span> <span class='ocrx_word' id='word_1_401' title='bbox 169 3129 220 3178; x_wconf 90' lang='lat' dir='ltr'><strong>quo</strong></span> <span class='ocrx_word' id='word_1_402' title='bbox 236 3116 360 3181; x_wconf 89' lang='lat' dir='ltr'><strong>epistulae</strong></span> <span class='ocrx_word' id='word_1_403' title='bbox 377 3116 502 3178; x_wconf 88' lang='lat' dir='ltr'><strong>Senecae,</strong></span> <span class='ocrx_word' id='word_1_404' title='bbox 526 3125 551 3167; x_wconf 90' lang='lat' dir='ltr'><strong>et</strong></span> <span class='ocrx_word' id='word_1_405' title='bbox 565 3116 777 3178; x_wconf 88' lang='lat' dir='ltr'><strong>Mediolanensis,</strong></span> <span class='ocrx_word' id='word_1_406' title='bbox 803 3133 852 3181; x_wconf 92' lang='lat' dir='ltr'><strong>quo</strong></span> <span class='ocrx_word' id='word_1_407' title='bbox 877 3118 973 3184; x_wconf 84' lang='lat' dir='ltr'><strong>dialogi</strong></span> <span class='ocrx_word' id='word_1_408' title='bbox 996 3118 1127 3170; x_wconf 85' lang='lat' dir='ltr'><strong>contineu-</strong></span> 
     </span>
     <span class='ocr_line' id='line_1_43' title="bbox 103 3185 1126 3253; baseline 0.006 -21"><span class='ocrx_word' id='word_1_409' title='bbox 103 3190 158 3243; x_wconf 89' lang='lat' dir='ltr'><strong>tur,</strong></span> <span class='ocrx_word' id='word_1_410' title='bbox 177 3185 210 3234; x_wconf 93' lang='lat' dir='ltr'><strong>ad</strong></span> <span class='ocrx_word' id='word_1_411' title='bbox 227 3185 398 3236; x_wconf 89' lang='lat' dir='ltr'><strong>emendandas</strong></span> <span class='ocrx_word' id='word_1_412' title='bbox 416 3186 564 3236; x_wconf 89' lang='lat' dir='ltr'><strong>subditicias</strong></span> <span class='ocrx_word' id='word_1_413' title='bbox 582 3187 628 3237; x_wconf 91' lang='lat' dir='ltr'><strong>has</strong></span> <span class='ocrx_word' id='word_1_414' title='bbox 648 3186 769 3253; x_wconf 89' lang='lat' dir='ltr'><strong>epistulas</strong></span> <span class='ocrx_word' id='word_1_415' title='bbox 787 3187 900 3237; x_wconf 89' lang='lat' dir='ltr'><strong>nondum</strong></span> <span class='ocrx_word' id='word_1_416' title='bbox 924 3188 1032 3239; x_wconf 90' lang='lat' dir='ltr'><strong>adhibiti</strong></span> <span class='ocrx_word' id='word_1_417' title='bbox 1057 3196 1126 3250; x_wconf 86' lang='lat' dir='ltr'><strong>sunt,</strong></span> 
     </span>
     <span class='ocr_line' id='line_1_44' title="bbox 104 3254 681 3320; baseline 0.009 -19"><span class='ocrx_word' id='word_1_418' title='bbox 104 3265 206 3316; x_wconf 88' lang='lat' dir='ltr'><strong>sperare</strong></span> <span class='ocrx_word' id='word_1_419' title='bbox 235 3254 267 3303; x_wconf 92' lang='lat' dir='ltr'><strong>de</strong></span> <span class='ocrx_word' id='word_1_420' title='bbox 294 3255 327 3303; x_wconf 89' lang='lat' dir='ltr'><strong>ils</strong></span> <span class='ocrx_word' id='word_1_421' title='bbox 354 3255 450 3320; x_wconf 89' lang='lat' dir='ltr'><strong>optima</strong></span> <span class='ocrx_word' id='word_1_422' title='bbox 477 3270 592 3319; x_wconf 86' lang='lat' dir='ltr'><strong>quaeque</strong></span> <span class='ocrx_word' id='word_1_423' title='bbox 617 3257 681 3307; x_wconf 89' lang='lat' dir='ltr'><strong>licet.</strong></span> 
     </span>
    </p>

    <p class='ocr_par' dir='ltr' id='par_1_4' title="bbox 104 3322 1126 3447">
     <span class='ocr_line' id='line_1_45' title="bbox 173 3322 1126 3391; baseline 0.004 -19"><span class='ocrx_word' id='word_1_424' title='bbox 173 3322 267 3374; x_wconf 90' lang='lat' dir='ltr'><strong>Ultimo</strong></span> <span class='ocrx_word' id='word_1_425' title='bbox 299 3323 355 3374; x_wconf 92' lang='lat' dir='ltr'><strong>loco</strong></span> <span class='ocrx_word' id='word_1_426' title='bbox 385 3324 460 3389; x_wconf 89' lang='lat' dir='ltr'><strong>posui</strong></span> <span class='ocrx_word' id='word_1_427' title='bbox 488 3325 692 3391; x_wconf 87' lang='lat' dir='ltr'><strong>epitaphium</strong></span> <span class='ocrx_word' id='word_1_428' title='bbox 720 3327 879 3388; x_wconf 85' lang='lat' dir='ltr'><strong>Senecae,</strong></span> <span class='ocrx_word' id='word_1_429' title='bbox 905 3326 974 3391; x_wconf 88' lang='lat' dir='ltr'><strong>quod</strong></span> <span class='ocrx_word' id='word_1_430' title='bbox 1004 3325 1126 3391; x_wconf 88' lang='lat' dir='ltr'><strong>plurimis</strong></span> 
     </span>
     <span class='ocr_line' id='line_1_46' title="bbox 104 3385 659 3447; baseline 0.011 -10"><span class='ocrx_word' id='word_1_431' title='bbox 104 3385 216 3441; x_wconf 88' lang='lat' dir='ltr'><strong>Senecae</strong></span> <span class='ocrx_word' id='word_1_432' title='bbox 235 3391 366 3443; x_wconf 90' lang='lat' dir='ltr'><strong>codicibus</strong></span> <span class='ocrx_word' id='word_1_433' title='bbox 382 3407 445 3443; x_wconf 87' lang='lat' dir='ltr'><strong>mss.</strong></span> <span class='ocrx_word' id='word_1_434' title='bbox 468 3393 597 3447; x_wconf 88' lang='lat' dir='ltr'><strong>adiectum</strong></span> <span class='ocrx_word' id='word_1_435' title='bbox 613 3402 659 3444; x_wconf 88' lang='lat' dir='ltr'><strong>cst.</strong></span> 
     </span>
    </p>

    <p class='ocr_par' dir='ltr' id='par_1_5' title="bbox 173 3458 1125 3531">
     <span class='ocr_line' id='line_1_47' title="bbox 173 3458 1125 3531; baseline 0.007 -23"><span class='ocrx_word' id='word_1_436' title='bbox 173 3459 285 3509; x_wconf 86' lang='lat' dir='ltr'><strong>iadicem</strong></span> <span class='ocrx_word' id='word_1_437' title='bbox 310 3461 419 3524; x_wconf 87' lang='lat' dir='ltr'><strong>denique</strong></span> <span class='ocrx_word' id='word_1_438' title='bbox 439 3458 523 3510; x_wconf 81' lang='lat' dir='ltr'><strong>re&#39;ium</strong></span> <span class='ocrx_word' id='word_1_439' title='bbox 548 3461 748 3531; x_wconf 84' lang='lat' dir='ltr'><strong>memorabilium</strong></span> <span class='ocrx_word' id='word_1_440' title='bbox 773 3476 874 3513; x_wconf 88' lang='lat' dir='ltr'><strong>summa</strong></span> <span class='ocrx_word' id='word_1_441' title='bbox 902 3461 1033 3529; x_wconf 87' lang='lat' dir='ltr'><strong>diligentia</strong></span> <span class='ocrx_word' id='word_1_442' title='bbox 1064 3479 1125 3515; x_wconf 91' lang='lat' dir='ltr'><strong>con·</strong></span> 
     </span>
    </p>
   </div>
   <div class='ocr_carea' id='block_1_3' title="bbox 0 0 1234 3916">
    <p class='ocr_par' dir='ltr' id='par_1_6' title="bbox 0 0 1234 3916">
     <span class='ocr_line' id='line_1_48' title="bbox 0 0 1234 3916; baseline 0 1"><span class='ocrx_word' id='word_1_443' title='bbox 0 0 1234 3916; x_wconf 95' lang='lat' dir='ltr'><strong> </strong></span> 
     </span>
    </p>
   </div>
  </div>
 </body>
</html>
