2468 3930
144 237 210 303 300
443 235 476 294 L
491 232 639 293 ANNAEI
660 229 837 293 SENECAE

117 392 237 466 oouod
252 391 338 462 dioc,
359 389 420 448 tale
435 394 496 447 est:
523 386 738 462 grammaticus
760 401 823 447 uon
843 385 1008 449 erubescet
1029 387 1134 449 soloe·

147 478 253 548 cismo,
271 473 297 533 si
312 471 416 532 sciens
432 471 519 530 iacit:
538 471 714 544 erubescet,
730 470 758 530 si
772 469 925 530 nesciens.
947 469 1091 532 medicus
1107 470 1135 532 si

147 559 282 621 delicere
296 572 421 630 aegrum
436 571 497 616 non
512 553 672 629 intellegit,
697 561 843 630 quantum
862 554 902 614 ad
922 561 1019 615 artem
1033 554 1134 630 magis

146 648 272 720 peccat,
293 656 384 715 quam
405 640 432 699 si
453 655 488 700 se
502 639 679 713 intellegere
694 638 882 699 dissimulat:
905 644 936 698 at
946 638 978 700 iu
991 637 1053 700 hac
1068 645 1134 705 arie

145 726 270 787 vivendi
284 724 403 799 turpior
418 724 582 784 volentium
598 724 690 798 culpa
704 730 760 784 est.
804 722 903 782 Adice
923 738 1020 795 nunc,
1047 725 1133 800 quod

147 817 229 872 artes
246 814 370 884 quoque
385 808 560 883 pleraeque,
575 805 666 868 immo
685 822 725 866 ex
742 806 884 867 omnibus
899 806 1135 868 liberalissimae

145 894 260 954 habent
272 893 395 952 decreta
409 908 475 965 sua,
492 907 554 952 uon
566 897 865 966 tantumpraecepta,
881 891 961 951 sicut
971 889 1133 952 medicina

147 979 252 1054 itaque
272 978 332 1037 alia
354 983 402 1037 est
414 976 611 1051 Hippocratis
634 983 734 1050 secta,
761 975 820 1035 alia
833 974 1047 1050 Asclepiadis,
1074 976 1136 1037 alia

105 1060 350 1128 lo'lhemisonis.
393 1059 557 1120 Praeterea
575 1061 658 1120 uuila
678 1076 729 1121 ars
745 1059 983 1134 contemplativa
996 1061 1066 1120 siue
1081 1061 1134 1122 de-

148 1147 240 1208 cretis
256 1147 322 1206 suis
337 1152 394 1219 est,
411 1160 490 1219 quae
507 1144 615 1204 Graeci
629 1152 742 1204 vocant
762 1145 955 1219 dogmata,
976 1143 1069 1205 nobis
1086 1145 1135 1208 vel

148 1230 307 1291 decreta
322 1229 392 1290 licet
409 1230 565 1304 adpellare
583 1229 631 1288 vel
648 1228 750 1289 scita
764 1229 813 1288 vel
829 1226 1090 1305 placita-quae
1105 1235 1136 1288 et

147 1315 177 1376 in
193 1315 361 1390 geometria
377 1315 447 1372 etin
459 1313 646 1373 astronomia
656 1313 805 1373 invenies.
822 1311 1022 1386 Philosophia
1032 1320 1134 1375 autem

147 1405 177 1459 et
204 1398 440 1472 contemplativa
464 1403 512 1456 est
536 1404 566 1457 et
591 1397 707 1458 activa:
741 1403 861 1472 spectat
882 1397 973 1457 simul
998 1398 1134 1474 agitque.

148 1485 235 1544 erras
255 1482 350 1552 enim,
377 1482 404 1540 si
425 1481 478 1541 tibi
497 1480 579 1539 illam
600 1488 692 1557 putas
707 1487 823 1542 tantum
843 1486 1005 1542 terrestres
1020 1497 1134 1557 operas

147 1565 337 1643 promittere=
359 1565 449 1625 altius
466 1563 571 1640 spirat
593 1573 709 1640 ,totum
725 1566 995 1641 inquit,n1undum
1013 1573 1135 1627 scrutor

146 1666 205 1712 uec
220 1665 269 1709 me
283 1650 362 1709 intra
376 1650 608 1710 contubernium
622 1651 750 1711 mortale
772 1651 915 1712 contineo
931 1650 1067 1711 suadere
1079 1665 1132 1710 vo·

146 1733 195 1794 bis
211 1750 248 1793 ac
264 1733 447 1793 dissuadere
462 1741 614 1796 contenta.
643 1750 754 1810 magua
773 1750 822 1795 me
843 1741 958 1796 vocant
974 1749 1133 1812 supraque

145 1833 205 1878 vos
219 1819 343 1894 posita‘

106 1911 138 1964 11
230 1902 308 1962 Num
322 1903 375 1963 tide·
388 1903 425 1963 de
437 1920 552 1963 samm
565 1905 640 1963 coeli
651 1904 767 1964 radone
782 1904 927 1979 deamque

196 2030 200 2035 .
231 1988 384 2047 Disserere
399 1989 542 2064 ineptam
555 1997 584 2047 et
597 2004 699 2048 rerum
708 1989 883 2063 primordio
891 1987 1048 2064 pandant:

235 2070 320 2132 Unde
334 2070 554 2132 omnicoetum
567 2079 648 2132 creet
660 2088 718 2145 res,
736 2079 835 2133 auctet
849 2075 979 2148 aratque,

232 2155 351 2232 Quoque
364 2157 469 2217 eadem
485 2173 592 2216 rursus
607 2163 719 2216 natura
729 2163 888 2232 perempto
900 2159 1038 2230 resolvat,

146 2247 180 2301 ut
194 2240 236 2300 ait
249 2238 418 2300 Lucretius.
443 2241 580 2315 sequitur
597 2256 672 2316 ergo
689 2244 732 2313 ut,
748 2257 817 2301 curn
832 2239 1072 2316 contemplativa
1085 2239 1132 2313 sit,

104 2324 257 2389 lahabeat
273 2325 396 2384 decreta
411 2341 478 2385 sua.
523 2323 622 2400 Quidt
642 2325 728 2399 quod
743 2325 886 2385 iacienda
901 2339 1028 2400 quoque
1042 2338 1132 2384 nemo

144 2409 201 2469 rite
217 2408 313 2469 obibit
326 2410 385 2468 nisi
400 2409 441 2483 is,
463 2407 514 2469 cui
528 2409 605 2468 ratio
621 2409 677 2468 erit
693 2409 816 2480 tradita,
835 2425 898 2484 qua
914 2411 945 2470 in
961 2423 1086 2485 quaque
1099 2422 1133 2467 re

146 2509 254 2554 omues
270 2493 442 2555 ciliciorum
457 2507 602 2553 numeros
617 2493 748 2568 exsequi
764 2491 873 2570 possit,
895 2509 975 2570 quos
990 2509 1054 2554 non
1068 2506 1132 2552 scr·

144 2578 243 2650 vobit,
266 2577 318 2652 qui
337 2578 367 2635 in
388 2592 454 2636 rem
470 2583 635 2651 praccepta
649 2577 818 2653 acceperit,
834 2594 897 2639 non
912 2579 944 2640 in
959 2593 1060 2639 omne.
1088 2576 1131 2636 in·

143 2661 255 2721 bacilla
270 2667 342 2720 sunt
356 2675 412 2735 per
429 2676 464 2720 se
477 2668 516 2735 et,
530 2669 565 2721 ut
579 2661 621 2720 ita
636 2662 746 2737 dicam,
761 2663 828 2722 sine
839 2663 954 2736 radice,
970 2675 1052 2738 quae
1063 2675 1133 2735 par-

143 2745 225 2804 tibus
241 2743 359 2803 dantur.
382 2745 513 2805 Decreta
529 2750 613 2821 sunt,
630 2762 710 2821 quae
725 2747 871 2821 muniant,
888 2761 970 2822 quae
984 2743 1132 2806 securita-

144 2834 205 2888 tem
232 2836 369 2888 nostram
399 2829 709 2906 tranquillitatemqae
737 2837 895 2906 tueantur,
928 2845 1009 2906 quae
1031 2835 1133 2890 totam

143 2912 235 2972 vitam
257 2918 417 2989 totamque
434 2930 537 2975 rerum
557 2922 696 2976 naturam
718 2917 808 2977 simul
835 2916 1021 2976 contineant.
1064 2912 1133 2973 Idoc

143 2995 271 3058 interest
294 2996 374 3058 inter
398 2998 522 3059 decreto
542 2999 759 3076 philosophiae
783 3008 814 3060 et
838 3006 1019 3076 praecepta,
1047 2996 1133 3075 quod

143 3082 222 3143 iuter
237 3084 387 3144 elementa
401 3090 431 3143 et
446 3084 598 3144 membra=
626 3083 703 3144 haec
725 3101 763 3145 ex
784 3085 844 3145 illis
867 3083 1059 3160 dependent,
1081 3080 1134 3142 ilia

102 3173 173 3228 ldet
187 3167 297 3228 horum
313 3183 427 3230 causae
442 3175 513 3229 sunt
527 3175 558 3228 et
577 3169 721 3229 omnium.
750 3169 921 3245 „Antiqua,
944 3166 1059 3243 inquit,
1083 3180 1132 3227 sa-

143 3253 258 3328 pientia
273 3251 347 3312 nihil
362 3253 445 3314 aliud
460 3268 553 3329 quam
570 3253 711 3313 iacienda
732 3269 768 3314 ac
788 3254 914 3315 vitanda
929 3251 1134 3329 praecepitei

143 3343 216 3397 tuuc
227 3339 319 3412 longe
331 3338 473 3399 meliores
485 3343 573 3397 erant
583 3337 656 3397 viri=
669 3347 835 3416 postquam
847 3337 930 3398 docti
942 3337 1133 3413 prodierunt,

142 3420 217 3481 boni
232 3423 353 3482 desunt.
382 3423 514 3496 simplex
530 3422 611 3482 enim
626 3421 677 3482 illa
693 3429 724 3482 et
738 3429 845 3499 aperta
858 3420 956 3482 virtus
970 3420 1002 3482 in
1018 3420 1132 3482 obscu-

141 3518 208 3563 ram
229 3511 259 3564 et
281 3507 425 3567 solertem
440 3505 599 3566 scientiam
617 3520 710 3566 versa
731 3515 780 3568 est
798 3508 1010 3582 docemurque
1024 3504 1133 3582 dispu-
