2468 3930
188 238 257 303 222
478 236 511 296 L.
533 236 680 299 ΑΝΝΑΕΙ
704 235 879 299 SENECAE

188 391 259 453 mali
273 391 394 463 latebat,
410 389 545 462 emergit.
568 405 630 449 non
647 389 719 448 lacit
733 389 865 451 ebrietas
878 387 965 463 vilia,
981 388 1039 448 sed
1053 397 1170 464 protra-

189 475 246 536 hit=
262 483 335 537 tunc
349 472 536 534 libidinosus
547 489 586 532 ne
603 471 774 533 cubiculum
790 471 919 547 quidem.
928 479 1101 548 exspectat,
1115 475 1172 534 sed

189 557 406 632 cupiditatibus
421 556 650 630 suisquuntum
664 554 831 631 petierunt,
858 553 1084 617 sinezdilatione
1102 572 1172 632 per-

187 641 282 702 mittit.
304 648 377 702 tunc
386 640 551 715 inpudicus
564 640 704 701 morbum
716 639 926 703 confitetur-ac
940 637 1172 715 publicatione

187 727 332 800 petulans
350 739 412 784 non
433 724 584 799 linguam,
608 738 670 784 non
691 738 814 786 manum
836 722 978 785 continet.
1002 725 1114 785 erescit
1128 725 1172 785 ine

188 809 299 868 solenti
310 807 465 883 superbia,
480 807 763 882 crudelitassaauo,
778 805 949 882 malignitas
960 805 1064 869 livido.
1081 823 1173 870 omne

145 892 295 953 alvitium
314 893 436 952 laxatur
457 897 488 952 et
507 891 617 966 prodit.
646 889 746 952 Adice
767 891 848 953 illam
869 889 1092 966 ignorationem
1113 893 1170 965 sui,

188 973 282 1036 dubia
295 983 326 1036 et
339 991 448 1051 parum
463 976 626 1052 explanata
640 975 747 1049 verba,
760 972 894 1036 incertos
907 976 1026 1050 oculos,
1042 976 1173 1052 gradum

188 1065 356 1132 errantem,
370 1059 552 1133 vertiginem
562 1059 689 1135 capitis,
706 1065 787 1120 tecta
800 1058 870 1133 ipsa
883 1058 1010 1121 mobilia
1022 1062 1105 1123 velut
1118 1061 1171 1122 ali·

188 1159 251 1217 quo
272 1143 392 1204 turbine
411 1143 636 1219 circumagente
656 1149 749 1203 totam
777 1142 915 1218 domum,
941 1143 1090 1205 stomachi
1110 1151 1171 1204 tor-

188 1233 301 1302 menta,
318 1243 387 1288 oum
405 1226 580 1287 effervescit
599 1242 715 1289 merum
737 1225 910 1286 achisama
929 1224 1170 1301 ipsa-distendit.

188 1317 262 1371 tunc
276 1317 378 1372 mmen
389 1319 554 1385 utcumque
570 1311 728 1372 tolerabile
742 1317 804 1383 est,
829 1310 900 1369 dum
915 1310 958 1369 illi
972 1310 1025 1372 vis,
1036 1327 1095 1370 sua
1109 1319 1170 1372 est:

189 1395 278 1469 quid,
304 1410 375 1457 curn
389 1409 498 1454 somno
515 1393 681 1456 vitiaturct
701 1408 782 1468 quae
794 1391 925 1452 ebrietas
940 1392 1009 1467 luit,
1035 1394 1170 1454 cruditas

145 1479 269 1539 selecta
283 1480 357 1538 estt-
372 1475 490 1551 Cogita
516 1493 594 1552 quas
610 1478 719 1539 clades
736 1474 864 1538 ediderit
883 1475 1169 1551 publicacbrietas=

187 1561 264 1620 haec
293 1561 462 1621 acerrimas
486 1568 593 1635 gentes
618 1561 850 1635 bellicosasque
869 1558 1016 1621 hostibus·
1036 1561 1170 1622 tradidit.

186 1644 264 1703 haec
285 1644 449 1704 multorum
470 1659 620 1707 annorum
640 1644 787 1720 pertinaci
808 1643 889 1707 bello
905 1643 1035 1705 detensa
1047 1644 1170 1705 moenia

186 1727 339 1802 patefecit.
363 1727 441 1788 haec
461 1726 747 1789 contumacissimos
768 1734 800 1787 ct
819 1727 923 1802 iugum
942 1735 1123 1790 recusantes
1138 1728 1168 1788 in

187 1811 319 1870 alienum
334 1811 395 1884 egit
413 1809 578 1871 arbitrium.
603 1811 681 1871 haec
700 1811 831 1871 invictos
851 1810 918 1872 acie
938 1827 1023 1871 mero
1037 1811 1169 1874 domuit.

145 1894 409 1966 athlexandrum,
431 1892 626 1954 cuiusmodo
642 1893 700 1954 leci
714 1894 913 1968 mentionem,
928 1900 973 1954 tot
986 1895 1109 1968 itinera,
1125 1901 1170 1956 tot

185 1977 311 2053 praelia,
326 1984 371 2038 tot
385 1977 510 2052 hiemes,
527 1993 584 2053 per
598 1993 680 2052 quas
690 1977 771 2039 victa
782 1983 954 2052 temporum
968 1979 1170 2052 locorumque

187 2060 364 2121 difficultate
382 2060 560 2134 transierat,
578 2067 623 2122 tot
637 2059 764 2126 liutaina
778 2076 817 2120 ex
831 2060 935 2135 ignoto
952 2062 1108 2135 cadentia,
1126 2069 1169 2124 tot

185 2144 281 2205 maria
294 2151 391 2206 tutum
406 2142 600 2207 dimiserunt=
614 2143 845 2221 intemperantia
854 2145 978 2206 bibendi
991 2153 1021 2207 et
1032 2147 1168 2209 illeHer·

144 2230 332 2291 asculaneus
348 2244 385 2289 ac
399 2228 499 2289 fatalis
513 2230 653 2308 scyphus
669 2227 814 2291 condidit.
843 2228 927 2303 Quae
941 2230 1102 2304 gloriaest
1117 2245 1167 2290 aa·

186 2328 261 2389 pere
271 2314 419 2374 multumt
439 2327 508 2374 eum
520 2329 618 2390 penes
628 2322 658 2375 te
672 2316 774 2390 palma
788 2314 878 2374 luerit
893 2321 924 2374 et
938 2315 1168 2389 propinationes

186 2404 256 2458 tuas
271 2397 357 2458 strati
371 2412 481 2458 somno
497 2414 533 2458 ac
548 2399 728 2459 vomitantes
741 2397 960 2471 recusaverint,
977 2415 1045 2459 cam
1060 2413 1168 2473 super-

187 2486 252 2541 stes
266 2481 321 2542 toti
336 2481 479 2542 convivio
490 2482 594 2557 lucris,
609 2497 797 2544 cumsomnes
809 2482 918 2543 viceris
931 2482 1040 2543 virtute
1052 2482 1167 2558 magni·

144 2563 246 2627 asfica
267 2570 297 2624 et
316 2580 407 2625 nemo
428 2571 489 2624 tarn
504 2566 567 2626 vini
583 2581 683 2640 capax
696 2565 799 2626 luerim
820 2566 953 2626 vinceris
969 2566 1094 2628 adolio.
1124 2566 1165 2624 M.

184 2648 360 2720 Antonium,
377 2663 519 2722 magnum
532 2648 631 2708 virum
643 2655 673 2708 et
681 2646 798 2723 ingenii
809 2647 931 2723 nobilis,
948 2665 1028 2724 quae
1043 2650 1103 2710 alia
1115 2665 1167 2709 res

187 2729 320 2805 perdidit
331 2738 362 2791 et
372 2729 402 2790 in
415 2737 559 2792 externos
571 2746 674 2793 mores
686 2748 722 2793 ac
736 2732 808 2792 vitia
823 2749 889 2793 non·
898 2733 1038 2797 Romana
1051 2733 1168 2794 haiecit

187 2829 279 2887 quam
300 2812 432 2874 ebrietas
461 2829 518 2874 nec
538 2816 638 2876 minor
657 2815 729 2876 vino
751 2815 930 2893 Cleopatrae
954 2824 1060 2879 amort
1089 2817 1167 2877 haee
1204 2811 1205 2817 ’

186 2896 269 2959 illum
282 2913 335 2958 res
349 2897 471 2958 hostem
485 2898 680 2974 reipublicae,
696 2899 772 2961 haec
787 2899 931 2964 hostibus
943 2900 1010 2963 suis
1028 2900 1166 2976 inparem

184 2980 327 3043 reddidit.
348 2981 427 3042 baec
441 2982 596 3044 crudelem
610 2983 690 3058 lecit,
704 3000 775 3044 cum
790 2985 890 3060 capitu
905 2984 1076 3060 principum
1092 2982 1166 3042 civi-

185 3065 257 3127 tatis
271 3066 411 3126 coenanti
425 3068 622 3141 reserrentur,
646 3083 714 3129 cum
731 3068 809 3129 inter
823 3067 1074 3144 adparalissimas
1089 3081 1165 3140 cpu-

185 3148 232 3210 las
246 3151 403 3226 luxusque
416 3153 537 3226 regales
554 3168 608 3214 ora
628 3167 665 3212 ae
686 3168 795 3214 manus
816 3152 1059 3229 proscriptorum
1076 3165 1165 3210 reco-

184 3242 357 3310 gnosceret,
372 3250 440 3295 cum
456 3237 528 3297 vino
542 3233 1066 3312 gravis.silircttamensanguinem.
1082 3234 1164 3295 Into-

184 3317 310 3378 lerabile
319 3326 391 3394 erat,
404 3320 489 3395 quod
500 3319 719 3395 ebriusliebut,
735 3337 803 3383 curn
814 3321 1164 3394 haeclaucretaquanto

142 3401 412 3478 aointolerabilius,
428 3405 519 3478 quod·
527 3404 606 3466 haec
618 3405 647 3465 in
662 3404 732 3480 ipsa
746 3405 898 3467 ebrietate
905 3402 1055 3466 faciehatt
1086 3403 1164 3464 Fere

184 3484 387 3547 vinolentiam:
399 3487 568 3550 crudelitas
584 3489 732 3566 sequitur.
753 3490 881 3553 violatur
900 3487 979 3551 enirn
995 3503 1161 3563 exaspera-
