2468 3930
139 215 182 279 24
224 218 256 278 L.
275 215 421 276 ANNAEI
441 213 616 274 SENECAE
639 215 756 277 EPIST.
769 211 861 273 MOR.
872 211 945 271 LlB.
960 211 983 270 1.
998 211 1056 271 ΕΡ.
1072 219 1117 272 12.

138 365 217 438 dies,
237 362 349 438 inquit,
366 383 430 442 par
443 369 524 426 omni
537 371 608 427 est.“
640 368 705 427 Hoc
721 367 798 428 alius
815 367 899 426 aliter
914 363 1051 438 excepit=
1072 364 1119 423 dl-

139 446 183 508 xit
204 447 283 506 enim
305 464 411 522 parem
431 464 503 509 esse
522 448 621 524 horis,
643 467 701 510 nec
720 449 872 510 mentitur.
908 464 978 506 nam
1000 445 1027 506 si
1049 447 1118 507 dies

141 537 188 590 est
200 537 320 605 tempus
334 532 442 607 viginti
451 539 481 592 et
492 540 623 607 quatuor
634 534 793 605 horarum,
806 547 936 591 neeesse
949 538 997 590 esl
1008 546 1118 590 onnnes

139 612 218 674 inter
232 629 268 674 se
283 615 349 674 dies
366 631 458 690 pares
474 632 560 691 esse,
576 618 649 691 quia
664 633 726 677 nox
740 617 848 688 habet,
867 614 951 689 quod
965 615 1031 674 dies
1047 630 1117 690 per-

141 696 226 757 didit
252 698 340 760 Alius
357 701 398 761 ait
412 716 518 776 parem
533 717 605 761 esse
620 718 712 762 unum
729 701 809 762 diem
824 697 964 759 omnibns
980 697 1117 758 similitu·

140 781 225 840 dine=
241 780 314 843 nihil
329 784 409 844 enim
420 784 513 845 habet
526 784 697 859 longissimi
708 783 854 859 temporis
867 781 1014 856 spatium,
1032 781 1117 856 quod

140 880 202 924 non
217 872 247 925 31
261 864 290 924 in
305 885 367 929 uno
384 868 434 928 die
452 867 606 942 invenias,
622 870 721 929 lucem
737 874 767 928 ot
780 873 900 928 noctem
915 873 946 924 el
959 865 1013 937 [in]
1029 866 1116 924 alter·

143 964 200 1009 nas
215 951 320 1010 mundi
335 952 436 1011 vices:
460 951 547 1026 plura
561 952 633 1012 lacit
646 953 719 1026 ista,
735 969 796 1011 nou
812 953 888 1022 alio,
905 951 980 1008 31133
996 957 1114 1009 contra·

108 1033 233 1105 sctlor,
258 1034 334 1094 31133
357 1035 545 1110 productior.
578 1036 684 1110 Itaque
707 1035 752 1095 sic
773 1033 961 1095 ordinandus
982 1039 1029 1092 est
1049 1032 1117 1091 dies

142 1118 256 1190 omniS,
280 1124 433 1195 tamquam
458 1125 548 1194 cogat
570 1135 680 1194 agmen
701 1126 731 1178 el
753 1123 942 1179 consummet
956 1121 1048 1190 atque
1063 1131 1116 1174 ex·

141 1202 223 1274 pleat
236 1201 337 1262 vitam.
368 1202 534 1275 Pacuvius,
555 1203 607 1278 qui
623 1201 743 1279 Syriam
764 1219 822 1263 usn
838 1216 924 1261 suam
941 1198 1026 1270 iecit,
1048 1215 1116 1260 cum

140 1284 212 1344 vino
233 1287 342 1346 3111113
368 1286 545 1346 funebribus
567 1285 664 1362 epulis
686 1286 744 1346 sibi
766 1289 995 1361 parentaverot,
1020 1282 1065 1342 sic
1087 1284 1116 1341 iu

141 1369 314 1428 cubiculum
336 1369 488 1429 lerebatur
509 1385 528 1428 3
550 1385 661 1440 coena,
685 1377 719 1430 ut
738 1372 815 1430 inter
834 1370 961 1444 plausus
982 1367 1109 1426 exoleto·

141 1466 206 1510 rum
219 1451 280 1510 hoc
291 1452 330 1511 ad
343 1451 557 1528 symphoniam
570 1459 742 1513 caneretur=
764 1452 932 1534 βεβίωται1
947 1449 1116 1530 deploraret

111 1544 128 1598 9
143 1534 226 1594 nullo
242 1550 304 1593 non
321 1551 355 1594 se
371 1533 420 1593 die
436 1535 550 1596 extulit.
580 1535 662 1610 Hoc,
685 1537 768 1612 quod
783 1537 833 1595 ille
850 1551 889 1595 ex
904 1536 983 1594 mala
998 1533 1114 1596 cousci-

143 1618 223 1678 entia
245 1618 387 1689 iaciebat,
410 1634 467 1679 nos
488 1635 526 1678 ex
546 1615 1116 1681 1133313313131133113333111υωί1311

143 1702 212 1761 laeti
226 1701 400 1776 hilaresque
419 1702 572 1762 dicamus:

247 1788 312 1845 vixi
323 1796 365 1859 et,
380 1802 464 1860 quem
478 1786 604 1847 dederat
617 1804 736 1847 cursum
746 1787 888 1860 fortuna,
901 1786 1013 1860 peregi.

144 1868 308 1928 erastinum
322 1868 350 1928 31
365 1869 511 1930 adiecerit
524 1869 617 1943 deus,
634 1870 703 1930 laeti
718 1869 913 1946 recipiamus.
938 1868 991 1927 llle
1005 1867 1116 1928 beatis·

144 1951 240 2013 simus
260 1959 308 2012 est
328 1959 358 2013 et
378 1968 506 2012 securus
528 1954 574 2012 sni
591 1969 771 2029 possessor,
790 1953 841 2028 qui
864 1952 1029 2013 erastinum
1050 1951 1117 2012 sine

144 2036 347 2096 sollicitudine
361 2042 529 2111 exspectat.
560 2036 706 2112 Quisquis
719 2037 808 2097 dixil=
835 2036 929 2110 vixi,
946 2033 1059 2096 cotidie
1077 2033 1115 2094 ad

143 2119 259 2179 lucrum
276 2120 381 2194 surgit.

102 2217 136 2269 10
206 2201 268 2263 Sed
294 2203 353 2264 iam
378 2205 476 2265 debeo
504 2202 665 2280 epistulam
687 2203 852 2264 includere.
884 2201 978 2275 „Sic,
1005 2199 1116 2275 inquis,

144 2287 211 2346 sine
227 2289 288 2349 ullo
304 2288 344 2347 ad
358 2304 407 2347 me
421 2288 541 2363 peculio
558 2288 702 2348 venietl“
722 2286 789 2346 Noli
804 2287 924 2347 timere:
939 2284 1054 2358 aliquid
1067 2298 1116 2343 se·

144 2387 210 2432 cum
233 2372 298 2432 lert.
333 2387 428 2448 quare
449 2371 565 2447 aliquid
585 2372 669 2431 dixit
694 2373 828 2431 multum.
863 2368 936 2445 quid
958 2368 1036 2427 enim
1057 2366 1116 2426 hac

144 2471 221 2516 voce
246 2457 447 2530 praeclarius,
476 2472 566 2531 quam
591 2456 633 2514 illi
657 2455 744 2514 trado
766 2453 805 2513 ad
829 2460 859 2513 te
883 2450 1116 2528 perferendam

142 2538 303 2612 „Malum
327 2547 386 2600 est
410 2540 445 2598 in
470 2537 711 2598 necessitate
731 2536 878 2596 vivere:
906 2534 972 2595 sed
992 2534 1027 2593 in
1052 2548 1115 2593 ne·

144 2622 336 2682 cessitate
356 2623 489 2680 vivere
509 2621 732 2680 necessitas
758 2621 865 2680 nulla
885 2623 973 2680 est.“
1006 2616 1114 2691 Quidni

144 2705 227 2765 nulla
243 2706 303 2765 3111
331 2711 436 2779 patent
450 2703 589 2778 undique
601 2703 640 2762 ad
655 2704 821 2765 libertatem
835 2704 903 2763 viae
919 2703 1032 2761 multae
1048 2701 1115 2761 bre-

143 2803 214 2861 ves,
236 2789 351 2847 faciles.
379 2802 505 2860 agamus
522 2786 579 2847 deo
595 2786 724 2862 gratias,
746 2788 831 2862 quod
843 2803 932 2846 nemo
948 2785 977 2844 in
994 2784 1056 2844 vita
1071 2788 1117 2844 te·

103 2870 208 2940 11neri
225 2877 341 2945 potesta
363 2872 483 2930 calcare
496 2871 583 2944 ipsas
600 2873 800 2932 necessitates
815 2871 893 2931 licet.
927 2868 1115 2943 „Epicurus

143 2954 260 3029 inquis,
284 2956 369 3015 dixit.
404 2954 476 3029 quid
499 2954 549 3015 tibi
572 2955 800 3015 31333113331(ι
835 2953 924 3027 Quod
940 2967 1044 3012 verum
1060 2959 1115 3024 est,

143 3054 244 3099 meum
267 3046 323 3099 331.
355 3039 561 3114 perseverabo
575 3038 740 3112 Epicurum
760 3037 813 3097 tibi
833 3038 987 3112 ingerere,
1008 3041 1042 3094 ut
1056 3035 1115 3107 isti,

144 3122 197 3198 qui
218 3122 248 3182 in
269 3123 364 3183 verba
385 3123 497 3194 iurant,
520 3138 577 3183 neo
600 3120 674 3196 quid
696 3123 813 3182 dicatur
827 3120 1001 3191 aestimant,
1025 3118 1117 3178 seda

143 3222 218 3283 quo,
235 3207 346 3281 seiani,
363 3222 441 3282 quae
457 3204 572 3281 optima
585 3211 669 3279 sunt,
685 3219 756 3265 esse
772 3204 952 3265 communia.
979 3203 1068 3261 Vale.
