2468 3930
212 222 381 285 nrrsruu.
396 223 491 284 uon.
513 222 649 284 maru.
671 223 807 289 unua.
828 230 955 301 (saar.)
1044 222 1086 289 ro

102 393 190 450 mus,
208 376 289 437 sicut
303 375 440 435 feruntur
450 389 557 436 omncs
570 376 608 436 ad
621 374 888 440 conservationem
898 377 958 439 sui.
987 378 1113 439 Nomos

102 459 210 535 discit,
229 466 278 533 ul,
297 457 326 519 si
338 474 469 519 neccsse
484 460 588 533 luerit,
608 475 708 536 aequo
721 460 823 523 animo
836 463 866 522 in
882 477 956 524 rosa
970 459 1083 524 iaceat:

101 547 161 607 sed
175 545 206 604 in
220 543 281 605 hoc
296 543 431 616 duratur,
452 550 486 603 ut
501 545 658 605 tormentis
673 561 735 605 non
749 544 904 607 submittat
918 545 1027 617 fidem,
1042 554 1084 620 ut,

102 630 131 703 si
149 643 280 689 necesse
293 626 397 701 inerit,
419 631 505 686 stans
517 627 605 686 etiam
619 627 785 704 aliquando
797 629 923 691 saucius
935 630 1084 706 provallo

102 712 265 790 pervigilet
285 718 315 771 et
334 725 374 770 ne
393 710 456 785 pilo
475 711 597 786 quidem
617 709 785 788 incumbat,
809 713 882 788 quia
903 717 982 775 solet
996 713 1084 774 obre-

104 812 177 873 pere
197 794 318 856 interim
338 809 466 855 somnus
486 793 516 853 in
537 794 664 870 aliquod
684 795 899 858 adminiculum
917 795 1083 857 reclinatis.

101 881 186 942 Mors
198 880 315 939 nullum
326 877 418 938 habet
428 879 669 938 incommodum=
684 895 756 940 esse
768 880 847 939 enim
859 881 951 943 debet
961 880 1082 958 aliquis,

103 965 192 1026 cuius
213 963 255 1023 sit
276 962 511 1024 incommodum.
553 961 690 1036 Quodsi
711 969 793 1023 tanta
807 964 958 1039 cupiditas
973 971 1003 1024 tc
1018 965 1127 1028 lon-10

102 1047 198 1125 gioris
223 1047 292 1106 aevi
316 1051 415 1119 tenet,
441 1045 542 1120 cogita
567 1045 641 1105 nihil
666 1061 788 1120 eornm,
817 1063 896 1120 quac
922 1047 960 1107 ab
987 1048 1083 1109 oculis

102 1132 217 1192 abeunt
236 1138 267 1190 et
286 1129 318 1189 in
338 1144 440 1190 rerum
459 1136 613 1203 naturam,
636 1145 675 1189 ex
690 1145 752 1205 qua
766 1130 946 1204 prodierunt
960 1146 997 1190 ac
1011 1146 1083 1192 mox

100 1229 291 1291 processura
312 1219 396 1287 sunt,
420 1213 645 1287 reconduntur,
668 1214 824 1274 consumi=
852 1214 996 1274 desinunt
1015 1214 1082 1286 ista,

100 1314 164 1359 non
185 1304 325 1374 pereunt.
357 1304 387 1357 el
406 1312 505 1371 mors,
530 1311 620 1371 quarn
642 1296 886 1371 pertimescimus
908 1313 944 1357 ac
958 1312 1082 1358 recusa-

102 1398 187 1458 mus,
215 1381 381 1443 intermittit
401 1380 507 1455 vitam‚
533 1396 597 1441 non
619 1380 724 1456 eripit:
753 1381 856 1441 veniet
880 1381 1002 1454 iterum,
1031 1382 1085 1457 qui

101 1483 161 1528 nos
181 1465 212 1526 in
233 1468 332 1526 lucem
353 1471 483 1540 reponat
498 1462 580 1539 dies,
604 1479 695 1539 quem
710 1465 794 1525 multi
808 1471 1002 1540 recusarent,
1024 1465 1084 1526 nisi

102 1551 216 1612 oblitos
236 1549 407 1610 reduceret.
444 1547 508 1608 Sed
520 1554 631 1622 postea
645 1549 821 1623 diligentius
836 1549 956 1610 docebo
972 1548 1125 1624 omniun

103 1648 184 1710 quae
203 1634 346 1694 videntur
363 1633 480 1708 perire,
500 1632 620 1692 mutari.
655 1634 766 1707 Aequo
781 1634 882 1694 animo
897 1633 991 1694 debet
1003 1634 1082 1694 redi-

102 1725 190 1778 turus
204 1716 298 1778 exire.
326 1716 457 1776 observa
472 1715 578 1776 orbem
591 1730 693 1776 reram
707 1717 738 1775 in
753 1731 789 1777 se
802 1716 1017 1779 remeantium
1038 1717 1083 1777 vi·

103 1801 194 1862 debis
214 1799 287 1861 nihil
306 1801 337 1860 in
352 1801 413 1860 hoc
426 1800 540 1860 mundo
555 1799 723 1875 exstingui,
746 1801 804 1861 sed
817 1801 936 1862 vicibus
951 1802 1082 1862 descen·

102 1887 178 1946 dere
198 1899 234 1945 ac
254 1899 396 1959 surgere:
424 1890 527 1943 aestas
544 1882 632 1956 abiit,
655 1883 714 1944 sed
727 1885 804 1944 alter
816 1885 896 1944 illam
912 1901 1012 1946 annus
1029 1885 1082 1945 ad-

101 1970 204 2029 ducet.
235 1967 334 2028 hiems
356 1967 479 2041 cecidit,
506 1967 640 2027 referent
659 1967 739 2027 illam
756 1968 804 2028 sui
818 1983 953 2029 menses.
985 1969 1082 2030 solem

102 2069 166 2113 nox
185 2051 301 2127 obruit,
328 2052 387 2112 sed
407 2053 506 2126 ipsam
520 2050 621 2111 statim
636 2051 703 2111 dies
719 2050 829 2126 abiget.
855 2054 1010 2114 stellarum
1024 2051 1082 2113 iste

102 2136 265 2197 discursus
288 2135 434 2212 quicquid
455 2133 608 2210 praeteriit
627 2133 753 2210 repetita
776 2151 848 2210 pars
870 2137 948 2196 coeli
965 2138 1083 2196 levatur

102 2220 250 2291 adsidue,
280 2235 351 2296 pars
373 2219 526 2294 mergitur.
560 2219 700 2293 Denique
721 2216 813 2278 finem
834 2219 958 2292 faciam,
982 2220 1009 2280 si
1023 2218 1125 2288 hocrn

100 2320 197 2366 unum
210 2303 364 2376 adiecero,
382 2317 439 2362 nec
449 2302 581 2362 iniantes
593 2317 650 2362 nec
665 2316 780 2376 pueros
793 2317 850 2361 nec
862 2310 962 2363 mente
975 2304 1082 2378 lapsos

99 2389 208 2449 timere
228 2394 356 2449 mortem
376 2393 406 2446 ct
425 2401 497 2447 esso
516 2383 742 2460 turpissimum,
764 2384 791 2445 si
806 2399 874 2444 eam
889 2384 1083 2445 securitatem

100 2472 193 2533 nobis
205 2470 282 2531 ratio
294 2486 356 2531 non
366 2475 516 2545 praestat,
531 2469 571 2528 ad
584 2484 676 2545 qnam
689 2466 813 2529 stultitia
823 2468 973 2543 perducit.
994 2467 1081 2528 Vale.

383 2605 600 2664 EPISTULA
625 2605 698 2661 VIII.
727 2605 799 2677 (sl.)

355 2699 466 2753 Ssnrcn
484 2702 595 2754 Luomo
616 2712 668 2752 suo
686 2712 825 2752 saturnu.

167 2801 255 2877 Quod
272 2802 436 2864 maximum
448 2803 605 2863 vinculum
618 2811 666 2865 est
679 2804 718 2864 ad
730 2803 842 2865 bonam
853 2810 994 2877 mentem,
1012 2817 1082 2878 pro·
1095 2809 1111 2864 l

99 2883 211 2946 misisti
224 2885 323 2945 virum
341 2886 471 2947 bonnm=
499 2896 689 2948 sacramento
704 2895 830 2963 rogatus
846 2903 891 2948 es.
927 2885 1084 2947 Deridebit

99 2978 145 3043 te,
171 2969 198 3030 si
219 2968 290 3045 quis
311 2969 365 3030 tibi
384 2970 495 3031 dixerit
515 2971 637 3031 mollem
659 2987 730 3033 esse
751 2970 887 3032 militiani
901 2978 931 3030 et
944 2969 1081 3030 iacilem=

99 3053 174 3114 nolo
192 3058 223 3113 tc
238 3053 355 3128 decipi=
379 3054 486 3114 eadem
498 3053 711 3115 honestissimi
725 3056 815 3116 huius
831 3063 861 3114 et
873 3053 954 3114 illius
968 3053 1082 3128 turpis-

101 3137 170 3198 simi
191 3137 412 3197 auctoramenti
431 3138 526 3198 vcrba
545 3146 631 3199 sunt=
663 3137 757 3213 „uri,
784 3138 929 3197 vinciri
956 3138 1082 3196 ferro-

100 3235 174 3299 que
190 3221 356 3281 necari.“
389 3220 437 3280 Ab
448 3219 511 3296 his,
528 3222 580 3297 qui
593 3237 701 3282 manus
713 3236 824 3282 arenae
834 3222 937 3280 locant
948 3225 978 3278 et
989 3219 1112 3280 edunti

99 3320 137 3366 ac
151 3302 275 3379 bibunt,
296 3320 377 3380 quae
392 3320 448 3380 per
462 3305 642 3380 sanguinem
656 3305 799 3378 reddant,
823 3309 955 3374 cavetur,
977 3309 1011 3362 ut
1024 3302 1083 3362 ista

100 3389 151 3449 vel
172 3387 261 3449 inviti
281 3388 449 3465 patientum
478 3397 560 3465 ate,
580 3397 615 3450 ut
634 3388 742 3449 volens
763 3387 924 3460 libensque
945 3385 1082 3461 patiaris.

99 3471 159 3534 lllis
170 3469 245 3534 licet
255 3487 342 3533 arma
353 3471 538 3549 submittere,
552 3471 792 3534 misericordiam
803 3469 911 3547 populi
921 3476 1081 3547 temptare:
