2468 3930
147 255 210 320 too
438 253 470 312 n.
490 222 637 314 anunm
658 249 835 311 sunnone

146 407 194 467 vis
222 407 337 465 fructus
367 403 470 478 operis
496 401 610 477 peracti
634 402 735 460 nullus
759 401 799 460 ad
820 401 994 461 defunctum
1019 416 1121 464 exem·

146 499 293 566 piumque
316 488 409 546 rebus
430 486 571 546 humanis
592 486 755 560 pertineat,
776 484 847 559 ipsa
866 492 967 544 tamen
987 493 1123 547 contem·

146 573 239 649 platio
255 569 347 631 luturi
363 569 466 645 operis
481 570 563 629 iuvat
578 577 609 628 et
622 569 669 628 vir
683 567 769 628 sortis
783 575 814 629 et
827 565 942 642 iustus,
957 584 1027 629 cum
1041 586 1124 631 mor-

145 657 183 717 tis
199 670 274 715 snae
289 654 386 728 pretia
401 660 472 714 ante
485 669 520 713 se
536 652 646 726 posuit,
666 653 835 712 libertatem
850 651 976 728 patriae,
992 655 1125 716 salutem

147 740 296 811 omnium,
318 753 374 812 pro
396 736 508 812 quibus
529 735 674 811 dependit
696 737 835 810 animam,
853 737 884 795 in
903 738 1126 799 summavolu·

104 830 229 899 29ptate
243 829 291 882 est
306 829 336 880 et
357 820 566 895 periculosae
591 818 708 879 fruitur.
752 818 814 880 Sed
834 819 885 880 ille
906 824 1049 896 quoque,
1072 823 1125 883 cui

145 907 206 966 hoc
226 905 370 980 gaudium
387 904 528 978 eripitur,
551 903 635 976 quod
655 903 794 962 tractatio
816 902 920 978 operis
941 902 1125 965 maxime'et

145 989 248 1050 ultime
272 994 423 1063 praestat,
447 986 519 1046 nihil
545 993 702 1047 cunctatus
726 986 847 1045 desiliet
870 985 899 1045 in
917 995 1059 1064 mortem,
1079 989 1125 1050 la·

147 1089 217 1133 cere
231 1080 314 1133 recte
329 1073 441 1145 pieque
457 1077 625 1131 contentus.
650 1070 773 1146 obpone
787 1069 962 1132 etiamnunc
976 1071 1018 1131 illi
1030 1074 1124 1132 multa

147 1172 227 1231 quae
253 1156 459 1216 dehortentur.
491 1155 697 1226 dic=„lactum
723 1159 806 1214 tuum
834 1161 952 1215 matura
976 1161 1125 1230 sequetur

147 1240 259 1300 oblivio
277 1247 307 1299 et
323 1255 429 1312 parurn
450 1244 535 1312 grata
551 1238 733 1296 existimatio
755 1237 895 1297 civium.“
922 1234 1126 1314 respondebit

146 1325 215 1384 tihi:
237 1322 316 1396 „ista
332 1322 433 1381 omnia
447 1328 533 1381 extra
548 1337 628 1394 opus
643 1336 744 1381 meum
759 1327 838 1380 sunt.
859 1337 918 1396 ego
932 1321 1034 1398 ipsum
1050 1337 1123 1382 con-

147 1408 287 1482 templor.
318 1405 378 1464 hoc
403 1421 474 1464 esse
500 1405 663 1466 honestum
687 1405 763 1464 scio.
795 1405 898 1480 itaque
926 1400 1122 1481 quocumque

104 1491 231 1550 deducit
245 1504 281 1547 ac
296 1496 394 1561 vocat,
409 1489 532 1547 venio.“
559 1489 626 1547 Hoc
640 1504 713 1562 ergo
730 1504 822 1547 unum
837 1489 951 1549 honum
965 1496 1019 1561 est
1035 1484 1121 1564 qnod

148 1590 209 1633 non
234 1578 348 1632 tantum
371 1572 525 1646 perlectus
540 1573 673 1645 animus,
697 1573 754 1632 sed
768 1587 939 1646 generosus
954 1587 1077 1648 quoque
1091 1578 1124 1631 et

148 1656 262 1715 indolis
277 1655 378 1714 bonae
394 1655 499 1715 sentit:
522 1663 623 1715 cetera
636 1655 715 1714 levia
732 1660 810 1729 sunt,
826 1656 990 1717 mutabilia.
1018 1656 1123 1730 itaque

150 1739 278 1799 sollicite
303 1739 514 1812 possidentur:
544 1738 662 1798 etiamsi
688 1739 807 1798 favente
831 1740 954 1800 fortuna
978 1737 1009 1799 in
1029 1755 1125 1800 unum

150 1830 299 1896 congesta
325 1830 409 1894 sunt,
437 1820 568 1881 dominis
593 1823 658 1883 suls
678 1821 855 1884 incumbunt
876 1822 982 1897 gravia
1002 1830 1034 1883 et
1054 1824 1123 1884 illos

106 1919 139 1972 31
150 1922 273 1979 semper
296 1912 449 1980 premunt,
471 1906 636 1978 aliquando
657 1912 688 1966 et
706 1905 844 1967 inlidunt.
870 1908 967 1969 Nemo
986 1905 1123 1982 existis,

151 2005 230 2065 quos
245 1996 430 2065 purpuratos
446 1989 543 2062 vides,
559 1988 632 2048 lelix
645 1997 700 2063 est,
715 2004 777 2049 non
788 1990 886 2065 magis
900 2007 993 2066 quam
1004 2006 1044 2050 ex
1054 1989 1123 2065 illis,

151 2073 262 2149 quibus
284 2081 437 2148 sceptrum
462 2081 492 2133 et
513 2072 695 2152 chlamyden
720 2074 750 2132 in
775 2090 869 2134 scena
893 2073 1015 2135 tabulae
1043 2073 1122 2134 adsi·

149 2164 257 2233 gnam:
284 2173 352 2217 cum
369 2163 531 2233 praesente
546 2159 661 2231 populo
683 2155 734 2216 lati
751 2158 943 2218 incesserunt
956 2164 987 2219 et
1002 2158 1125 2218 cothur-

149 2241 220 2315 nati,
236 2241 323 2300 simul
339 2242 486 2314 exierunt,
502 2243 717 2301 excalceantur
728 2249 758 2302 et
769 2242 809 2301 ad
820 2247 965 2302 staturam
977 2257 1067 2303 suam
1077 2256 1123 2301 re-

150 2326 253 2385 deunt.
275 2341 364 2384 nemo
378 2326 514 2396 istorum,
531 2341 610 2400 quos
625 2324 746 2383 divitiae
761 2325 958 2401 honoresque
972 2326 1002 2385 in
1017 2325 1124 2386 altiore

150 2410 270 2483 fastigio
287 2414 413 2485 ponunt,
427 2425 557 2483 magnus
572 2415 628 2469 est.
652 2423 746 2482 quare
758 2423 832 2484 ergo
844 2424 974 2483 magnus
984 2409 1125 2468 videtur?

151 2509 219 2552 cum
242 2493 308 2551 basi
329 2495 413 2551 illum
434 2509 490 2552 sua
509 2493 634 2552 metiris.
668 2507 798 2567 magnus
814 2491 829 2528 *
843 2509 902 2553 non
921 2498 967 2554 est
986 2490 1122 2568 pumilio,

149 2577 219 2635 licet
238 2576 269 2633 in
289 2582 392 2635 monte
414 2575 590 2635 constiterit.
619 2574 761 2636 colossus
784 2575 1022 2651 magnitudinem
1036 2590 1124 2636 suam

106 2657 291 2730 asservabit,
307 2658 424 2717 etiamsi
436 2659 553 2718 steterit
566 2659 596 2716 in
608 2666 711 2733 puteo.
744 2660 811 2720 Hoc
822 2659 997 2722 laboramus
1010 2673 1123 2732 errore,

151 2740 196 2801 sic
211 2741 301 2799 nobis
314 2741 478 2814 inponitur,
495 2740 579 2816 quod
594 2742 744 2802 neminem
759 2742 956 2823 aestimamus
970 2758 1023 2818 eo,
1039 2741 1124 2819 quod

151 2830 212 2895 est,
233 2824 290 2882 sed
305 2823 454 2884 adicimus
468 2823 510 2882 illi
524 2832 555 2885 et
569 2841 620 2898 ea,
642 2827 753 2903 quibus
769 2826 936 2887 adornatus
956 2834 1019 2887 est=
1039 2824 1124 2900 atqui

151 2923 219 2967 cum
238 2907 326 2967 voles
348 2924 452 2968 veram
473 2907 604 2968 hominis
626 2909 867 2971 aestimationem
887 2909 965 2971 inire
983 2916 1014 2970 et
1033 2908 1123 2980 scire,

151 2990 250 3067 qualis
266 2992 312 3065 sit,
328 2993 443 3053 nudum
457 2993 589 3068 inspice:
612 3000 706 3068 ponat
723 2994 945 3068 patrimonium,
962 3000 1058 3069 ponat
1070 2992 1125 3052 ho·

149 3091 243 3136 nores
264 3083 294 3136 et
315 3077 374 3135 alia
393 3077 532 3138 fortunae
553 3077 726 3150 mendacia,
753 3094 868 3153 corpus
893 3078 995 3152 ipsum
1016 3081 1124 3138 exuata

150 3159 283 3220 animum
309 3161 442 3236 intuere,
467 3158 567 3237 qualis
591 3167 787 3236 quantusque
807 3161 860 3235 sit,
885 3161 986 3223 alieno
1006 3177 1046 3221 an
1066 3174 1124 3221 suo

106 3249 287 3320 aemagnus.
321 3244 353 3304 Si
367 3246 459 3306 rectis
475 3245 571 3305 oculis
586 3246 704 3319 gladios
718 3245 867 3307 micantes
882 3244 968 3310 videt
979 3251 1011 3306 et
1023 3244 1052 3304 si
1067 3241 1126 3327 scit

151 3344 208 3388 sua
228 3328 300 3388 nihil
321 3330 485 3403 interesse,
508 3335 609 3389 utrum
632 3328 732 3389 anima
745 3345 801 3405 per
815 3345 851 3390 os
866 3345 904 3389 an
919 3344 976 3404 per
988 3328 1126 3404 iugulum

150 3417 249 3485 exeat,
264 3413 384 3472 beatum
399 3429 494 3473 voca:
517 3413 553 3486 si,
570 3428 639 3474 cum
652 3414 694 3472 illi
709 3414 883 3474 denuntiata
897 3420 969 3474 sunt
983 3408 1126 3491 eorporis

150 3502 300 3556 tormenta
314 3502 344 3556 et
359 3513 439 3571 quac
453 3513 529 3558 casu
542 3497 668 3558 veniunt
682 3505 712 3558 et
723 3514 804 3574 quae
815 3497 996 3574 potentioris
1006 3494 1128 3570 iniuria,
