2468 3930
257 242 428 304 unsrun.
442 242 536 305 uua.
557 245 706 305 nravn.
730 246 826 308 una.
848 254 920 322 (aa.)
1017 244 1079 312 139

99 387 238 458 omniurn
258 395 337 456 daus
355 395 434 455 intra
455 411 490 456 se
515 396 608 458 habet
628 393 836 473 numerosque
856 398 1078 476 universorum,

101 495 183 556 quae
197 479 318 553 agenda
333 485 418 553 sunt,
442 486 472 539 et
486 480 597 541 modos
617 489 718 542 mente
739 483 910 557 conplexus
932 490 994 543 est:
1014 485 1078 559 ple·

99 579 159 624 nus
174 562 223 624 his
238 562 346 638 figuris
358 570 420 637 est,
435 563 610 637 quasPlato
625 561 714 636 ἰδέας
727 565 875 641 adpellat‚
891 564 1076 640 inmortales

100 646 309 719 inmutabiles,
331 645 544 723 infatigabiles.
585 648 688 723 itaque
710 649 849 710 homines
866 650 988 724 quidem
1009 666 1077 726 per·

100 736 190 803 aunt,
213 730 282 805 ipsa
302 736 403 790 autem
424 729 612 806 humanitas,
637 732 676 792 ad
698 749 790 807 quam
806 733 899 793 homo
915 734 1077 810 effingitur,

101 820 260 892 permanet
280 820 311 872 et
330 813 504 875 hominibus
526 814 752 889 laborantibus,
781 817 1002 878 intereuntibus
1027 818 1080 877 illa

101 896 177 958 nihil
191 896 313 973 patitur.
351 897 490 972 Quinque
507 914 580 973 ergo
603 914 716 959 causae
732 907 817 974 sunt,
837 908 871 960 ut
890 899 974 961 Plato
990 900 1111 962 dicius

99 982 200 1042 idex
222 995 313 1055 quo,
339 980 414 1040 ida
437 998 527 1057 quo,
551 983 588 1042 id
609 983 645 1042 in
668 999 757 1058 quo,
781 982 884 1043 idad
905 986 1020 1059 quod,
1042 984 1079 1045 id

101 1069 269 1142 propter
301 1065 412 1139 quod.
456 1064 625 1126 novissime
653 1066 691 1125 id
718 1065 819 1140 quod
848 1083 895 1125 ex
919 1067 981 1126 his
1010 1075 1078 1128 est.

98 1155 257 1223 tamquam
278 1146 309 1206 in
326 1154 441 1222 statua,
465 1149 590 1224 quiade
607 1150 664 1208 hae
679 1149 764 1225 loqui
779 1151 954 1224 coepimus,
976 1150 1014 1209 id
1034 1166 1079 1210 ex

102 1246 177 1309 quo
203 1245 258 1291 aes
286 1238 349 1306 est,
369 1233 407 1292 id
431 1249 449 1292 a
475 1250 549 1308 quo
568 1232 678 1293 artilex
700 1240 761 1308 est,
784 1233 821 1292 id
838 1234 873 1292 in
889 1235 1080 1308 qualorma

101 1322 166 1389 est,
190 1330 271 1390 quae
286 1321 406 1389 aptatur
419 1316 477 1391 illi,
500 1316 538 1376 id
560 1318 605 1377 ad
621 1317 724 1391 quod
739 1318 898 1392 exemplar
913 1324 974 1390 est,
995 1316 1079 1392 quod

100 1396 290 1474 imitaturis,
312 1401 364 1474 qui
379 1400 465 1474 iacit,
489 1400 525 1459 id
547 1400 831 1476 propterquod
854 1400 993 1461 facientis
1007 1416 1079 1475 prq-

101 1481 239 1560 posilum
263 1490 326 1556 est,
350 1483 386 1542 id
412 1483 515 1558 quod
539 1499 584 1543 ex
608 1484 698 1544 istis
726 1491 788 1544 est
813 1485 884 1560 ipsa
903 1491 1002 1546 statua
1022 1491 1080 1544 est.

100 1567 188 1627 Haec
209 1564 312 1626 omnia
329 1567 464 1627 mundus
488 1583 628 1643 quoque,
650 1575 684 1628 ut
703 1569 744 1629 ait
764 1568 867 1643 Plato,
895 1568 1003 1629 habet:
1032 1569 1108 1629 ia-tl

101 1651 248 1710 cientem=
271 1649 321 1710 hie
347 1650 425 1711 deus
451 1658 507 1712 est.
543 1666 582 1711 ex
609 1667 671 1726 quo
696 1651 744 1711 ht=
765 1651 843 1712 haee
868 1653 995 1713 materia
1020 1659 1077 1711 est.

102 1735 249 1794 iormam=
271 1732 348 1794 haee
369 1742 417 1795 est
436 1734 559 1795 habitus
581 1742 611 1794 et
632 1736 709 1796 ordo
735 1735 855 1810 mundi,
879 1752 969 1812 quem
994 1735 1078 1795 vide-

101 1833 183 1877 mus.
219 1819 390 1893 exemplar,
413 1817 530 1879 scilieet
554 1818 595 1878 ad
619 1818 705 1895 quod
730 1819 808 1880 deus
830 1819 908 1879 hanc
930 1818 1074 1893 magnitu-

102 1901 205 1960 dinem
231 1902 334 1975 operis
366 1902 560 1977 pulcherrimi
592 1903 672 1962 feeit.
717 1903 924 1978 propositum,
953 1909 1080 1978 propter

103 1984 190 2060 quod
203 1985 282 2060 lecit.
327 1985 469 2060 Quaeris,
495 1985 579 2061 quod
593 1986 633 2047 sit
646 1985 838 2061 propositum
853 1987 934 2057 deut
960 1987 1080 2047 bonitas
1088 1989 1122 2042 10

100 2074 162 2129 est.
193 2068 234 2128 itu
249 2075 331 2128 certe
341 2068 425 2130 Plato
442 2067 499 2130 ait:
521 2068 626 2143 „Quae
641 2070 701 2130 deo
717 2069 848 2131 faciendi
864 2069 1008 2130 mundum
1024 2069 1081 2129 luit

103 2159 223 2212 causat
243 2152 344 2213 bonus
365 2159 427 2212 est=
455 2151 538 2214 bono
561 2154 644 2213 nulla
667 2154 848 2228 cuiusquam
868 2151 941 2213 boni
965 2152 1080 2213 invidia

103 2241 160 2297 est.
196 2234 269 2296 iecit
282 2236 385 2310 itaque
401 2251 492 2310 quam
507 2237 654 2312 optimum
668 2237 795 2312 potuit.“

164 2316 224 2378 Fer
248 2334 321 2395 erga
344 2319 439 2379 iudex
466 2321 645 2381 sententiam
670 2327 700 2380 et
723 2319 901 2395 pronuntia,
931 2318 1000 2394 quis
1026 2316 1080 2379 libi

105 2402 244 2463 videatur
258 2401 507 2464 verisimillimum
523 2404 640 2476 dicere,
664 2419 725 2463 non
742 2403 810 2478 quis
825 2403 1019 2462 verissimum
1034 2399 1078 2460 di·

106 2495 162 2547 sat.
197 2484 230 2546 id
244 2486 324 2548 enim
339 2493 401 2547 tam
415 2503 508 2562 supra
523 2503 581 2549 nos
596 2495 645 2547 est
660 2503 752 2561 quam
766 2487 836 2562 ipsa
851 2485 974 2545 veritus.

167 2570 284 2643 Haec,
308 2586 406 2646 quae
429 2570 710 2633 ahAristotele
729 2577 766 2631 et
785 2570 947 2632 Platone
969 2567 1117 2644 poni-11

101 2660 181 2728 tur,
208 2655 320 2714 turba
351 2670 558 2716 causarum
591 2662 658 2717 aut
688 2655 840 2715 nimium
872 2654 987 2714 multa
1017 2658 1081 2712 aut

102 2736 259 2798 nimium
287 2753 412 2813 pauea
434 2737 730 2815 conprehendit.
767 2754 837 2799 nam
862 2738 903 2813 si,
932 2752 1078 2814 quaeum-

104 2837 166 2895 que
185 2829 303 2882 remoto
326 2821 400 2897 quid
421 2823 502 2882 ellici
524 2834 584 2883 non
606 2829 724 2898 potest,
746 2823 778 2883 id
799 2838 923 2884 eausam
945 2820 1081 2882 iudicant

103 2918 177 2965 esse
193 2905 338 2980 faciendi,
361 2921 460 2981 pauea
472 2906 627 2968 dixeruntr
648 2913 763 2983 ponant
781 2908 859 2968 inter
879 2921 989 2966 eausas
1004 2912 1079 2965 tem·

103 3002 180 3063 pus=
201 2986 275 3047 nihil
296 2991 364 3049 sine
384 2996 524 3066 tempore
544 2996 647 3066 potest
667 2990 743 3050 fieri.
779 2997 896 3066 ponant
916 2991 1033 3049 locumr
1053 2985 1080 3046 si

103 3087 166 3132 non
182 3073 285 3145 luerit,
307 3072 360 3133 ubi
374 3072 428 3134 liat
442 3075 573 3150 aliquid,
595 3090 634 3133 ne
648 3074 701 3134 het
715 3074 847 3149 quidem.
885 3079 1001 3148 ponant
1015 3085 1079 3128 mo·

101 3161 181 3216 tuma
203 3156 245 3215 nil
260 3155 327 3216 sine
341 3155 401 3217 hoe
422 3173 480 3218 nee
499 3157 534 3219 iit
548 3173 604 3218 nec
619 3158 708 3232 perit.
742 3159 823 3216 nulla
838 3156 905 3216 sine
919 3161 1003 3214 mutu
1019 3167 1079 3225 ars,

101 3238 187 3300 nulla
204 3241 330 3300 mutatio
353 3248 408 3300 est.
447 3240 509 3302 Sed
526 3257 584 3303 nos
606 3257 687 3301 nunc
709 3238 836 3315 primam
856 3246 887 3299 et
906 3235 1121 3313 generalemta

103 3324 280 3397 quaerimus
304 3339 440 3385 eausam.
475 3325 553 3385 haee
573 3323 705 3399 simplex
726 3338 798 3383 esse
820 3321 919 3381 debet.
955 3334 1025 3377 nam
1051 3324 1081 3377 et

102 3406 229 3469 materia
250 3407 382 3482 simplex
403 3413 458 3468 est.
497 3408 687 3484 quaerimus,
712 3421 791 3482 quae
812 3405 851 3467 sit
872 3418 980 3476 eausa,
1002 3402 1079 3462 ratio
1105 3426 1108 3431 ·

102 3491 221 3552 scilieet
245 3491 377 3566 iaciens,
406 3490 437 3551 id
462 3499 510 3553 est
535 3493 623 3553 deus.
658 3491 717 3550 ista
742 3489 837 3565 enim,
867 3501 1079 3563 quaecumque
