2468 3930
147 253 210 318 372
446 253 480 312 L.
495 251 643 312 ΑΝΝΑΕΙ
658 249 833 311 SENECAE

147 405 207 467 nisi
226 422 317 466 usum
338 405 396 465 sui.
418 403 492 463 nihil
512 402 552 463 sit
565 401 608 461 illi
626 417 695 461 cum
710 398 874 462 ambitione
891 400 1051 479 ianuaque:
1072 401 1132 464 sibi

73 547 74 550 ,
147 493 276 566 placeat.
320 489 387 549 Hoc
408 492 478 547 ante
500 485 602 546 omnia
622 484 680 545 sibi
703 486 835 560 quisque
854 485 1058 560 persuadeat:
1081 504 1132 548 me

146 576 258 634 iustum
280 588 352 632 esse
372 572 466 646 gratis
491 576 625 645 oportetr
647 585 753 644 parum
770 575 826 629 est.
855 568 955 631 adhue
969 569 1046 631 illud
1061 587 1130 647 per·

147 656 275 718 suadeat
296 655 368 716 sibi:
398 652 497 714 mein
524 654 603 713 hanc
629 652 861 728 pulcherrimam
889 652 1030 714 virtutem
1050 656 1130 716 ultro

147 740 237 800 etiam
252 740 421 815 inpendere
435 737 527 799 iuvet.
550 744 614 798 tota
629 735 771 811 cogitatio
787 752 805 795 a
819 736 945 810 privatis
958 739 1130 800 commodis

147 840 239 900 quam
253 824 433 898 longissime
449 838 559 882 aversa
575 820 623 881 sit.
647 837 709 880 non
725 822 871 894 estquod
886 828 1029 897 spectes,
1047 824 1132 897 quod

103 907 187 969 alsit
202 909 301 968 iustae
314 906 360 967 rei
376 907 561 982 praemium:
583 904 681 964 maius
698 903 829 964 iniustae
844 912 901 964 est.
933 905 1013 965 Illud
1029 907 1131 967 adhuc

146 991 200 1052 libi
221 992 337 1067 adfige,
363 992 447 1066 quod
463 990 554 1065 paulo
577 995 648 1048 ante
661 987 816 1047 timebam:
838 986 912 1047 nihil
925 988 966 1048 ad
980 1006 1046 1050 rem
1061 1006 1130 1066 per·

146 1076 256 1151 tinere,
279 1091 371 1152 quam
391 1075 475 1134 multi
490 1073 673 1148 aequitatem
686 1078 768 1130 tuam
784 1071 932 1132 noverint.
963 1073 1017 1147 qui
1037 1073 1131 1134 virtu·

147 1167 207 1219 tem
222 1176 309 1220 suam
324 1158 471 1234 publicari
488 1158 564 1228 vult,
582 1173 644 1216 non
662 1153 764 1216 virtuti
777 1154 909 1230 laboral,
930 1156 989 1216 sed
1003 1157 1131 1232 gloriae.

146 1244 213 1305 Non
234 1244 281 1304 vis
306 1258 377 1302 esse
402 1241 502 1302 iustus
528 1240 595 1302 sine
620 1239 739 1314 glorie?
765 1245 796 1298 at
819 1238 1013 1302 mehercules
1035 1257 1132 1318 saepe

146 1325 245 1388 iustus
261 1342 334 1387 esse
350 1325 479 1385 debebis
496 1340 566 1384 cum
581 1323 714 1382 infamia.
743 1330 774 1383 et
788 1328 869 1397 tunc,
891 1323 918 1382 si
932 1325 1029 1399 sapis,
1051 1327 1131 1385 mala

147 1410 251 1486 opinio
267 1412 346 1472 bene
361 1415 448 1484 parta
465 1409 603 1468 delectet.
631 1407 718 1465 Vale.

440 1541 658 1601 EPISTULA
678 1543 715 1598 V.
742 1544 830 1614 (114.)

398 1639 509 1691 Saurea
527 1639 639 1690 Lucrum
659 1650 711 1689 suo
732 1650 871 1689 susurru.

121 1756 134 1807 1
207 1741 332 1814 Quare
369 1739 596 1816 quibusdam
628 1739 871 1816 temporibus
899 1741 1131 1815 provenerit

147 1822 326 1898 corrupti
346 1824 503 1898 generis
525 1823 649 1885 oratio
675 1825 796 1900 quaeris
817 1831 853 1885 et
874 1826 1067 1900 quomodo
1093 1827 1130 1886 in

146 1906 1131 1983 quaedamvitiainclinatioingeniorumlaetasit‚

147 2001 178 2053 ut
192 1992 357 2066 aliquando
373 1989 478 2051 inflata
492 1991 655 2066 explicatio
671 1992 800 2066 vigeret,
819 1991 984 2068 aliquando
999 1991 1131 2052 infracta

146 2083 175 2136 et
189 2075 219 2135 in
234 2092 350 2136 morem
366 2075 474 2136 cantici
489 2076 599 2136 ductat
621 2091 716 2151 quare
730 2076 807 2136 alias
823 2092 934 2136 sensus
950 2074 1086 2136 audaces
1100 2087 1131 2138 ct

145 2160 236 2219 fidem
251 2160 369 2235 egressi
384 2160 567 2235 placuerint,
587 2157 663 2219 alias
682 2157 830 2234 abruptae
847 2159 1017 2220 sententiae
1032 2167 1063 2220 et
1077 2176 1127 2220 su-

145 2244 314 2320 spiciosae,
338 2245 367 2304 in
390 2244 500 2319 quibus
520 2245 589 2318 plus
611 2243 846 2318 intellegendum
862 2250 946 2304 esset
967 2258 1060 2319 quam
1075 2259 1129 2304 au·

146 2329 312 2390 diendumt
343 2344 438 2403 quare
459 2326 562 2401 aliqua
582 2334 667 2389 aetas
690 2326 793 2400 luerit,
820 2344 899 2402 quae
919 2326 1128 2388 translationis

145 2413 209 2472 iure
226 2420 361 2473 uteretur
375 2412 600 2471 inverecunde?
622 2411 683 2471 hoc
705 2412 786 2486 quod
804 2412 908 2471 audire
922 2412 1016 2486 volgo
1032 2412 1128 2486 soles,

147 2496 230 2572 quod
252 2496 335 2571 apud
350 2495 485 2555 Graecos
505 2496 533 2554 in
550 2493 746 2569 proverbium
764 2494 872 2556 cessit:
895 2493 988 2555 talis
1007 2494 1126 2555 homi*

116 2579 261 2644 inibus
283 2577 356 2637 luit
371 2579 500 2647 oratio
519 2578 646 2654 qualis
663 2577 751 2638 vita.
795 2576 1058 2651 Quemadmodum
1074 2594 1128 2639 au·

145 2670 204 2723 tem
220 2660 465 2737 uniuscuiusque
480 2662 559 2722 actio
575 2661 686 2722 dicenti
702 2661 809 2722 similis
825 2669 888 2737 est,
908 2662 953 2722 sic
967 2678 1066 2737 genus
1083 2662 1128 2722 di-

145 2744 235 2805 cendi
257 2745 423 2819 aliquando
449 2746 581 2806 imitatur
600 2743 743 2820 publicos
764 2761 882 2820 mores,
912 2746 939 2806 si
963 2745 1129 2822 disciplina

145 2827 275 2889 civitatis
290 2828 441 2891 laboravit
460 2836 490 2890 et
504 2846 539 2889 se
553 2831 584 2889 in
599 2827 724 2890 delicias
737 2830 829 2890 dedit.
858 2836 1069 2905 argumentum
1080 2837 1130 2893 est

144 2912 282 2974 luxuriae
298 2913 438 2988 publicae
454 2913 599 2973 orationis
614 2913 757 2988 lascivia,
779 2912 805 2974 si
825 2914 917 2974 modo
937 2929 999 2972 non
1018 2913 1049 2973 in
1064 2931 1127 2975 uno

115 3001 196 3058 aaut
210 2997 239 3056 in
253 2998 348 3058 altero
361 2997 425 3071 luit,
437 2997 496 3057 sed
506 2996 677 3072 adprobata
687 3006 734 3059 est
749 3005 922 3072 etrecepta.
944 2997 1012 3058 Non
1024 3004 1128 3072 potest

144 3081 223 3142 alius
238 3097 309 3142 esse
323 3080 456 3156 ingenio,
473 3082 551 3142 alius
566 3082 666 3142 animo
685 3082 785 3142 color:
807 3079 835 3141 si
848 3080 898 3140 ille
915 3096 1011 3142 sanus
1027 3088 1083 3154 est,
1100 3082 1128 3143 si

145 3167 340 3242 conpositus,
357 3166 476 3241 gravis,
496 3173 684 3242 temperans,
700 3165 854 3241 ingenium
869 3179 995 3240 quoque
1009 3165 1128 3227 siccum

143 3267 181 3312 ac
206 3248 342 3311 sobrium
369 3257 432 3310 estz
464 3249 515 3311 illo
537 3250 641 3311 vitiato
662 3251 722 3311 hoc
744 3265 869 3325 quoque
890 3247 1032 3309 adflatur.
1063 3266 1126 3312 non

144 3333 248 3407 vides,
271 3332 298 3393 si
313 3336 433 3395 animus
448 3333 597 3409 elanguit,
618 3333 696 3394 trahi
711 3333 846 3394 membra
861 3339 890 3392 el
905 3332 993 3408 pigre
1008 3335 1127 3396 moveri

145 3418 263 3493 podest
289 3418 316 3477 si
336 3418 386 3478 ille
410 3415 599 3479 effeminatus
609 3425 676 3490 est,
698 3418 729 3477 in
750 3418 818 3493 ipso
834 3416 960 3477 incessu
974 3418 1128 3494 adparere

145 3497 322 3561 mollitiamt
342 3501 369 3561 si
384 3501 434 3562 ille
451 3516 523 3560 acer
537 3509 585 3562 est
600 3509 629 3562 et
643 3502 745 3576 ferox,
764 3499 909 3562 concitari
924 3501 1076 3576 gradum?
1099 3504 1126 3567 si
