2468 3930
231 240 400 302 EPISTUL.
415 240 509 301 MOR.
532 241 605 301 llll.
617 240 680 301 XII.
700 241 756 304 ΕΡ.
769 248 796 303 3.
818 246 889 316 (85.)
996 243 1060 306 229

76 396 154 469 duo,
172 408 253 470 quae
266 393 430 468 separatim
445 390 605 468 probanda
620 401 707 469 sunt,
728 395 922 457 misceamus.
954 413 1010 472 per
1025 415 1061 460 se

75 480 157 541 enim
177 477 328 552 colligitur
348 492 442 538 unum
461 476 576 561 bonum
597 493 683 552 esse,
706 480 790 554 quod
805 478 982 556 honestum,
1005 499 1061 557 per

75 577 112 624 se
125 577 250 634 rursus,
277 561 316 621 ad
331 561 422 621 vilem
437 560 557 621 beamm
572 562 646 622 satis
661 577 734 621 esse
748 563 894 624 virtulem.
925 566 951 625 si
967 582 1061 626 unum

73 647 190 708 bonum
209 643 272 719 εει,
296 644 381 718 quod
400 643 578 719 honestum,
604 661 712 705 omnes
730 649 904 709 concedunt
917 648 958 709 ad
972 650 1061 710 beale

74 730 240 791 vivendum
262 727 408 789 sulficere
423 729 579 789 virnutemz
602 746 620 789 e
639 730 791 790 contrario
807 747 869 790 non
883 734 1060 808 remitlelur,

76 815 103 875 ai
116 814 239 874 beatum
255 810 438 872 sola-virtus
453 812 540 887 facil,
558 829 651 872 unum
665 812 780 874 bonum
797 830 884 890 esse,
908 818 1060 890 quodbo·

75 896 196 959 nestum
211 902 267 956 εει.
297 895 485 958 Xenocrates
500 903 530 957 el
544 895 741 973 Speusippus
756 905 863 972 polam
876 899 998 962 beatum
1012 903 1061 962 vel
1070 910 1104 965 18

77 983 145 1043 sola
164 980 274 1041 virtute
293 979 360 1039 lieri
381 994 492 1055 posse,
517 988 700 1041 nontamen
723 997 816 1041 unum
842 981 956 1043 bonum
979 1000 1060 1059 esse,

77 1065 162 1141 quod
176 1062 339 1125 honestum
356 1063 413 1125 εἐι.
456 1063 609 1139 Epicurus
624 1080 750 1139 quoque
766 1065 894 1139 iudicat,
916 1082 984 1127 cum
999 1068 1060 1128 vir·

75 1155 169 1212 tutem
183 1147 309 1221 babeat,
326 1146 448 1208 beatum
464 1163 549 1221 esse,
567 1148 624 1208 sed
639 1148 738 1223 ipsam
752 1149 893 1209 virnutem
907 1167 969 1210 non
985 1152 1060 1211 salis

77 1246 149 1294 esse
165 1230 206 1291 ad
220 1231 341 1291 beatem
354 1232 457 1306 vilaro,
472 1233 545 1308 quia
554 1232 675 1292 bealam
686 1232 800 1293 alliciat
812 1233 965 1308 voluptas,
981 1250 1061 1310 quae

77 1331 117 1377 ex
136 1315 247 1376 virtute
267 1322 329 1388 est,
350 1332 413 1377 non
436 1316 506 1392 ipsa
526 1316 631 1377 virtus.
660 1315 768 1392 lnepla
789 1317 951 1378 dislinolio.
980 1317 1061 1378 idem

76 1399 157 1461 enim
179 1405 271 1474 negat
290 1416 437 1474 umquam
456 1401 597 1462 virtutem
612 1415 684 1460 esse
698 1401 765 1460 sine
777 1401 948 1476 voluptate:
971 1403 1013 1462 iou
1034 1402 1061 1462 si

76 1485 104 1545 ei
118 1486 223 1545 iuncta
237 1498 360 1558 semper
374 1492 423 1546 εει
436 1484 527 1561 alque
542 1483 773 1568 inpeparabilis,
788 1491 818 1544 ει
832 1486 900 1546 sola
915 1485 989 1547 satis
1004 1493 1061 1546 εει

76 1567 169 1628 habet
188 1567 396 1628 enim'seeum
416 1569 617 1644 voluptatem,
642 1567 710 1628 sine
727 1586 788 1644 qua
802 1585 864 1630 non
882 1576 944 1644 est,
971 1570 1063 1630 etiam

78 1667 147 1713 cum
164 1653 233 1712 sola
253 1657 309 1712 est.
340 1652 417 1712 illud
444 1660 544 1713 aulem
565 1652 733 1713 absurdum
754 1659 816 1728 est,
843 1654 928 1728 quod
952 1653 1103 1720 dicitur19

77 1736 199 1796 beatum
214 1735 338 1810 quidem
354 1737 487 1797 futurum
501 1739 551 1797 vel
566 1738 633 1797 sola
648 1737 766 1810 virtute,
782 1753 844 1799 non
859 1741 992 1800 luturum
1010 1755 1062 1798 au-

76 1826 138 1880 lem
156 1820 294 1896 perlecto
313 1820 445 1881 beatum.
476 1821 561 1896 quod
584 1822 841 1897 quemadmodum
865 1823 931 1883 lieri
950 1822 1061 1899 possin

77 1919 139 1965 non
154 1904 285 1980 reperio.
315 1904 405 1965 beatu
427 1906 507 1964 enim
521 1907 583 1966 vila
597 1905 711 1965 bonum
730 1906 759 1965 in
776 1922 811 1966 se
826 1909 993 1981 perlectum
1008 1907 1062 1966 ha-

77 1988 142 2060 bel,
163 1987 422 2063 inexsuperabile.
452 1989 536 2065 quod
560 1988 587 2050 si
601 1997 663 2063 εει,
689 1991 928 2065 perleelebeata
942 1996 998 2053 est.
1028 1989 1062 2051 Si

78 2073 205 2133 deorum
226 2073 288 2132 vila
308 2073 381 2134 nibil
402 2073 494 2134 habet
515 2074 613 2134 maius
633 2081 686 2134 aul
704 2074 828 2148 melius,
848 2074 939 2134 beata
960 2081 1062 2136 autem

77 2154 141 2216 vita
161 2156 265 2217 divina
285 2163 346 2216 esi:
366 2156 439 2217 nihil
453 2157 560 2229 habel,
583 2159 614 2217 in
636 2158 719 2232 quod
741 2158 872 2232 amplius
893 2159 993 2233 possit
1008 2158 1061 2218 ad·

77 2241 151 2301 lolli.
180 2240 344 2302 Praeterea
365 2241 392 2303 si
412 2240 502 2302 bealu
523 2242 585 2301 vila
598 2241 709 2301 nullius
724 2249 771 2302 εει
784 2242 942 2317 indigens,
965 2242 1105 2305 omnislo

77 2323 168 2386 beata
186 2323 250 2386 vita
261 2325 406 2401 'periecla
427 2333 475 2386 est
497 2326 668 2400 eademque
689 2331 738 2385 est
757 2331 788 2385 el
802 2325 892 2394 beala
906 2333 936 2386 et
949 2323 1062 2385 beatis-

79 2409 165 2469 sima.
193 2408 342 2485 numquid
356 2409 492 2483 dubilaS,
516 2409 588 2485 quin
603 2409 693 2470 baala
706 2408 769 2469 vita
784 2425 934 2469 summum
947 2407 1063 2469 bonum

79 2493 138 2569 sill
168 2494 246 2569 ergo
264 2494 291 2554 si
311 2509 463 2555 summum
489 2493 604 2554 bonum
623 2491 730 2566 habet,
758 2507 875 2555 summe
896 2492 987 2552 beata
1007 2498 1063 2552 εει

80 2576 341 2652 Quemadmodum
361 2593 512 2640 summum
534 2578 735 2639 adiectionem
753 2576 824 2639 non'
836 2575 960 2652 recipit,
989 2574 1064 2652 quid

79 2661 159 2720 enim
173 2677 270 2737 supra
284 2677 436 2723 summum
452 2664 527 2724 eritl
545 2663 587 2724 ila
603 2679 642 2723 ne
655 2660 746 2723 beata
761 2662 884 2739 quidem
897 2662 967 2736 vila,
984 2673 1064 2736 quae

80 2745 148 2805 sine
167 2761 287 2806 summo
308 2745 391 2807 bono
413 2764 475 2808 non
496 2753 553 2808 εει.
583 2748 667 2822 quod
688 2748 715 2807 si
730 2749 862 2823 aliquem
879 2746 976 2821 magis
991 2745 1064 2805 bea·

78 2835 142 2890 tum
155 2829 324 2902 induxeris,
340 2831 469 2894 induces
482 2838 511 2892 et
522 2834 615 2893 mullo
626 2832 740 2906 magis:
759 2830 991 2892 innumerabilia
1002 2829 1063 2889 dis·

80 2913 206 2974 erimine
221 2914 331 2974 summi
349 2913 423 2976 boni
438 2916 549 2988 iacies,
566 2931 635 2977 eum
650 2932 802 2977 summum
818 2916 933 2977 bonum
947 2912 1064 2975 intelle·

80 3013 165 3074 gam,
188 2998 273 3074 quod
296 3014 390 3074 supra
411 3015 447 3061 se
467 3000 595 3074 gradum
617 3017 678 3060 non
699 2999 801 3059 habel.
833 2997 867 3059 Si
890 3005 937 3058 est
952 2994 1063 3071 aliquis
1072 3010 1105 3063 ιι

79 3079 180 3143 minus
195 3082 305 3142 beatus
322 3099 414 3158 quam
429 3084 521 3158 alius,
544 3085 697 3160 sequitur,
722 3091 756 3144 ut
770 3083 820 3142 hic
834 3081 957 3146 ulterius
973 3080 1065 3139 vibam

78 3165 225 3228 beatioris
248 3167 346 3242 magis
367 3168 569 3243 concupiscat
590 3184 682 3244 quam
704 3182 800 3228 suam.
833 3166 943 3227 beatus
964 3169 1064 3223 aulem

80 3247 153 3310 nibil
169 3265 246 3311 suae
262 3251 404 3325 praefert.
432 3252 607 3313 utrumlibet
619 3266 659 3312 ex
673 3250 721 3311 his
735 3247 915 3310 incredibile
929 3253 990 3308 esta
1012 3252 1065 3306 aul

80 3332 197 3410 ailquid
217 3333 308 3395 beato
329 3343 461 3411 restare,
488 3335 573 3412 quod
592 3349 664 3394 esse
685 3349 776 3408 quam
798 3333 883 3407 quod
904 3336 952 3392 est
971 3328 1064 3404 malit,

81 3418 177 3480 antid
190 3418 276 3478 illum
289 3433 351 3479 non
366 3421 471 3495 malle,
489 3419 573 3494 quod
588 3419 638 3480 illo
654 3418 762 3478 melius
778 3424 834 3478 εει.
863 3413 1065 3491 uliqueenim

82 3518 143 3580 quo
159 3501 340 3578 prudentior
356 3509 419 3578 est,
439 3502 501 3564 hoc
520 3503 619 3578 magis
634 3517 669 3564 se
684 3500 785 3575 adid,
810 3499 896 3577 quod
919 3506 967 3560 εει
989 3497 1064 3575 opli-
