2468 3930
143 229 185 292 δῖ
425 227 459 287 L.
481 225 629 286 ΑΝΝΑΕΙ
652 223 828 285 SENECAE

141 384 239 456 Haec,
262 380 373 454 quibus
394 376 562 441 delectatur
580 379 706 452 volgus,
729 383 850 437 tenuem
866 375 981 440 habent
996 394 1034 439 ac
1048 393 1117 456 pen

141 466 287 527 lusoriam
309 464 509 536 voluptatem,
541 468 572 522 et
592 461 810 536 quodcumque
830 459 1024 523 invecticium
1044 478 1116 538 gau·

141 550 224 610 dium
248 553 309 621 est,
337 544 534 606 fundamento
555 551 653 605 caret:
680 542 757 616 hoc,
785 543 826 603 de
846 560 908 620 quo
929 545 1055 621 loquor,
1079 547 1118 607 ad

142 632 227 708 quod
245 639 275 692 te
297 644 392 691 conor
411 628 596 703 perducere,
626 627 757 689 solidum
778 635 840 702 est,
869 632 922 701 [et]
944 629 1030 704 quod
1047 630 1118 705 plus

112 723 243 792 §pateat
263 714 423 774 introrsus.
463 711 542 784 Fac,
563 727 618 772 oro
639 719 685 784 te,
712 709 810 771 Lucili
829 711 1003 788 carissime,
1033 714 1119 789 quod

139 816 233 862 unum
256 804 359 874 potest
379 800 431 870 [te]
453 801 612 870 praestare
632 794 766 854 felicem:
794 792 890 855 disice
915 804 946 856 et
970 798 1119 858 conculca

140 884 212 956 ista,
237 897 317 957 quae
332 879 523 941 extrinsecus
540 878 718 953 splendent,
742 892 821 952 quae
835 878 888 938 tibi
905 880 1119 955 promittuntur

141 968 179 1028 ab
205 966 264 1026 alio
288 965 338 1024 vel
359 980 399 1024 ex
416 963 492 1023 alio:
521 962 562 1022 ad
581 978 689 1022 verum
707 961 822 1022 bonunr
845 969 952 1037 specta
966 972 997 1024 et
1011 965 1051 1024 de
1067 973 1117 1025 tuo

123 1051 250 1126 :gaude
273 1049 347 1125 quid
361 1053 409 1107 est
421 1052 522 1107 autern
536 1046 596 1107 hoc
612 1046 657 1106 de
672 1052 764 1105 tuo?
783 1045 895 1121 teipso
909 1049 993 1108 ettui
1005 1049 1119 1124 optima

139 1141 235 1209 parte.
273 1131 495 1207 corpusculum
516 1138 656 1206 quoque,
679 1129 798 1189 etiamsi
812 1127 887 1189 nihil
900 1129 967 1190 lieri
984 1132 1052 1192 sine
1065 1131 1118 1194 illo

140 1224 257 1294 potest,
286 1216 384 1290 tnagis
409 1214 616 1275 necessariam
642 1228 707 1272 rem
733 1213 825 1287 crede
848 1230 941 1288 quarn
960 1230 1118 1290 magnam:

140 1307 236 1362 vanos
258 1300 394 1374 subgerit
412 1300 601 1372 voluptates,
634 1296 721 1356 brevi
747 1296 964 1373 poenitendus,
998 1314 1035 1359 ac
1060 1298 1119 1360 nisi

140 1401 250 1461 magna
264 1381 474 1444 moderatione
488 1385 708 1455 temperentur,
727 1382 757 1440 in
774 1381 959 1442 contrarium
972 1382 1118 1444 abituras.

139 1471 184 1528 lta
204 1468 289 1528 dico:
317 1466 348 1524 in
363 1464 523 1539 praecipiti
537 1464 695 1538 voluptas:
717 1464 757 1524 ad
772 1465 909 1525 dolorem
924 1466 1037 1542 vergit,
1059 1465 1119 1527 nisi

140 1550 266 1610 modum
287 1555 398 1609 teneat.
430 1548 552 1609 modum
578 1553 678 1609 autem
696 1556 802 1609 tenere
822 1549 852 1608 in
869 1564 907 1609 eo
922 1548 1049 1611 difficile
1062 1554 1117 1624 est,

142 1634 226 1710 quod
246 1633 360 1694 bonum
378 1647 449 1692 esse
466 1631 644 1692 credideris.
673 1632 737 1690 veri
751 1632 825 1693 boni
838 1632 968 1695 aviditas
983 1639 1048 1694 tute
1063 1638 1119 1694 est.

113 1718 220 1792 could
235 1717 275 1778 sit
294 1716 391 1790 istud,
411 1715 597 1790 interrogas,
622 1722 674 1775 aut
687 1714 770 1775 unde
786 1715 915 1777 subeat?
942 1717 1058 1777 dicam:
1081 1732 1116 1778 ei

140 1802 222 1862 bona
243 1798 446 1874 conscientia,
472 1816 512 1860 ex
532 1799 671 1860 honestis
687 1798 839 1872 consiliis,
864 1816 902 1860 ex
917 1799 1010 1874 rectis
1025 1800 1119 1862 actio·

141 1884 247 1958 nibus,
275 1900 315 1945 ex
339 1891 513 1957 contemptu
539 1883 745 1957 fortuitorum,
772 1899 812 1943 ex
838 1884 960 1960 placido
984 1884 1068 1946 vitae
1092 1891 1122 1945 ct

141 1968 285 2030 continuo
307 1974 414 2028 tenore
434 1983 526 2027 unam
541 1965 709 2042 prementis
724 1966 820 2027 viam:
847 1983 918 2027 nam
931 1968 990 2042 illi,
1014 1966 1067 2044 qui
1082 1983 1121 2029 ex

141 2052 207 2113 aliis
227 2050 395 2128 propositis
410 2050 441 2110 in
456 2049 515 2111 alia
530 2051 720 2112 transsiliunt
734 2058 785 2111 aut
797 2066 838 2110 ne
851 2051 1042 2112 transsiliunt
1055 2051 1120 2127 qui-

141 2135 227 2209 dem,
249 2136 306 2197 sed
320 2151 397 2198 casu
411 2136 543 2209 quodam
564 2135 811 2207 transmittuntur,
836 2135 992 2210 quomodo
1006 2134 1121 2196 habere

142 2221 307 2296 quicquam
322 2227 437 2280 certum
450 2234 668 2279 mansurumve
680 2225 814 2294 possunt
825 2219 971 2295 suspensi
985 2225 1018 2280 et
1030 2218 1121 2294 vagit

112 2302 234 2368 8Pauci
248 2311 334 2379 sunt,
359 2304 412 2380 qui
427 2302 556 2364 consilio
574 2318 610 2364 se
624 2317 743 2378 suaque
758 2301 939 2379 disponant:
960 2303 1054 2365 ceteri
1069 2318 1120 2363 eo·

140 2391 207 2449 rum
226 2404 327 2463 more,
351 2403 432 2464 quae
448 2385 623 2448 fluminibus
645 2387 794 2459 innatant,
818 2394 985 2462 noncunt,
1006 2386 1120 2447 sedfe·

140 2479 256 2533 runtur.
279 2488 317 2532 ex
335 2472 446 2548 quibus
462 2471 521 2530 alia
534 2472 632 2531 lenior
646 2471 729 2531 unda
743 2470 869 2532 detinuit
882 2486 920 2530 ac
933 2470 1056 2532 mollius
1069 2485 1120 2529 ve-

140 2558 199 2630 xit,
227 2556 288 2616 alia
307 2554 518 2614 vehementior
539 2553 655 2629 rapuit,
683 2554 743 2614 olio
762 2555 903 2631 proxima
924 2555 1013 2630 ripae
1028 2569 1120 2615 cursu

141 2640 360 2713 languescente
381 2637 539 2712 deposuit,
566 2638 626 2698 alia
646 2642 766 2700 torrens
781 2639 903 2715 inpetus
918 2639 949 2698 in
963 2653 1048 2699 mare
1060 2638 1120 2699 eie·

143 2720 191 2782 cit.
227 2722 301 2780 ldeo
318 2720 565 2782 constituendum
580 2729 643 2797 est,
666 2723 742 2798 quid
756 2723 901 2797 velimus,
917 2729 947 2783 et
958 2721 989 2781 in
1002 2738 1040 2784 eo
1052 2736 1120 2799 per

143 2804 360 2865 severendum.
980 2854 983 2859 .

113 2899 131 2955 9
204 2888 262 2948 Hic
276 2895 324 2948 est
337 2888 427 2948 locus
443 2888 583 2949 solvendi
599 2890 679 2951 aeris
695 2887 795 2949 alieni.
830 2905 961 2964 possum
975 2887 1057 2949 enim
1069 2903 1120 2949 vo·

144 2988 210 3033 cern
230 2972 284 3033 tibi
301 2971 427 3047 Epicuri
448 2972 491 3033 tui
511 2973 642 3033 reddere
657 2982 687 3035 et
705 2974 785 3034 hanc
800 2973 962 3049 epistulam
975 2972 1120 3033 liberare:

141 3055 345 3116 Molestum
371 3063 432 3116 est
459 3072 610 3133 semper
639 3059 755 3120 vitam
778 3056 983 3118 inchoare.
1018 3061 1072 3116 aut
1096 3052 1121 3115 si

142 3139 203 3199 hoc
217 3141 309 3202 modo
327 3139 424 3215 magis
441 3156 553 3201 sensus
568 3147 672 3215 potest
686 3141 831 3216 exprimi:
852 3141 950 3201 Male
969 3139 1121 3212 vivunt,

103 3225 208 3299 loqui
235 3240 390 3300 semper
416 3224 550 3284 vivere
575 3223 781 3300 incipiunt.
822 3224 984 3299 „Quarew
1010 3222 1121 3298 inquis.

144 3306 300 3370 desiderat
314 3309 395 3369 enirn
410 3308 656 3384 explanationem
670 3309 729 3370 ista
743 3325 819 3370 vox:
843 3310 914 3384 quia
926 3322 1052 3385 semper
1063 3305 1122 3367 illis

143 3388 312 3464 inperfecta
331 3393 393 3454 vita
414 3399 471 3453 est.
503 3408 564 3453 non
586 3398 689 3467 potest
709 3400 809 3453 autem
833 3400 914 3453 stare
936 3398 1063 3468 paratus
1083 3388 1122 3451 ad

158 3482 286 3551 nortem,
315 3475 367 3552 qui
387 3477 480 3537 modo
501 3476 606 3553 incipit
626 3477 738 3536 vivere.
771 3476 802 3536 id
828 3476 980 3551 agendum
1000 3482 1064 3552 est,
1090 3479 1122 3535 ut
