2468 3930
142 229 206 295 316
340 260 343 265 ·
435 228 468 288 L.
490 227 636 288 ANNAEI
660 225 835 286 SENECAE

143 383 289 445 fiduciam
313 399 374 443 non
399 381 541 441 habent.“
591 381 636 439 lta
661 385 722 451 est,
748 386 832 438 tuta
854 379 1010 440 seelera
1036 395 1127 443 esse

103 473 326 544 repossunt,
342 481 484 526 secura
501 480 574 525 non
593 469 769 538 possunt.
797 462 937 536 Hooego
953 478 1125 540 repugnare

145 559 248 612 sectae
268 556 407 621 nostrae,
435 549 462 608 si
483 549 528 608 sio
555 546 751 622 expediatur,
777 561 838 605 non
865 545 978 606 iudioo.
1009 553 1127 624 quare?

145 630 1126 710 quiaprimaiitaetmaximopeeoautiumestpoena,

145 732 336 793 peccasse
357 732 414 776 neo
434 715 528 776 uttum
546 716 662 790 scelus,
683 715 754 774 lieet
773 713 846 774 itlud
862 715 984 774 fortuna
998 723 1127 776 exornet

145 800 322 861 muneribus
337 801 417 872 suis,
439 799 510 860 licet
525 806 645 860 tueatur
660 814 696 858 ao
711 798 858 870 vindicet,
881 797 1054 872 inpunitum
1071 805 1126 872 est,

146 883 289 961 quoniam
309 884 434 944 sceleris
454 884 484 943 in
507 883 624 943 scelere
645 881 830 957 supplicium
848 889 910 942 est=
939 884 1009 942 sed
1029 883 1126 942 nihi·

145 969 310 1031 lominus
328 968 446 1030 ethae
460 966 541 1027 iilum
555 966 1126 1042 [malummenteszeoundaepoe

145 1069 215 1113 uae
238 1059 416 1128 premunt
440 1059 683 1125 adsequuntur,
708 1051 813 1110 timere
839 1065 962 1125 semper
982 1058 1015 1112 et
1034 1066 1127 1127 expa-

144 1151 274 1197 vescere
296 1144 326 1196 et
347 1133 500 1196 securitati
522 1135 672 1195 diffidere.
700 1149 795 1208 quare
815 1151 874 1209 ego
897 1133 957 1194 hoo
973 1135 1127 1211 supplicio

145 1221 311 1297 nequitiam
332 1220 479 1279 liberem?
501 1234 596 1295 quare
616 1234 678 1278 non
692 1234 815 1292 semper
829 1219 910 1277 illam
925 1217 957 1277 in
971 1235 1127 1295 suspenso

105 1306 338 1381 loreliuquamt
379 1303 443 1363 litia
468 1303 684 1363 dissentiamus
713 1318 781 1362 oum
803 1302 953 1377 Epicuro,
978 1303 1031 1363 ubi
1056 1303 1129 1365 dicit

146 1386 240 1463 „nihil
261 1389 373 1448 iustum
393 1402 466 1446 esse
488 1393 597 1446 natura
618 1392 648 1446 et
668 1385 794 1446 crimina
807 1385 932 1447 vitanda
947 1401 1035 1461 esse,
1057 1385 1127 1462 quia

147 1472 233 1532 vitari
248 1478 346 1531 metus
359 1486 421 1530 non
436 1475 567 1545 posse“=
589 1470 639 1529 hio
656 1471 884 1531 consentiamus
898 1469 978 1530 mula
991 1471 1128 1531 facinora

147 1553 336 1615 conscientia
357 1553 504 1628 flagellari
523 1560 554 1613 et
573 1552 734 1628 plurimum
756 1554 797 1613 ilii
819 1560 1036 1615 tormentorum
1058 1569 1129 1615 esso

147 1654 200 1709 eo,
229 1639 313 1713 quod
340 1645 489 1712 perpetua
515 1638 596 1696 iilum
617 1637 790 1700 sollicitudo
812 1646 901 1713 urget
920 1653 958 1697 ao
978 1639 1127 1712 verberat,

148 1721 232 1797 quod
257 1721 462 1797 sponsoribus
487 1721 660 1782 securitatis
685 1738 761 1782 suae
785 1737 846 1781 non
869 1728 972 1796 potest
992 1723 1124 1783 credero

147 1805 206 1866 hoo
222 1805 302 1865 enim
317 1806 418 1880 ipsum
434 1811 658 1879 argumentum,
679 1805 826 1881 Epicure,
851 1811 924 1879 [est]
946 1813 1055 1866 natura
1072 1822 1127 1866 nos

147 1889 298 1949 asoelere
313 1888 487 1960 abhorrere,
504 1889 588 1962 quod
603 1890 676 1949 nulii
691 1905 752 1949 non
768 1889 857 1951 etiam
873 1889 951 1950 inter
964 1897 1028 1951 tutu
1040 1890 1131 1949 timor

105 1979 203 2034 idest.
236 1973 348 2033 Muttos
365 1974 485 2033 fortuna
499 1973 607 2033 liberat
619 1989 728 2048 poena,
746 1981 828 2034 metu
839 1974 999 2033 neminem.
1023 1988 1129 2048 quare,

148 2055 208 2117 nisi
223 2058 295 2131 quia
310 2056 404 2117 infixa
418 2057 507 2117 nobis
523 2055 590 2116 eius
604 2058 649 2116 rei
664 2059 817 2118 aversatio
835 2067 891 2132 ost,
915 2072 1007 2133 quum
1021 2064 1130 2118 natura

148 2141 323 2202 damnavit?
346 2140 417 2203 ideo
438 2157 604 2216 numquam
627 2142 705 2202 fides
728 2142 837 2202 latendi
857 2142 891 2202 fit
906 2141 996 2201 etiam
1013 2141 1129 2202 latenti-

150 2227 222 2295 bus,
240 2226 312 2300 quia
327 2226 463 2300 coarguit
478 2226 547 2286 iilos
563 2226 751 2286 couscientia
765 2234 795 2287 et
809 2226 896 2300 ipsos
912 2224 971 2285 sibi
986 2224 1129 2286 ostendit.

149 2310 307 2386 proprium
323 2316 423 2370 autem
440 2316 487 2371 est
502 2310 676 2371 nocentium
691 2310 854 2386 trepidare.
888 2308 969 2369 Male
984 2310 1024 2368 de
1040 2308 1129 2369 nobis

149 2402 248 2455 actum
269 2402 348 2466 erat,
376 2395 460 2469 quod
480 2394 573 2454 multa
593 2395 711 2454 seelera
728 2395 826 2468 legem
841 2401 871 2453 et
884 2391 1038 2453 vindicem
1054 2391 1128 2453 effu-

148 2479 233 2553 giunt
254 2485 285 2539 et
305 2479 418 2553 scripta
433 2477 597 2553 supplicia,
620 2478 678 2538 nisi
699 2476 750 2537 itta
764 2475 912 2538 naturalia
926 2484 956 2537 et
969 2477 1076 2551 gravia
1091 2476 1130 2535 de

149 2563 363 2638 praesentibus
379 2563 535 2622 solverent
549 2566 579 2620 et
594 2561 625 2620 in
640 2563 740 2623 iocum
756 2561 919 2638 patientiae
932 2561 1025 2621 timor,
1038 2560 1130 2621 oede-

148 2654 203 2706 ret.
230 2647 317 2706 vate.

448 2781 663 2839 nrisrunx
687 2784 732 2838 111.
756 2784 828 2855 (oe.)

408 2875 517 2926 SENECA
533 2877 645 2927 Luclulo
663 2889 714 2928 SUO
733 2888 872 2930 SALUTEM.

119 2991 133 3043 1
208 2979 1130 3055 Numquamcredideristeiioemquemquamex

150 3064 344 3125 felicitate
359 3081 602 3140 suspensum.
626 3062 784 3139 fragilibus
796 3063 937 3136 innititur,
951 3061 1004 3135 qui
1016 3059 1130 3120 adven-

148 3147 219 3210 tioio
238 3149 335 3208 taetus
356 3154 418 3209 esta
447 3149 541 3209 exibit
561 3148 718 3223 gaudium,
742 3148 826 3223 quod
847 3144 975 3207 intravit.
1004 3152 1036 3205 at
1056 3143 1131 3207 iilud

149 3248 188 3293 ex
208 3248 243 3292 se
265 3240 361 3292 ortum
383 3233 474 3293 fidele
496 3234 678 3308 firmumque
698 3238 746 3292 est
760 3239 791 3292 et
805 3229 916 3292 oresoit
930 3235 960 3288 et
974 3229 1013 3288 ad
1029 3235 1129 3288 extre·

149 3333 230 3376 utum
251 3331 352 3391 usque
374 3318 585 3392 prosequitur:
608 3325 725 3388 cetera,
748 3332 878 3391 quorum
900 3311 1060 3374 admiratio
1082 3318 1131 3373 est

148 3400 251 3464 volgo,
266 3399 295 3458 in
312 3400 393 3461 diem
409 3402 492 3462 bona
508 3408 587 3462 sunt.
632 3399 731 3473 „Quid
745 3406 842 3474 ergot
863 3414 924 3460 non
937 3396 1007 3458 usui
1021 3410 1059 3456 ao
1074 3410 1129 3456 vo-

276 3496 349 3543 osse
373 3490 550 3561 possuntt“
594 3484 667 3558 Quis
689 3490 801 3558 negot?
828 3483 885 3543 sed
905 3481 961 3555 itu,
979 3478 1009 3540 si
1023 3479 1076 3541 iila
1089 3492 1130 3541 ex
