2468 3930
142 192 205 258 ³28
439 193 470 252 L.
491 193 638 252 ANNAEI
657 191 831 253 SENECAE

143 344 237 406 dubio
251 343 372 418 singula
388 342 609 416 circumspecta
623 357 679 401 nec
699 341 729 401 in
749 358 784 402 se
806 343 934 402 collecta
955 357 1013 402 nec
1034 359 1125 404 omne

142 428 270 489 verbum
293 426 437 486 excitabit
458 442 493 484 ac
513 432 641 501 punget,
671 427 776 486 iateor.
806 426 932 487 exibunt
950 427 1047 489 mullo
1066 443 1124 487 nec

144 513 252 573 ferient
266 511 296 570 et
310 508 460 569 interdum
473 509 573 570 otiosa
588 509 827 585 praeterlabetur
841 511 954 571 oratio=
977 511 1037 571 sed
1047 511 1124 572 mul·

145 603 206 656 tum
223 594 278 654 erit
292 593 322 653 in
341 593 482 653 omnibus
496 593 582 667 lucis,
599 593 655 653 sed
669 593 777 668 ingens
789 595 856 655 sine
868 594 969 656 taedio
979 595 1123 671 spatium.

120 679 282 768 'Denique
310 677 383 736 illud
406 676 586 750 praestabit,
611 684 644 737 ut
667 677 781 752 liqueat
800 678 853 737 tibi
878 678 961 738 illum
984 679 1124 739 sensisse

145 764 225 838 quae
240 760 373 836 scripsit.
399 761 556 835 intelleges
571 761 631 820 hec
648 767 763 834 actum,
786 769 819 822 ut
833 768 866 822 tu
881 762 976 821 scires
992 761 1068 837 quid
1082 762 1124 822 illi

144 847 293 921 placeret,
319 861 381 906 non
400 852 433 905 ut
452 844 503 904 ille
523 846 659 919 placeret
679 845 742 904 tibi
769 845 809 906 ed
830 846 1001 920 proiectum
1022 846 1125 907 omnia

102 929 279 1003 utendum,
295 929 335 987 ad
349 929 461 989 bonam
472 931 619 988 mentem·
641 945 701 987 non
716 929 870 1024 quaeritur
881 930 1018 1005 piausus
1040 930 1124 991 Talia

144 1029 216 1074 esse
237 1013 351 1087 scripta
371 1015 438 1073 eius
459 1028 520 1071 non
543 1012 662 1086 dubito,
689 1010 806 1072 etiamsi
826 1014 922 1087 magis
943 1012 1124 1074 reminiscor

146 1114 237 1172 quam
258 1104 347 1156 teneo
368 1095 535 1170 haeretque
556 1095 628 1155 mihi
651 1096 736 1156 color
757 1111 862 1157 eorum
877 1113 938 1158 non
955 1113 995 1157 ex
1008 1097 1124 1158 recenti

146 1181 378 1241 conversatione
393 1179 586 1252 familiariter,
602 1179 659 1240 sed
674 1182 861 1253 summatim,
878 1189 910 1241 ut
923 1183 1003 1241 solet
1016 1198 1058 1242 ex
1071 1196 1123 1240 ve

144 1272 209 1325 lere
223 1265 342 1324 notitia:
366 1280 434 1325 cum
449 1264 584 1324 audirem
599 1272 681 1325 carte
695 1264 787 1336 illum,
805 1267 875 1325 talia
892 1264 965 1325 mihi
977 1265 1123 1326 videban-

146 1357 208 1423 tur,
233 1365 294 1408 non
317 1348 431 1420 solida,
447 1348 515 1407 'sed
535 1348 642 1423 plena,
664 1363 744 1422 quac
764 1349 991 1408 adulescentem
1011 1349 1123 1410 indolis

144 1433 245 1493 bonae
267 1431 448 1492 adtollerent
468 1439 498 1491 et
521 1431 560 1490 ad
581 1431 777 1492 imitationem
800 1433 847 1493 sui
870 1439 1036 1494 evocarent
1055 1431 1125 1493 sine

145 1516 359 1591 desperatione
374 1512 531 1574 vincendi:
554 1531 632 1589 quae
654 1515 726 1575 mihi
740 1515 910 1578 adhortatio
923 1515 1044 1578 videtur
1058 1518 1123 1578 elfi-

146 1599 316 1660 eacissima.
345 1598 476 1659 deterret
496 1597 575 1658 enim
583 1600 664 1674 ‚qui
685 1599 820 1660 imitandi
835 1601 1030 1677 cupiditatem
1046 1600 1123 1676 lecit,

145 1698 233 1757 spem
261 1683 392 1742 abstulit.
438 1681 576 1743 Ceterum
602 1682 705 1743 verbis
730 1683 921 1757 abundabat,
947 1682 1016 1745 sine
1042 1700 1125 1746 com·

144 1766 337 1826 mandatione
360 1765 490 1842 partium
516 1767 736 1842 singularum
729 1784 758 1826 m
785 1769 962 1829 universum
985 1769 1124 1887 meguid

145 1865 210 1910 cus.
240 1851 327 1908 Vale
696 1879 698 1884 ,

534 2048 736 2059 -η-α-α

440 2237 474 2317 l.
494 2234 635 2320 llllll
656 2235 827 2320 salutii

505 2391 556 2440 Ab
572 2388 762 2442 LUCILIUM

261 2507 669 2606 lrlslltltttlll
697 2507 1005 2607 Mttlllltll

498 2676 632 2738 LIBER
657 2677 750 2738 xvll.

447 2913 664 2973 EPISTULA
685 2916 706 2971 l.
726 2917 815 2989 (101.)

400 3009 511 3063 Seneca
525 3013 636 3064 Lucrrro
657 3024 708 3064 sno
728 3025 867 3068 sauuruu.

115 3129 130 3180 1
208 3111 336 3173 Omnis
365 3114 464 3188 dies,
492 3115 616 3176 omnis
639 3114 734 3178 bora
758 3133 865 3193 quam
885 3116 981 3177 nihii
1001 3116 1125 3179 simus

143 3196 321 3258 ostendit
335 3203 371 3257 et
385 3197 518 3274 aliquo
536 3207 759 3274 argumento
775 3199 926 3262 recenti
943 3202 1126 3264 admonet

141 3280 558 3356 fragilitatis'oblitosr‘
574 3284 824 3345 tumaetern'a
839 3283 1124 3347 meditatosr'e-

141 3363 298 3449 spicere
313 3362 420 3440 cogit
434 3366 479 3425 ad
494 3366 660 3428 mortem.
683 3369 762 3442 Quid
774 3368 832 3429 sibi
843 3368 924 3430 istud
940 3366 1125 3445 principiam

140 3448 214 3508 velit
240 3445 383 3523 quaeris?
416 3447 616 3511 Senecionem
642 3451 826 3527 Cornelium,
853 3452 1124 3527 equitem-Roma-
