<?xml version="1.0" encoding="UTF-8"?>
<!DOCTYPE html PUBLIC "-//W3C//DTD XHTML 1.0 Transitional//EN"
    "http://www.w3.org/TR/xhtml1/DTD/xhtml1-transitional.dtd">
<html xmlns="http://www.w3.org/1999/xhtml" xml:lang="en" lang="en">
 <head>
  <title>
</title>
<meta http-equiv="Content-Type" content="text/html;charset=utf-8" />
  <meta name='ocr-system' content='tesseract 3.04.00' />
  <meta name='ocr-capabilities' content='ocr_page ocr_carea ocr_par ocr_line ocrx_word'/>
</head>
<body>
  <div class='ocr_page' id='page_1' title='image "./lannaeisenecaeo00haasgoog_0203.png"; bbox 0 0 2468 3930; ppageno 0'>
   <div class='ocr_carea' id='block_1_1' title="bbox 145 220 829 290">
    <p class='ocr_par' dir='ltr' id='par_1_1' title="bbox 145 220 829 290">
     <span class='ocr_line' id='line_1_1' title="bbox 145 220 829 290; baseline -0.013 0"><span class='ocrx_word' id='word_1_1' title='bbox 145 222 207 290; x_wconf 80' lang='lat'>1⁷0</span> <span class='ocrx_word' id='word_1_2' title='bbox 430 224 465 284; x_wconf 91' lang='lat' dir='ltr'>L.</span> <span class='ocrx_word' id='word_1_3' title='bbox 485 222 633 284; x_wconf 84' lang='lat' dir='ltr'>ANNAEI</span> <span class='ocrx_word' id='word_1_4' title='bbox 654 220 829 283; x_wconf 83' lang='lat' dir='ltr'>SENECAE</span> 
     </span>
    </p>
   </div>
   <div class='ocr_carea' id='block_1_2' title="bbox 101 371 1120 1122">
    <p class='ocr_par' dir='ltr' id='par_1_2' title="bbox 144 371 1120 534">
     <span class='ocr_line' id='line_1_2' title="bbox 146 371 1120 454; baseline -0.003 -16"><span class='ocrx_word' id='word_1_5' title='bbox 146 377 269 454; x_wconf 91' lang='lat' dir='ltr'>quidem</span> <span class='ocrx_word' id='word_1_6' title='bbox 288 372 404 450; x_wconf 89' lang='lat' dir='ltr'>turpis,</span> <span class='ocrx_word' id='word_1_7' title='bbox 425 372 503 435; x_wconf 85' lang='lat' dir='ltr'>inter</span> <span class='ocrx_word' id='word_1_8' title='bbox 524 374 616 435; x_wconf 83' lang='lat' dir='ltr'>foeda</span> <span class='ocrx_word' id='word_1_9' title='bbox 635 373 840 434; x_wconf 80' lang='lat' dir='ltr'><strong>versantibus.</strong></span> <span class='ocrx_word' id='word_1_10' title='bbox 868 371 900 431; x_wconf 93' lang='lat' dir='ltr'>id</span> <span class='ocrx_word' id='word_1_11' title='bbox 919 387 1065 446; x_wconf 85' lang='lat' dir='ltr'>agamus,</span> <span class='ocrx_word' id='word_1_12' title='bbox 1085 382 1120 436; x_wconf 90' lang='lat' dir='ltr'>ut</span> 
     </span>
     <span class='ocr_line' id='line_1_3' title="bbox 144 455 1118 534; baseline -0.002 -15"><span class='ocrx_word' id='word_1_13' title='bbox 144 468 281 522; x_wconf 88' lang='lat' dir='ltr'>nostrum</span> <span class='ocrx_word' id='word_1_14' title='bbox 296 474 387 518; x_wconf 91' lang='lat' dir='ltr'>omne</span> <span class='ocrx_word' id='word_1_15' title='bbox 401 466 522 534; x_wconf 91' lang='lat' dir='ltr'>tempus</span> <span class='ocrx_word' id='word_1_16' title='bbox 539 458 587 520; x_wconf 85' lang='lat' dir='ltr'>sit.</span> <span class='ocrx_word' id='word_1_17' title='bbox 610 474 671 519; x_wconf 90' lang='lat' dir='ltr'>non</span> <span class='ocrx_word' id='word_1_18' title='bbox 687 458 744 525; x_wconf 90' lang='lat' dir='ltr'>erit</span> <span class='ocrx_word' id='word_1_19' title='bbox 759 465 868 530; x_wconf 88' lang='lat' dir='ltr'>autem,</span> <span class='ocrx_word' id='word_1_20' title='bbox 882 455 942 516; x_wconf 92' lang='lat' dir='ltr'>nisi</span> <span class='ocrx_word' id='word_1_21' title='bbox 956 457 1043 531; x_wconf 91' lang='lat' dir='ltr'>prius</span> <span class='ocrx_word' id='word_1_22' title='bbox 1059 473 1118 518; x_wconf 91' lang='lat' dir='ltr'>nos</span> 
     </span>
    </p>

    <p class='ocr_par' dir='ltr' id='par_1_3' title="bbox 101 540 1120 1122">
     <span class='ocr_line' id='line_1_4' title="bbox 101 540 1119 617; baseline -0.005 -11"><span class='ocrx_word' id='word_1_23' title='bbox 101 544 240 609; x_wconf 76' lang='lat' dir='ltr'>diuostm</span> <span class='ocrx_word' id='word_1_24' title='bbox 261 558 333 603; x_wconf 90' lang='lat' dir='ltr'>esse</span> <span class='ocrx_word' id='word_1_25' title='bbox 352 542 555 617; x_wconf 80' lang='lat' dir='ltr'>coeperimus.</span> <span class='ocrx_word' id='word_1_26' title='bbox 593 541 720 617; x_wconf 81' lang='lat' dir='ltr'>Quando</span> <span class='ocrx_word' id='word_1_27' title='bbox 749 540 904 614; x_wconf 87' lang='lat' dir='ltr'>continget</span> <span class='ocrx_word' id='word_1_28' title='bbox 922 547 1119 601; x_wconf 82' lang='lat' dir='ltr'>contemnere</span> 
     </span>
     <span class='ocr_line' id='line_1_5' title="bbox 144 622 1119 702; baseline -0.003 -14"><span class='ocrx_word' id='word_1_29' title='bbox 144 635 305 702; x_wconf 86' lang='lat' dir='ltr'>utramque</span> <span class='ocrx_word' id='word_1_30' title='bbox 319 627 492 686; x_wconf 68' lang='lat' dir='ltr'>fortunam?</span> <span class='ocrx_word' id='word_1_31' title='bbox 527 626 650 702; x_wconf 89' lang='lat' dir='ltr'>quando</span> <span class='ocrx_word' id='word_1_32' title='bbox 665 624 819 698; x_wconf 88' lang='lat' dir='ltr'>continget</span> <span class='ocrx_word' id='word_1_33' title='bbox 833 622 974 686; x_wconf 90' lang='lat' dir='ltr'>omuibus</span> <span class='ocrx_word' id='word_1_34' title='bbox 989 624 1119 699; x_wconf 84' lang='lat' dir='ltr'>obpres-</span> 
     </span>
     <span class='ocr_line' id='line_1_6' title="bbox 144 705 1120 772; baseline -0.003 0"><span class='ocrx_word' id='word_1_35' title='bbox 144 713 188 772; x_wconf 89' lang='lat' dir='ltr'>sis</span> <span class='ocrx_word' id='word_1_36' title='bbox 203 710 372 772; x_wconf 67' lang='lat' dir='ltr'>adfectibus</span> <span class='ocrx_word' id='word_1_37' title='bbox 384 717 415 772; x_wconf 87' lang='lat' dir='ltr'>et</span> <span class='ocrx_word' id='word_1_38' title='bbox 425 709 482 770; x_wconf 89' lang='lat' dir='ltr'>sub</span> <span class='ocrx_word' id='word_1_39' title='bbox 494 709 648 770; x_wconf 78' lang='lat' dir='ltr'><strong>arbitrium</strong></span> <span class='ocrx_word' id='word_1_40' title='bbox 663 724 752 771; x_wconf 92' lang='lat' dir='ltr'>suum</span> <span class='ocrx_word' id='word_1_41' title='bbox 764 707 904 769; x_wconf 82' lang='lat' dir='ltr'>adductis</span> <span class='ocrx_word' id='word_1_42' title='bbox 915 705 996 768; x_wconf 89' lang='lat' dir='ltr'>hanc</span> <span class='ocrx_word' id='word_1_43' title='bbox 1009 723 1120 769; x_wconf 87' lang='lat' dir='ltr'>vocem</span> 
     </span>
     <span class='ocr_line' id='line_1_7' title="bbox 144 790 1119 868; baseline -0.005 -11"><span class='ocrx_word' id='word_1_44' title='bbox 144 797 296 857; x_wconf 74' lang='lat' dir='ltr'>emittere:</span> <span class='ocrx_word' id='word_1_45' title='bbox 311 793 410 854; x_wconf 80' lang='lat' dir='ltr'>vicit</span> <span class='ocrx_word' id='word_1_46' title='bbox 436 793 530 867; x_wconf 82' lang='lat' dir='ltr'>Quem</span> <span class='ocrx_word' id='word_1_47' title='bbox 548 794 673 854; x_wconf 88' lang='lat' dir='ltr'>vicerim</span> <span class='ocrx_word' id='word_1_48' title='bbox 690 791 834 868; x_wconf 81' lang='lat' dir='ltr'>quaeris‘t</span> <span class='ocrx_word' id='word_1_49' title='bbox 857 807 920 852; x_wconf 90' lang='lat' dir='ltr'>uon</span> <span class='ocrx_word' id='word_1_50' title='bbox 933 790 1047 852; x_wconf 89' lang='lat' dir='ltr'>Persas</span> <span class='ocrx_word' id='word_1_51' title='bbox 1062 807 1119 853; x_wconf 90' lang='lat' dir='ltr'>nec</span> 
     </span>
     <span class='ocr_line' id='line_1_8' title="bbox 144 874 1120 954; baseline -0.003 -15"><span class='ocrx_word' id='word_1_52' title='bbox 144 886 281 939; x_wconf 87' lang='lat' dir='ltr'>extrema</span> <span class='ocrx_word' id='word_1_53' title='bbox 304 879 465 939; x_wconf 88' lang='lat' dir='ltr'>Medorum</span> <span class='ocrx_word' id='word_1_54' title='bbox 489 894 547 938; x_wconf 92' lang='lat' dir='ltr'>nec</span> <span class='ocrx_word' id='word_1_55' title='bbox 569 878 595 938; x_wconf 93' lang='lat' dir='ltr'>si</span> <span class='ocrx_word' id='word_1_56' title='bbox 621 878 695 954; x_wconf 93' lang='lat' dir='ltr'>quid</span> <span class='ocrx_word' id='word_1_57' title='bbox 713 876 793 936; x_wconf 91' lang='lat' dir='ltr'>ultra</span> <span class='ocrx_word' id='word_1_58' title='bbox 811 875 915 936; x_wconf 89' lang='lat' dir='ltr'>Dahas</span> <span class='ocrx_word' id='word_1_59' title='bbox 935 874 1120 936; x_wconf 90' lang='lat' dir='ltr'>bellicosum</span> 
     </span>
     <span class='ocr_line' id='line_1_9' title="bbox 144 960 1118 1037; baseline -0.003 -14"><span class='ocrx_word' id='word_1_60' title='bbox 144 963 239 1037; x_wconf 88' lang='lat' dir='ltr'>iacet,</span> <span class='ocrx_word' id='word_1_61' title='bbox 253 964 310 1023; x_wconf 90' lang='lat' dir='ltr'>scd</span> <span class='ocrx_word' id='word_1_62' title='bbox 321 960 493 1035; x_wconf 87' lang='lat' dir='ltr'>avaritiam,</span> <span class='ocrx_word' id='word_1_63' title='bbox 510 962 566 1022; x_wconf 91' lang='lat' dir='ltr'>sed</span> <span class='ocrx_word' id='word_1_64' title='bbox 582 962 789 1034; x_wconf 85' lang='lat' dir='ltr'>ambitionem,</span> <span class='ocrx_word' id='word_1_65' title='bbox 804 960 860 1021; x_wconf 89' lang='lat' dir='ltr'>sed</span> <span class='ocrx_word' id='word_1_66' title='bbox 874 966 988 1020; x_wconf 89' lang='lat' dir='ltr'>metum</span> <span class='ocrx_word' id='word_1_67' title='bbox 1002 960 1118 1032; x_wconf 91' lang='lat' dir='ltr'>mortis,</span> 
     </span>
     <span class='ocr_line' id='line_1_10' title="bbox 145 1044 704 1122; baseline -0.007 -14"><span class='ocrx_word' id='word_1_68' title='bbox 145 1048 198 1122; x_wconf 88' lang='lat' dir='ltr'>qui</span> <span class='ocrx_word' id='word_1_69' title='bbox 211 1047 344 1108; x_wconf 88' lang='lat' dir='ltr'>victores</span> <span class='ocrx_word' id='word_1_70' title='bbox 360 1045 494 1122; x_wconf 87' lang='lat' dir='ltr'>gentium</span> <span class='ocrx_word' id='word_1_71' title='bbox 508 1044 589 1106; x_wconf 91' lang='lat' dir='ltr'>vicit.</span> <span class='ocrx_word' id='word_1_72' title='bbox 617 1046 704 1105; x_wconf 84' lang='lat' dir='ltr'>Vale.</span> 
     </span>
    </p>
   </div>
   <div class='ocr_carea' id='block_1_3' title="bbox 539 1221 736 1232">
    <p class='ocr_par' dir='ltr' id='par_1_4' title="bbox 539 1221 736 1232">
     <span class='ocr_line' id='line_1_11' title="bbox 539 1221 736 1232; baseline 0.005 -1"><span class='ocrx_word' id='word_1_73' title='bbox 539 1221 736 1232; x_wconf 49' lang='grc' dir='ltr'>-ι-ῄ</span> 
     </span>
    </p>
   </div>
   <div class='ocr_carea' id='block_1_4' title="bbox 431 1374 825 1459">
    <p class='ocr_par' dir='ltr' id='par_1_5' title="bbox 431 1374 825 1459">
     <span class='ocr_line' id='line_1_12' title="bbox 431 1374 825 1459; baseline -0.003 0"><span class='ocrx_word' id='word_1_74' title='bbox 431 1378 465 1459; x_wconf 87' lang='lat' dir='ltr'>L.</span> <span class='ocrx_word' id='word_1_75' title='bbox 491 1374 630 1459; x_wconf 78' lang='lat' dir='ltr'>tillut</span> <span class='ocrx_word' id='word_1_76' title='bbox 655 1374 825 1458; x_wconf 80' lang='lat' dir='ltr'>tilioli</span> 
     </span>
    </p>
   </div>
   <div class='ocr_carea' id='block_1_5' title="bbox 495 1527 763 1580">
    <p class='ocr_par' dir='ltr' id='par_1_6' title="bbox 495 1527 763 1580">
     <span class='ocr_line' id='line_1_13' title="bbox 495 1527 763 1580; baseline -0.004 -1"><span class='ocrx_word' id='word_1_77' title='bbox 495 1529 544 1579; x_wconf 81' lang='lat' dir='ltr'>al&gt;</span> <span class='ocrx_word' id='word_1_78' title='bbox 573 1527 763 1580; x_wconf 77' lang='lat' dir='ltr'>LUCILIUM</span> 
     </span>
    </p>
   </div>
   <div class='ocr_carea' id='block_1_6' title="bbox 184 1645 1076 1746">
    <p class='ocr_par' dir='ltr' id='par_1_7' title="bbox 184 1645 1076 1746">
     <span class='ocr_line' id='line_1_14' title="bbox 184 1645 1076 1746; baseline 0 -5"><span class='ocrx_word' id='word_1_79' title='bbox 184 1645 673 1746; x_wconf 76' lang='lat' dir='ltr'>EPISTULARUM</span> <span class='ocrx_word' id='word_1_80' title='bbox 715 1645 1076 1745; x_wconf 78' lang='lat' dir='ltr'>Mlutulbll</span> 
     </span>
    </p>
   </div>
   <div class='ocr_carea' id='block_1_7' title="bbox 523 1808 734 1874">
    <p class='ocr_par' dir='ltr' id='par_1_8' title="bbox 523 1808 734 1874">
     <span class='ocr_line' id='line_1_15' title="bbox 523 1808 734 1874; baseline 0.024 -5"><span class='ocrx_word' id='word_1_81' title='bbox 523 1808 655 1872; x_wconf 82' lang='lat' dir='ltr'>LIBER</span> <span class='ocrx_word' id='word_1_82' title='bbox 682 1810 734 1874; x_wconf 90' lang='lat' dir='ltr'>IX.</span> 
     </span>
    </p>
   </div>
   <div class='ocr_carea' id='block_1_8' title="bbox 565 1967 694 1978">
    <p class='ocr_par' dir='ltr' id='par_1_9' title="bbox 565 1967 694 1978">
     <span class='ocr_line' id='line_1_16' title="bbox 565 1967 694 1978; baseline 0.016 -2"><span class='ocrx_word' id='word_1_83' title='bbox 565 1967 694 1978; x_wconf 82' lang='lat'>—--..</span> 
     </span>
    </p>
   </div>
   <div class='ocr_carea' id='block_1_9' title="bbox 392 2093 863 2246">
    <p class='ocr_par' dir='ltr' id='par_1_10' title="bbox 392 2093 863 2246">
     <span class='ocr_line' id='line_1_17' title="bbox 450 2093 801 2168; baseline 0.011 -18"><span class='ocrx_word' id='word_1_84' title='bbox 450 2093 666 2151; x_wconf 84' lang='lat' dir='ltr'>EPISTULA</span> <span class='ocrx_word' id='word_1_85' title='bbox 687 2097 708 2151; x_wconf 93' lang='lat' dir='ltr'>I.</span> <span class='ocrx_word' id='word_1_86' title='bbox 731 2097 801 2168; x_wconf 73' lang='lat'>(72.)</span> 
     </span>
     <span class='ocr_line' id='line_1_18' title="bbox 392 2189 863 2246; baseline 0.008 -6"><span class='ocrx_word' id='word_1_87' title='bbox 392 2189 503 2243; x_wconf 77' lang='lat' dir='ltr'>saraca</span> <span class='ocrx_word' id='word_1_88' title='bbox 520 2191 631 2243; x_wconf 84' lang='lat' dir='ltr'>Lucuro</span> <span class='ocrx_word' id='word_1_89' title='bbox 652 2202 704 2242; x_wconf 90' lang='lat' dir='ltr'>suo</span> <span class='ocrx_word' id='word_1_90' title='bbox 725 2203 863 2246; x_wconf 70' lang='lat' dir='ltr'>susurru.</span> 
     </span>
    </p>
   </div>
   <div class='ocr_carea' id='block_1_10' title="bbox 113 2293 1118 3541">
    <p class='ocr_par' dir='ltr' id='par_1_11' title="bbox 139 2293 1118 2955">
     <span class='ocr_line' id='line_1_19' title="bbox 203 2293 1118 2369; baseline -0.001 -15"><span class='ocrx_word' id='word_1_91' title='bbox 203 2305 227 2354; x_wconf 90' lang='lat'>1.</span> <span class='ocrx_word' id='word_1_92' title='bbox 246 2293 334 2369; x_wconf 83' lang='lat' dir='ltr'>Quod</span> <span class='ocrx_word' id='word_1_93' title='bbox 351 2294 472 2368; x_wconf 89' lang='lat' dir='ltr'>quaeris</span> <span class='ocrx_word' id='word_1_94' title='bbox 488 2311 507 2354; x_wconf 88' lang='lat' dir='ltr'>a</span> <span class='ocrx_word' id='word_1_95' title='bbox 522 2310 580 2369; x_wconf 91' lang='lat' dir='ltr'>me,</span> <span class='ocrx_word' id='word_1_96' title='bbox 595 2293 731 2369; x_wconf 84' lang='lat' dir='ltr'>liquebat</span> <span class='ocrx_word' id='word_1_97' title='bbox 744 2294 826 2368; x_wconf 86' lang='lat' dir='ltr'>mihi,</span> <span class='ocrx_word' id='word_1_98' title='bbox 841 2293 869 2355; x_wconf 90' lang='lat' dir='ltr'>si</span> <span class='ocrx_word' id='word_1_99' title='bbox 883 2308 949 2355; x_wconf 87' lang='lat' dir='ltr'>rem</span> <span class='ocrx_word' id='word_1_100' title='bbox 964 2293 1118 2355; x_wconf 87' lang='lat' dir='ltr'>edicerem</span> 
     </span>
     <span class='ocr_line' id='line_1_20' title="bbox 139 2377 1117 2454; baseline -0.002 -16"><span class='ocrx_word' id='word_1_101' title='bbox 139 2394 196 2454; x_wconf 90' lang='lat' dir='ltr'>per</span> <span class='ocrx_word' id='word_1_102' title='bbox 209 2393 253 2438; x_wconf 92' lang='lat' dir='ltr'>se.</span> <span class='ocrx_word' id='word_1_103' title='bbox 285 2377 342 2439; x_wconf 93' lang='lat' dir='ltr'>sed</span> <span class='ocrx_word' id='word_1_104' title='bbox 358 2379 411 2439; x_wconf 94' lang='lat' dir='ltr'>diu</span> <span class='ocrx_word' id='word_1_105' title='bbox 426 2395 488 2440; x_wconf 91' lang='lat' dir='ltr'>non</span> <span class='ocrx_word' id='word_1_106' title='bbox 502 2379 682 2452; x_wconf 88' lang='lat' dir='ltr'>retemptavi</span> <span class='ocrx_word' id='word_1_107' title='bbox 696 2379 872 2440; x_wconf 87' lang='lat' dir='ltr'>memoriam</span> <span class='ocrx_word' id='word_1_108' title='bbox 887 2393 996 2450; x_wconf 76' lang='lat' dir='ltr'>meam</span> <span class='ocrx_word' id='word_1_109' title='bbox 1012 2377 1117 2452; x_wconf 85' lang='lat' dir='ltr'>itaqua</span> 
     </span>
     <span class='ocr_line' id='line_1_21' title="bbox 139 2460 1115 2538; baseline -0.003 -15"><span class='ocrx_word' id='word_1_110' title='bbox 139 2479 200 2523; x_wconf 89' lang='lat' dir='ltr'>uon</span> <span class='ocrx_word' id='word_1_111' title='bbox 217 2460 306 2522; x_wconf 88' lang='lat' dir='ltr'>iacile</span> <span class='ocrx_word' id='word_1_112' title='bbox 320 2478 369 2523; x_wconf 90' lang='lat' dir='ltr'>me</span> <span class='ocrx_word' id='word_1_113' title='bbox 382 2463 529 2538; x_wconf 88' lang='lat' dir='ltr'>sequitur.</span> <span class='ocrx_word' id='word_1_114' title='bbox 559 2462 641 2537; x_wconf 91' lang='lat' dir='ltr'>quod</span> <span class='ocrx_word' id='word_1_115' title='bbox 658 2465 760 2523; x_wconf 87' lang='lat' dir='ltr'>evenit</span> <span class='ocrx_word' id='word_1_116' title='bbox 775 2463 861 2523; x_wconf 92' lang='lat' dir='ltr'>libris</span> <span class='ocrx_word' id='word_1_117' title='bbox 875 2463 936 2522; x_wconf 92' lang='lat' dir='ltr'>situ</span> <span class='ocrx_word' id='word_1_118' title='bbox 947 2460 1115 2522; x_wconf 89' lang='lat' dir='ltr'>cohaeren-</span> 
     </span>
     <span class='ocr_line' id='line_1_22' title="bbox 139 2544 1116 2622; baseline -0.003 -15"><span class='ocrx_word' id='word_1_119' title='bbox 139 2546 235 2619; x_wconf 89' lang='lat' dir='ltr'>tibus,</span> <span class='ocrx_word' id='word_1_120' title='bbox 256 2546 317 2606; x_wconf 90' lang='lat' dir='ltr'>hoc</span> <span class='ocrx_word' id='word_1_121' title='bbox 334 2547 477 2607; x_wconf 91' lang='lat' dir='ltr'>evenisse</span> <span class='ocrx_word' id='word_1_122' title='bbox 491 2546 564 2606; x_wconf 89' lang='lat' dir='ltr'>mihi</span> <span class='ocrx_word' id='word_1_123' title='bbox 578 2547 692 2607; x_wconf 80' lang='lat' dir='ltr'>sentio:</span> <span class='ocrx_word' id='word_1_124' title='bbox 714 2545 916 2622; x_wconf 86' lang='lat' dir='ltr'>explicandus</span> <span class='ocrx_word' id='word_1_125' title='bbox 932 2552 980 2606; x_wconf 89' lang='lat' dir='ltr'>est</span> <span class='ocrx_word' id='word_1_126' title='bbox 995 2544 1116 2605; x_wconf 86' lang='lat' dir='ltr'>animus</span> 
     </span>
     <span class='ocr_line' id='line_1_23' title="bbox 140 2627 1116 2704; baseline -0.001 -16"><span class='ocrx_word' id='word_1_127' title='bbox 140 2635 170 2688; x_wconf 94' lang='lat' dir='ltr'>et</span> <span class='ocrx_word' id='word_1_128' title='bbox 184 2644 396 2703; x_wconf 88' lang='lat' dir='ltr'>quaecumque</span> <span class='ocrx_word' id='word_1_129' title='bbox 410 2629 493 2704; x_wconf 86' lang='lat' dir='ltr'>apud</span> <span class='ocrx_word' id='word_1_130' title='bbox 508 2628 592 2689; x_wconf 90' lang='lat' dir='ltr'>illum</span> <span class='ocrx_word' id='word_1_131' title='bbox 607 2630 749 2704; x_wconf 86' lang='lat' dir='ltr'>deposita</span> <span class='ocrx_word' id='word_1_132' title='bbox 764 2636 850 2704; x_wconf 87' lang='lat' dir='ltr'>sunt,</span> <span class='ocrx_word' id='word_1_133' title='bbox 866 2629 999 2690; x_wconf 89' lang='lat' dir='ltr'>subinde</span> <span class='ocrx_word' id='word_1_134' title='bbox 1013 2627 1116 2689; x_wconf 85' lang='lat' dir='ltr'>excuti</span> 
     </span>
     <span class='ocr_line' id='line_1_24' title="bbox 140 2710 1116 2788; baseline 0 -18"><span class='ocrx_word' id='word_1_135' title='bbox 140 2710 265 2783; x_wconf 91' lang='lat' dir='ltr'>debent,</span> <span class='ocrx_word' id='word_1_136' title='bbox 280 2718 314 2772; x_wconf 93' lang='lat' dir='ltr'>ut</span> <span class='ocrx_word' id='word_1_137' title='bbox 328 2719 435 2786; x_wconf 88' lang='lat' dir='ltr'>parata</span> <span class='ocrx_word' id='word_1_138' title='bbox 449 2712 524 2785; x_wconf 90' lang='lat' dir='ltr'>sint,</span> <span class='ocrx_word' id='word_1_139' title='bbox 540 2713 683 2786; x_wconf 86' lang='lat' dir='ltr'>quotiens</span> <span class='ocrx_word' id='word_1_140' title='bbox 698 2729 775 2774; x_wconf 91' lang='lat' dir='ltr'>usus</span> <span class='ocrx_word' id='word_1_141' title='bbox 790 2713 936 2788; x_wconf 85' lang='lat' dir='ltr'>exegerit.</span> <span class='ocrx_word' id='word_1_142' title='bbox 967 2726 1042 2788; x_wconf 88' lang='lat' dir='ltr'>ergo</span> <span class='ocrx_word' id='word_1_143' title='bbox 1056 2711 1116 2772; x_wconf 93' lang='lat' dir='ltr'>boc</span> 
     </span>
     <span class='ocr_line' id='line_1_25' title="bbox 139 2792 1116 2871; baseline 0.003 -20"><span class='ocrx_word' id='word_1_144' title='bbox 139 2792 170 2852; x_wconf 93' lang='lat' dir='ltr'>in</span> <span class='ocrx_word' id='word_1_145' title='bbox 193 2795 368 2868; x_wconf 85' lang='lat' dir='ltr'>praesentia</span> <span class='ocrx_word' id='word_1_146' title='bbox 388 2793 575 2856; x_wconf 83' lang='lat' dir='ltr'>differamus.</span> <span class='ocrx_word' id='word_1_147' title='bbox 602 2798 727 2857; x_wconf 90' lang='lat' dir='ltr'>multum</span> <span class='ocrx_word' id='word_1_148' title='bbox 743 2798 823 2857; x_wconf 90' lang='lat' dir='ltr'>enim</span> <span class='ocrx_word' id='word_1_149' title='bbox 838 2811 967 2871; x_wconf 86' lang='lat' dir='ltr'>operae,</span> <span class='ocrx_word' id='word_1_150' title='bbox 988 2795 1116 2857; x_wconf 87' lang='lat' dir='ltr'>multum</span> 
     </span>
     <span class='ocr_line' id='line_1_26' title="bbox 140 2875 1115 2955; baseline 0.001 -19"><span class='ocrx_word' id='word_1_151' title='bbox 140 2875 314 2951; x_wconf 82' lang='lat' dir='ltr'>diligentiae</span> <span class='ocrx_word' id='word_1_152' title='bbox 335 2879 445 2953; x_wconf 88' lang='lat' dir='ltr'>poscit.</span> <span class='ocrx_word' id='word_1_153' title='bbox 477 2895 545 2940; x_wconf 92' lang='lat' dir='ltr'>cum</span> <span class='ocrx_word' id='word_1_154' title='bbox 565 2879 695 2955; x_wconf 90' lang='lat' dir='ltr'>primum</span> <span class='ocrx_word' id='word_1_155' title='bbox 720 2880 890 2955; x_wconf 82' lang='lat' dir='ltr'>longiorem</span> <span class='ocrx_word' id='word_1_156' title='bbox 911 2878 1022 2942; x_wconf 90' lang='lat' dir='ltr'>eodem</span> <span class='ocrx_word' id='word_1_157' title='bbox 1044 2878 1115 2938; x_wconf 89' lang='lat' dir='ltr'>loco</span> 
     </span>
    </p>

    <p class='ocr_par' dir='ltr' id='par_1_12' title="bbox 113 2960 1118 3541">
     <span class='ocr_line' id='line_1_27' title="bbox 113 2960 1116 3036; baseline 0.001 -16"><span class='ocrx_word' id='word_1_158' title='bbox 113 2973 305 3036; x_wconf 76' lang='lat' dir='ltr'>asperavere</span> <span class='ocrx_word' id='word_1_159' title='bbox 326 2977 456 3035; x_wconf 82' lang='lat' dir='ltr'>morum,</span> <span class='ocrx_word' id='word_1_160' title='bbox 479 2971 550 3024; x_wconf 92' lang='lat' dir='ltr'>tunc</span> <span class='ocrx_word' id='word_1_161' title='bbox 571 2963 654 3024; x_wconf 88' lang='lat' dir='ltr'>istud</span> <span class='ocrx_word' id='word_1_162' title='bbox 677 2964 707 3023; x_wconf 91' lang='lat' dir='ltr'>in</span> <span class='ocrx_word' id='word_1_163' title='bbox 725 2979 834 3024; x_wconf 87' lang='lat' dir='ltr'>manus</span> <span class='ocrx_word' id='word_1_164' title='bbox 851 2978 980 3025; x_wconf 89' lang='lat' dir='ltr'>sumam.</span> <span class='ocrx_word' id='word_1_165' title='bbox 1017 2960 1116 3036; x_wconf 82' lang='lat' dir='ltr'>Quae·</span> 
     </span>
     <span class='ocr_line' id='line_1_28' title="bbox 140 3045 1116 3122; baseline -0.001 -17"><span class='ocrx_word' id='word_1_166' title='bbox 140 3045 304 3106; x_wconf 83' lang='lat' dir='ltr'>demerim</span> <span class='ocrx_word' id='word_1_167' title='bbox 320 3054 405 3120; x_wconf 89' lang='lat' dir='ltr'>sunt,</span> <span class='ocrx_word' id='word_1_168' title='bbox 427 3062 507 3121; x_wconf 88' lang='lat' dir='ltr'>quae</span> <span class='ocrx_word' id='word_1_169' title='bbox 528 3048 631 3122; x_wconf 89' lang='lat' dir='ltr'>possis</span> <span class='ocrx_word' id='word_1_170' title='bbox 654 3055 684 3107; x_wconf 91' lang='lat' dir='ltr'>et</span> <span class='ocrx_word' id='word_1_171' title='bbox 704 3047 733 3106; x_wconf 89' lang='lat' dir='ltr'>in</span> <span class='ocrx_word' id='word_1_172' title='bbox 751 3046 826 3109; x_wconf 90' lang='lat' dir='ltr'>cisio</span> <span class='ocrx_word' id='word_1_173' title='bbox 843 3047 989 3107; x_wconf 90' lang='lat' dir='ltr'>scribere.</span> <span class='ocrx_word' id='word_1_174' title='bbox 1020 3059 1116 3121; x_wconf 86' lang='lat' dir='ltr'>quae·</span> 
     </span>
     <span class='ocr_line' id='line_1_29' title="bbox 139 3128 1116 3193; baseline 0.001 -6"><span class='ocrx_word' id='word_1_175' title='bbox 139 3128 209 3189; x_wconf 89' lang='lat' dir='ltr'>dam</span> <span class='ocrx_word' id='word_1_176' title='bbox 223 3129 334 3191; x_wconf 86' lang='lat' dir='ltr'>lectum</span> <span class='ocrx_word' id='word_1_177' title='bbox 349 3138 380 3191; x_wconf 85' lang='lat' dir='ltr'>et</span> <span class='ocrx_word' id='word_1_178' title='bbox 391 3130 483 3192; x_wconf 89' lang='lat' dir='ltr'>otium</span> <span class='ocrx_word' id='word_1_179' title='bbox 500 3139 530 3191; x_wconf 91' lang='lat' dir='ltr'>et</span> <span class='ocrx_word' id='word_1_180' title='bbox 544 3137 694 3193; x_wconf 88' lang='lat' dir='ltr'>secretum</span> <span class='ocrx_word' id='word_1_181' title='bbox 706 3130 892 3192; x_wconf 89' lang='lat' dir='ltr'>desiderant.</span> <span class='ocrx_word' id='word_1_182' title='bbox 920 3128 1116 3189; x_wconf 87' lang='lat' dir='ltr'>nihilominus</span> 
     </span>
     <span class='ocr_line' id='line_1_30' title="bbox 138 3211 1116 3290; baseline 0.002 -19"><span class='ocrx_word' id='word_1_183' title='bbox 138 3211 186 3273; x_wconf 92' lang='lat' dir='ltr'>his</span> <span class='ocrx_word' id='word_1_184' title='bbox 215 3229 338 3290; x_wconf 89' lang='lat' dir='ltr'>quoque</span> <span class='ocrx_word' id='word_1_185' title='bbox 365 3214 524 3287; x_wconf 90' lang='lat' dir='ltr'>occupatis</span> <span class='ocrx_word' id='word_1_186' title='bbox 550 3214 658 3275; x_wconf 91' lang='lat' dir='ltr'>diebus</span> <span class='ocrx_word' id='word_1_187' title='bbox 679 3221 786 3288; x_wconf 85' lang='lat' dir='ltr'>agatur</span> <span class='ocrx_word' id='word_1_188' title='bbox 807 3212 923 3289; x_wconf 89' lang='lat' dir='ltr'>aliquid</span> <span class='ocrx_word' id='word_1_189' title='bbox 944 3213 1116 3288; x_wconf 88' lang='lat' dir='ltr'>etquidem</span> 
     </span>
     <span class='ocr_line' id='line_1_31' title="bbox 138 3295 1116 3373; baseline -0.002 -18"><span class='ocrx_word' id='word_1_190' title='bbox 138 3297 219 3358; x_wconf 85' lang='lat' dir='ltr'>talis.</span> <span class='ocrx_word' id='word_1_191' title='bbox 243 3314 408 3373; x_wconf 89' lang='lat' dir='ltr'>numquam</span> <span class='ocrx_word' id='word_1_192' title='bbox 420 3297 500 3357; x_wconf 92' lang='lat' dir='ltr'>enim</span> <span class='ocrx_word' id='word_1_193' title='bbox 510 3314 571 3358; x_wconf 92' lang='lat' dir='ltr'>non</span> <span class='ocrx_word' id='word_1_194' title='bbox 585 3297 752 3358; x_wconf 90' lang='lat' dir='ltr'>succedent</span> <span class='ocrx_word' id='word_1_195' title='bbox 765 3295 986 3373; x_wconf 86' lang='lat' dir='ltr'>occupationes</span> <span class='ocrx_word' id='word_1_196' title='bbox 999 3311 1116 3356; x_wconf 81' lang='lat' dir='ltr'>novae=</span> 
     </span>
     <span class='ocr_line' id='line_1_32' title="bbox 139 3379 1118 3457; baseline 0.001 -19"><span class='ocrx_word' id='word_1_197' title='bbox 139 3381 268 3441; x_wconf 89' lang='lat' dir='ltr'>serimus</span> <span class='ocrx_word' id='word_1_198' title='bbox 284 3382 367 3455; x_wconf 82' lang='lat' dir='ltr'>illas,</span> <span class='ocrx_word' id='word_1_199' title='bbox 389 3381 493 3457; x_wconf 90' lang='lat' dir='ltr'>itaque</span> <span class='ocrx_word' id='word_1_200' title='bbox 514 3397 554 3443; x_wconf 86' lang='lat' dir='ltr'>ex</span> <span class='ocrx_word' id='word_1_201' title='bbox 574 3397 635 3441; x_wconf 91' lang='lat' dir='ltr'>una</span> <span class='ocrx_word' id='word_1_202' title='bbox 650 3389 763 3442; x_wconf 87' lang='lat' dir='ltr'>exeunt</span> <span class='ocrx_word' id='word_1_203' title='bbox 776 3382 890 3457; x_wconf 91' lang='lat' dir='ltr'>plures.</span> <span class='ocrx_word' id='word_1_204' title='bbox 928 3379 1043 3440; x_wconf 89' lang='lat' dir='ltr'>deinde</span> <span class='ocrx_word' id='word_1_205' title='bbox 1057 3379 1118 3456; x_wconf 84' lang='lat' dir='ltr'>ipsi</span> 
     </span>
     <span class='ocr_line' id='line_1_33' title="bbox 140 3462 1117 3541; baseline 0.006 -22"><span class='ocrx_word' id='word_1_206' title='bbox 140 3462 230 3524; x_wconf 86' lang='lat' dir='ltr'>uobis</span> <span class='ocrx_word' id='word_1_207' title='bbox 246 3464 418 3525; x_wconf 90' lang='lat' dir='ltr'>dilationem</span> <span class='ocrx_word' id='word_1_208' title='bbox 432 3464 557 3527; x_wconf 81' lang='lat' dir='ltr'>damus:</span> <span class='ocrx_word' id='word_1_209' title='bbox 574 3481 662 3540; x_wconf 84' lang='lat' dir='ltr'>„eum</span> <span class='ocrx_word' id='word_1_210' title='bbox 678 3464 738 3525; x_wconf 89' lang='lat' dir='ltr'>hoc</span> <span class='ocrx_word' id='word_1_211' title='bbox 751 3478 917 3541; x_wconf 82' lang='lat' dir='ltr'>peregere.</span> <span class='ocrx_word' id='word_1_212' title='bbox 931 3470 997 3525; x_wconf 88' lang='lat' dir='ltr'>toto</span> <span class='ocrx_word' id='word_1_213' title='bbox 1013 3464 1117 3525; x_wconf 85' lang='lat' dir='ltr'>anime</span> 
     </span>
    </p>
   </div>
   <div class='ocr_carea' id='block_1_11' title="bbox 0 0 1241 3930">
    <p class='ocr_par' dir='ltr' id='par_1_13' title="bbox 0 0 1241 3930">
     <span class='ocr_line' id='line_1_34' title="bbox 0 0 1241 3930; baseline 0 0"><span class='ocrx_word' id='word_1_214' title='bbox 0 0 1241 3930; x_wconf 95' lang='lat' dir='ltr'> </span> 
     </span>
    </p>
   </div>
  </div>
 </body>
</html>
