2468 3930
179 251 350 313 uersum.
365 252 459 314 ιιοιι.
477 254 551 314 ure.
564 255 644 315 xrv.
665 255 946 334 ur.r.a.(oo.91.)
989 255 1051 322 ιιι

72 404 173 480 magis
189 404 273 478 quod
288 403 377 464 etiam
392 404 517 465 miratus
533 411 594 479 est
615 404 721 466 doluit.
767 407 858 467 ldeo
879 406 975 468 nihil
995 424 1062 468 no·
1047 422 1094 475 -4

72 487 163 551 bis
155 489 397 563 inprovisum
418 503 507 547 esse
522 489 644 550 ιιειει.
678 490 709 548 in
725 490 826 550 omnia
840 492 1060 565 permittendus

73 574 194 634 animus
206 571 463 652 cogitandumque
484 587 545 632 uon
562 571 709 648 quiequid
724 574 817 648 solet,
839 576 898 635 sed
915 575 1060 651 quiequid

72 663 178 732 potest
192 656 267 716 lieri.
312 648 386 730 quid
401 655 480 714 enirn
494 662 557 729 est,
580 656 664 732 quod
687 673 748 718 non
764 620 900 730 tortum,
923 675 992 719 eum
1006 676 1060 720 vo·

72 741 142 813 luit,
164 754 204 799 ex
224 738 443 798 florentissimo
465 738 626 800 detraham
658 741 742 814 quod
763 758 825 802 non
840 758 878 802 eu
893 743 991 817 magis
1006 744 1060 803 ad·

72 823 228 898 gradiatur
242 828 272 882 et
287 822 416 896 quatiat,
434 839 497 897 quo
516 823 690 898 speciosius
706 825 819 898 lutgeri
857 825 931 900 quid
952 827 994 887 illi
1012 842 1060 885 ar·

72 907 166 968 duum
181 906 294 982 quidve
315 901 440 966 difficile
460 912 529 966 esti
562 907 629 966 Non
644 923 706 967 uua
719 909 771 967 uia
785 923 923 983 semper,
943 925 982 969 ne
998 917 1061 970 totu
1075 915 1092 967 5

73 991 197 1071 quidem
221 989 360 1050 incurrit.
390 990 482 1050 modo
509 998 631 1051 nostras
651 992 681 1049 in
703 1007 761 1051 nos
783 1007 893 1051 manus
918 992 1060 1067 advocat,

71 1075 164 1136 modo
185 1073 251 1134 suis
267 1079 408 1134 contenta
421 1073 537 1134 viribus
558 1073 674 1134 invenit
693 1075 829 1149 pericula
843 1073 911 1134 sine
924 1083 1059 1136 auctore.

71 1159 186 1219 nullum
200 1166 320 1232 tempus
343 1165 505 1232 exceptum
523 1164 584 1218 est·
609 1158 639 1217 in
660 1158 738 1233 ipsis
759 1159 967 1248 voluptatibus
988 1174 1059 1218 cau-

71 1257 126 1304 sae
149 1241 266 1303 doloris
283 1239 430 1301 oriuntur.
469 1241 604 1301 bellum
597 1259 627 1300 1n
645 1242 746 1302 media
763 1257 841 1315 pace
856 1241 1015 1316 consurgit
1030 1248 1061 1301 et

71 1327 185 1386 auxilia
209 1324 380 1386 securitatis
404 1324 564 1385 inmotum
584 1326 759 1385 transeunt·
791 1341 831 1384 ex
846 1327 944 1387 amieo
962 1325 1058 1385 inimi·

71 1424 142 1482 cus,
161 1409 262 1469 hostis
283 1425 322 1469 ex
337 1407 434 1469 socio.
472 1408 501 1467 in
518 1408 635 1469 subitas
650 1411 849 1484 tempestates
863 1410 1060 1485 hibernisque

68 1493 203 1554 maiores
225 1485 323 1568 agitur
344 1493 463 1553 aestive
481 1493 694 1588 tranquillitas.
728 1492 795 1553 sine
816 1492 906 1555 hoste
929 1494 1060 1569 patimur

68 1568 193 1638 hostilia
207 1583 238 1636 el
253 1576 349 1637 cladis
364 1590 493 1650 causas,
515 1576 542 1636 si
558 1578 617 1636 alia
630 1577 790 1651 deliciunt,
813 1578 905 1638 nimia
920 1578 979 1638 sibi
993 1576 1058 1638 ieli-

69 1661 147 1741 citas
162 1659 287 1720 invenit.
331 1659 448 1721 invadit
462 1660 757 1735 temperantissimos
773 1623 913 1736 morbus,
935 1660 1058 1721 validis·

69 1735 165 1823 simos
181 1744 327 1820 phthisis,
354 1743 622 1806 innocentissimos
639 1761 756 1819 poena,
772 1746 998 1806 secretissimos
1012 1751 1057 1805 tu·

68 1829 192 1889 multus.
227 1827 319 1908 eligit
340 1826 454 1903 aliquid
474 1829 547 1888 novi
563 1844 670 1903 casus,
687 1845 742 1903 per
758 1830 842 1905 quod
858 1830 942 1890 velut
956 1829 1056 1889 oblitis

68 1913 151 1973 vires
166 1927 240 1972 suas
257 1911 383 1985 ingerat.
426 1911 574 1986 Quicquid
595 1914 688 1988 longa
709 1915 807 1973 series
829 1914 930 1972 multis
945 1911 1090 1972 labori-6

68 1994 137 2075 bus,
149 1997 243 2056 mulla
258 1996 348 2054 deum
363 1995 551 2069 indulgentia
567 1998 690 2068 struxit,
716 1997 747 2056 id
762 2013 843 2057 unus
859 1997 926 2056 dies
941 1995 1058 2070 spargit

68 2095 105 2139 uc
129 2078 276 2154 dissipatu
306 2080 428 2152 longam
450 2095 567 2140 moram
587 2080 672 2139 dedit
696 2081 784 2139 malis
810 2079 1055 2154 properantibus,

68 2163 121 2238 qui
136 2163 218 2222 diem
233 2162 338 2221 dixitz-
352 2162 429 2223 hora
450 2169 698 2239 momentumque
719 2163 866 2236 temporis
882 2162 1056 2223 evertendis

66 2245 205 2327 imperiis
226 2244 348 2306 suflicit.
389 2254 473 2306 esset
496 2247 621 2343 aliquod
644 2246 845 2306 inbecillitatis
866 2252 990 2306 nostrae
1005 2261 1055 2306 so-

66 2321 172 2391 latium
187 2345 352 2404 rerumque
367 2336 556 2403 nostrarum,
572 2331 598 2389 si
613 2337 674 2389 tam
682 2329 777 2390 tarde
798 2329 933 2402 perirent
947 2336 1056 2388 cuneta

69 2431 161 2490 quarn
176 2408 268 2475 fiunt
295 2430 376 2474 nuuc
396 2412 583 2473 incrementa
598 2414 680 2473 lente
695 2420 823 2485 exeunt,
849 2410 1033 2472 festinatur
1024 2428 1055 2470 rn

67 2489 221 2559 damnum.
262 2494 356 2557 Nihil
360 2497 514 2572 privatim,
538 2497 611 2556 nihil
634 2496 762 2571 publice
771 2496 879 2556 stabile
894 2503 950 2554 est.
994 2501 1087 2557 tami

66 2579 224 2643 hominurn
239 2586 330 2656 quam
343 2582 463 2641 urbium
479 2583 541 2642 lata
556 2582 727 2641 volvuntur.
752 2579 830 2640 inter
844 2578 1054 2655 placidissima

65 2672 165 2726 terror
180 2664 301 2725 exsistit
320 2664 455 2740 nihilque
477 2672 562 2724 extra
577 2665 828 2725 tumultuantibus
845 2663 948 2724 causis
964 2664 1052 2736 mala,

64 2750 148 2810 unde
162 2748 285 2808 minime
302 2749 572 2823 exspectabantur,
594 2754 765 2823 erumpunt.
811 2765 891 2824 quae
908 2746 1054 2808 domesti-

67 2833 110 2894 cis
125 2833 216 2893 bellis
231 2839 377 2893 steterant
391 2849 504 2907 regne,
527 2849 606 2908 quae
623 2833 773 2906 externis,
790 2832 955 2908 inpellente
970 2833 1053 2892 nullo

64 2921 166 2978 ruunt.
207 2924 446 2993 quotaquaeque
466 2917 638 2977 felicitatem
656 2916 762 2980 civitas
780 2917 923 2992 pertulitt
965 2915 1052 2990 cogi,-

64 3001 159 3061 tenda
173 3016 247 3076 ergo
264 3009 335 3062 sunt
349 3002 450 3060 omnia
464 3009 495 3061 et
512 3003 629 3062 animus
645 3001 796 3060 adversus
811 3017 862 3072 ea,
886 3016 966 3077 quae
980 3014 1051 3074 pos-

67 3093 140 3145 sunt
152 3085 286 3160 evenire,
303 3086 481 3145 firmandus.
520 3085 627 3156 Exilia,
643 3090 801 3156 tormenta,
816 3084 951 3159 morbos,
964 3083 1053 3157 belle,
1067 3093 1086 3149 8

65 3168 226 3244 naufragia
237 3170 391 3230 meditare.
424 3177 571 3245 potestte
587 3170 712 3244 patriae,
732 3172 837 3244 potest
854 3167 982 3244 patriam
998 3165 1051 3226 tibi

64 3267 158 3314 casus
173 3252 302 3328 eripere.
345 3261 497 3329 potestte
519 3253 549 3312 in
572 3252 754 3314 solitudines
775 3250 906 3312 abicere.
949 3256 1052 3326 potest

63 3335 124 3397 boc
138 3337 257 3413 ipsum,
273 3336 304 3397 in
320 3354 381 3412 quo
396 3339 485 3399 turba'
505 3337 702 3410 subiocetur,
716 3335 783 3396 lieri
798 3336 941 3395 solitudo.
975 3333 1051 3394 Tota

63 3428 135 3482 ente
159 3421 268 3482 oculos
293 3422 384 3482 sortis
404 3422 555 3483 humanae
579 3421 719 3482 condicio
734 3428 865 3495 ponetur
879 3435 936 3480 nec
954 3434 1049 3494 quau-
1118 3474 1121 3481 .

61 3510 127 3567 ιιιιιι
141 3506 319 3581 frequenter
333 3507 443 3582 evenit,
456 3507 513 3569 sed
526 3507 672 3584 quantum
686 3504 847 3582 plurimum
861 3511 963 3581 potest
977 3516 1048 3564 eva
