2468 3930
412 430 446 512 b.
473 429 613 513 tlltltlll
640 429 810 513 tblbttlt

478 583 529 635 AD
557 583 743 636 Lttctttttm

171 699 660 801 EPISTULARUM
702 702 1059 805 Mtottltttt

509 871 644 933 LIBER
670 871 720 932 111.

544 1034 686 1047 m

433 1160 653 1218 EPISTULA
678 1161 701 1217 1.
730 1165 743 1233 (
779 1160 800 1227 .)

381 1254 493 1307 Seneca
509 1257 621 1306 Lucum
640 1266 691 1306 suo
711 1264 850 1306 saeorum.

101 1371 112 1428 ζ
191 1360 266 1417 lam
288 1355 492 1431 intellegis
514 1357 753 1418 educendum
774 1372 863 1419 esse
883 1364 919 1417 te
942 1371 990 1416 ex
1015 1356 1102 1417 istit

130 1440 459 1515 occupationibus
482 1443 680 1515 speciosis
705 1450 742 1502 et
763 1440 884 1502 malis.
917 1440 986 1500 sed
1009 1456 1086 1516 quo

130 1525 240 1584 modo
274 1523 311 1582 id
343 1526 535 1600 consequi
570 1524 703 1600 possis
738 1525 906 1600 quaeris.
950 1523 1105 1598 Quaedam

130 1624 192 1668 non
212 1606 270 1667 nisi
288 1607 451 1684 [praesenti
462 1611 492 1688 o]
511 1617 672 1684 praesente
687 1615 903 1670 monstrantur.
928 1624 991 1669 non
1006 1614 1108 1684 potest

130 1692 268 1752 medicus
293 1706 349 1765 per
374 1693 535 1767 epistulam
560 1692 618 1753 cibi
645 1701 697 1754 aut
714 1693 817 1752 balnei
837 1700 957 1768 tempus
978 1693 1104 1767 eligere:

129 1791 209 1836 vena
224 1775 377 1851 tangendo
392 1784 448 1836 est.
469 1784 558 1839 vetus
573 1777 767 1853 proverbium
782 1784 831 1837 est
851 1776 1106 1852 gladiatorem

131 1860 167 1919 in
189 1875 305 1919 crena
328 1874 468 1935 capere
490 1860 713 1922 consilium:
735 1859 852 1936 aliquid
864 1858 1032 1920 adversarii
1044 1859 1106 1920 vol·

130 1951 193 2016 tus,
217 1941 332 2019 aliquid
346 1959 454 2004 manus
469 1951 565 2019 mota,
588 1945 703 2022 aliquid
717 1944 787 2018 ipsa
801 1944 955 2005 inclinatio
967 1943 1106 2019 corporis

102 2027 296 2092 tintucntem
317 2036 428 2088 monet.
471 2028 547 2102 Quid
570 2029 636 2088 fieri
661 2029 773 2102 soleat,
803 2028 877 2103 quid
897 2034 1054 2103 oporteat,
1077 2026 1106 2085 in

130 2113 307 2171 universum
322 2117 352 2171 et
365 2111 503 2172 mandari
515 2120 617 2186 potest
631 2119 662 2173 et
676 2110 783 2172 scribi:
803 2114 863 2172 tale
874 2111 1035 2173 consilium
1047 2124 1106 2173 non

130 2202 244 2255 tantum
265 2194 457 2269 absentibus,
486 2195 651 2256 sedetiam
673 2196 807 2270 posteris
827 2197 925 2256 datur.
959 2200 1012 2268 [at]
1035 2191 1106 2255 illud

132 2280 274 2353 alterum,
295 2280 417 2355 quando
429 2280 497 2340 fieri
510 2278 620 2340 debeat
634 2288 686 2340 aut
698 2281 970 2355 quemadmodum,
990 2293 1030 2338 ex
1044 2279 1108 2339 lon·

131 2365 247 2440 ginquo
268 2380 357 2425 nemo
382 2364 543 2424 suadebit:
574 2380 642 2424 cum
664 2365 757 2425 rebus
782 2363 858 2437 ipsis
880 2362 1108 2423 deliberandum

104 2454 189 2512 aest.
224 2448 292 2508 Non
312 2455 427 2509 tantum
448 2449 636 2523 praesentis,
659 2448 715 2508 sed
735 2447 887 2522 vigilantis
907 2452 956 2507 est
971 2445 1107 2514 occasio·

132 2547 201 2591 nem
223 2531 390 2591 observare
413 2539 635 2605 properantem.
666 2533 769 2606 itaque
794 2532 872 2591 hanc
897 2529 1107 2606 circumspice,

132 2614 212 2673 hanc
235 2614 412 2687 sindonis,
440 2614 557 2688 prende
578 2623 608 2675 et
627 2622 691 2675 toto
713 2614 832 2691 inpetu,
857 2615 930 2675 totis
947 2614 1065 2675 viribus
1079 2612 1109 2672 id

134 2713 206 2770 age,
228 2703 262 2756 ut
283 2702 313 2755 te
335 2696 401 2757 istis
423 2697 533 2757 ciliciis
556 2714 662 2758 exuas.
695 2706 726 2759 et
746 2699 867 2775 quidem
883 2713 974 2774 quam
989 2704 1109 2759 senten·

133 2780 206 2839 tiam
227 2779 336 2854 ieram,
359 2781 505 2841 adtende:
535 2797 648 2843 censeo
668 2791 720 2842 aut
740 2799 779 2842 cx
801 2783 859 2843 ista
878 2783 940 2842 vita
955 2780 1010 2842 tibi
1025 2786 1110 2841 ante

134 2864 195 2924 vita
210 2863 392 2924 exeundum.
415 2865 472 2924 sed
487 2864 559 2926 illud
575 2867 655 2926 idem
666 2867 821 2940 existimo,
837 2866 896 2926 leni
908 2866 1042 2927 eundum
1052 2864 1111 2938 via,

134 2954 181 3020 ut,
204 2948 288 3022 quod
303 2950 381 3009 male
395 2949 574 3024 implicuisti,
596 2951 700 3010 solvas
715 2950 818 3024 potius
832 2966 923 3025 quam
935 2948 1109 3024 abrumpas,

135 3031 315 3107 dummodo,
340 3033 366 3093 si
382 3033 441 3092 alia
456 3033 596 3094 solvendi
610 3034 686 3094 ratio
703 3050 763 3094 non
779 3032 850 3107 erit,
871 3035 920 3093 vel
935 3033 1111 3108 abrumpas.

134 3115 229 3177 Nemo
249 3123 309 3176 tam
330 3116 453 3177 timidus
475 3125 536 3189 est,
562 3125 596 3178 ut
616 3117 699 3177 malit
719 3133 842 3192 semper
864 3117 999 3192 pendere
1021 3131 1112 3191 quom

106 3202 229 3262 tsomel
250 3201 369 3261 cadere.
410 3200 547 3276 interim,
577 3210 659 3276 quod
680 3201 809 3276 primum
834 3208 894 3275 est,
923 3200 1063 3275 inpedire
1082 3205 1112 3260 le

136 3285 207 3344 noli.
242 3291 400 3345 contentus
422 3292 489 3344 esto
511 3286 655 3358 negotiis,
684 3285 714 3344 in
736 3301 816 3361 quae
836 3284 1040 3358 descendisti,
1061 3282 1112 3343 vel

136 3368 220 3441 quod
241 3368 337 3428 videri
359 3368 471 3440 mavis,
493 3368 635 3429 incidisti.
656 3383 715 3427 non
732 3377 793 3440 est,
816 3369 899 3443 quod
914 3368 952 3427 nd
968 3365 1114 3428 ulteriora

136 3451 260 3510 nitaris:
288 3456 339 3511 aut
359 3453 471 3527 perdes
501 3452 730 3512 excusationem
756 3459 786 3512 et
812 3451 972 3528 adparebit
996 3458 1027 3511 te
1050 3465 1113 3511 non
