2468 3930
141 230 152 251 ²
177 248 242 312 noo
467 250 501 310 u.
523 249 670 310 nunaut
691 248 868 310 emmena

134 414 170 470 aa
236 402 320 462 Haec
334 400 403 460 aliis
414 399 484 473 dio,
508 407 542 460 ut
557 400 630 460 dum
644 400 736 473 dicis,
762 401 870 462 audias
886 401 970 476 ipse,
992 402 1109 477 scribe,
1126 411 1160 465 ut

177 488 251 549 dum
264 486 389 559 scribis,
412 486 512 560 legas,
533 486 636 546 omnia
651 485 807 546 admones
823 493 852 546 et
873 485 913 545 ad
928 485 1097 546 sedandam
1111 502 1159 548 ra-

177 573 256 632 biem
268 571 442 630 adfectuum
453 570 600 630 referens.
628 569 724 630 Stude
737 587 799 630 non
813 570 925 644 utplus
938 569 1054 644 aliquid
1066 571 1159 645 scias,

177 657 234 715 sed
247 661 280 716 ut
293 655 412 715 melius.
440 655 526 714 Vale

485 788 703 848 EPISTULA
723 791 757 847 11.
779 790 851 861 (90.)

431 885 542 937 Sunuci
556 886 670 936 Lucrino
688 898 740 937 suo
757 898 898 938 suornm.
979 950 983 958 .

148 1007 164 1058 1
239 987 312 1062 Quis
328 988 481 1062 dubitare,
497 989 538 1048 mi
551 989 662 1063 Lucili,
677 996 794 1064 potest,
811 988 882 1064 quin
899 989 1027 1049 deorum
1040 989 1157 1050 inmor-

176 1073 279 1135 tultum
295 1089 405 1133 munus
423 1074 470 1145 sil,
488 1073 571 1146 quod
587 1071 725 1147 vivimus,
739 1073 964 1148 philosophiae,
980 1072 1063 1148 quod
1077 1072 1158 1133 bem

175 1155 325 1219 vivimus?
348 1156 452 1232 itaque
472 1163 559 1216 tanto
581 1157 651 1231 plus
674 1157 745 1218 huio
765 1173 824 1218 nos
844 1157 959 1216 debere
987 1172 1077 1232 quant
1099 1157 1158 1230 dis,

177 1247 292 1317 quanto
312 1241 412 1299 maius
435 1239 618 1301 beneficium
640 1248 688 1300 est
707 1242 790 1301 bona
803 1240 866 1300 vita
883 1257 974 1316 quam
989 1241 1066 1318 vita,
1101 1256 1158 1315 pro

176 1333 259 1386 oerto
280 1324 460 1397 haberetur,
481 1324 540 1384 nisi
559 1325 659 1399 ipsam
680 1324 907 1400 philosophiam
923 1324 955 1384 di
969 1324 1158 1399 tribuissent,

146 1409 264 1470 bouins
278 1408 434 1471 solentiam
448 1407 522 1467 nulli
538 1408 700 1482 dederunt,
716 1409 889 1468 facultatem
906 1409 1057 1470 omnibus.
1088 1423 1159 1468 uam

176 1492 204 1552 si
228 1492 308 1551 hane
334 1507 458 1567 quoque
476 1490 591 1551 bonnm
611 1493 737 1568 volgare
763 1494 909 1552 iecissent
935 1499 967 1552 et
991 1493 1159 1567 prudentes

175 1591 387 1647 nasceremur,
403 1575 568 1650 sapientia,
582 1576 669 1649 quod
683 1577 712 1635 in
729 1592 764 1636 se
779 1576 926 1651 optimum
941 1575 1041 1650 habet,
1057 1575 1158 1650 perdi-

175 1660 288 1720 disset=
308 1659 386 1720 inter
406 1657 529 1720 fortuita
542 1668 635 1720 esset.
663 1675 744 1719 nunc
759 1659 838 1720 enim
854 1659 913 1720 hoe
934 1659 963 1718 in
979 1660 1030 1718 illa
1045 1659 1157 1735 pretio·

176 1760 245 1805 sum
260 1750 351 1818 atque
366 1742 558 1818 magnificum
574 1749 636 1818 est,
652 1743 738 1818 quod
752 1761 813 1805 non
828 1743 961 1816 obvenit,
975 1744 1062 1819 quod
1076 1743 1159 1803 illam

179 1826 238 1888 sibi
254 1827 387 1903 quisque
402 1828 502 1901 debet,
519 1828 602 1901 quod
617 1843 680 1888 non
694 1827 733 1887 ab
748 1826 811 1887 alio
828 1826 950 1902 petitur.
982 1826 1079 1900 Quid
1093 1827 1158 1886 hn-

175 1911 302 1982 beres‚
326 1912 427 1986 quod
448 1911 484 1970 in
501 1910 760 1987 philosophia
781 1910 1023 1987 suspiceres,
1045 1911 1077 1969 si
1093 1909 1156 1968 be·

146 1995 387 2059 bneficiaria
407 2011 469 2054 res
492 2002 619 2055 esset?
644 1995 746 2055 vHuius
761 2011 841 2070 opus
856 2011 949 2056 unum
964 2000 1011 2054 est
1023 1993 1063 2052 de
1078 1992 1155 2052 divi-

172 2079 223 2139 nis
242 2077 448 2153 humanisque
463 2094 568 2140 venum
584 2078 729 2141 iuvenire
759 2079 797 2138 ab
815 2079 877 2138 hac
891 2093 1057 2152 numquam
1070 2091 1156 2137 rece·

177 2163 222 2224 dit
235 2162 359 2237 religio,
374 2162 503 2237 iustitia,
522 2163 619 2236 pietas
635 2170 665 2224 et
680 2163 778 2223 omnis
795 2162 872 2223 alius
888 2163 1049 2223 comitatus
1065 2159 1156 2221 virtu-

173 2254 239 2307 tum
256 2253 465 2307 consertarum
487 2253 517 2306 et
535 2247 614 2306 inter
632 2262 667 2306 se
688 2245 925 2307 cohaerentium.
954 2245 1034 2306 haec
1053 2244 1157 2304 docuit

175 2331 278 2392 colere
299 2331 416 2403 divina,
438 2331 570 2392 humana
591 2328 718 2404 diligere
734 2338 767 2391 el
786 2347 886 2404 penes
905 2331 982 2390 deos
997 2328 1156 2404 imperium

175 2430 263 2489 esse,
284 2416 362 2475 inter
375 2415 515 2475 homines
531 2414 732 2487 consortium,
753 2414 841 2489 quod
856 2413 1044 2489 aliquamdiu
1060 2411 1156 2471 invio-

171 2499 268 2559 latum
288 2499 413 2571 mansit,
429 2507 596 2573 antequam
619 2499 796 2558 societatem
816 2496 949 2559 avaritia
967 2496 1111 2557 hstrauit
1125 2500 1158 2554 et

174 2582 363 2657 paupertatis
385 2597 479 2640 causa
499 2582 588 2642 etiam
609 2581 663 2653 iis,
689 2598 769 2657 quos
789 2582 861 2642 lecit
884 2580 1156 2656 locupletissimos,

173 2664 239 2724 luit.
267 2664 425 2724 desierunt
444 2665 526 2723 enim
546 2663 650 2725 omnia
669 2665 845 2740 possidere,
868 2666 940 2726 dum
957 2666 1157 2738 volantum

144 2745 250 2821 spoia.
286 2745 348 2806 Sed
370 2746 458 2821 primi
472 2747 641 2808 mortalium
658 2748 773 2824 quique
784 2762 827 2809 etr
845 2747 895 2809 his
912 2748 1003 2823 geniti
1018 2755 1157 2808 naturam

172 2830 347 2905 iuconrupti
367 2829 588 2905 sequebantur,
614 2832 747 2894 eundem
769 2832 926 2893 habebant
946 2839 976 2892 et
996 2833 1106 2893 ducem
1123 2836 1158 2889 et

171 2915 286 2988 legem,
310 2915 456 2975 conmissi
471 2913 604 2976 melioris
622 2916 759 2978 arbitrio·
789 2925 916 2978 naturae
935 2923 985 2977 est
1005 2915 1083 2976 euim
1099 2928 1155 2988 po

171 2998 300 3060 tionibus
317 2999 469 3059 deteriora
485 2998 677 3061 submittere:
698 3003 791 3062 mutis
808 3001 932 3075 quidem
945 2999 1091 3075 gregibus
1104 3002 1157 3056 aut

171 3084 304 3144 maxima
319 3099 449 3159 corpora
458 3092 609 3159 praesunt
618 3092 673 3145 aut
686 3085 964 3146 vehementissima.
988 3083 1054 3144 Nou
1064 3095 1154 3156 prae·

173 3168 255 3227 cedit
268 3176 404 3229 armenta
416 3168 553 3244 degener
565 3177 681 3242 taurus,
697 3169 754 3228 sed
769 3169 822 3244 qui
837 3167 1045 3243 magnitudine
1058 3181 1097 3226 ac
1109 3170 1154 3224 to

172 3252 215 3311 ris
231 3260 351 3313 ceteros
364 3269 465 3314 mares
480 3253 559 3313 vicit.
591 3253 822 3328 eleqthantornm
838 3269 963 3329 gregem
978 3248 1155 3313 excelsissi-

171 3351 241 3396 mus
253 3337 349 3396 ducit=
364 3338 442 3398 inter
452 3337 660 3412 hominespru
672 3337 804 3399 maximo
818 3344 866 3398 est
876 3337 1032 3413 optimum.
1054 3333 1155 3395 ammo

171 3419 276 3494 itaque
291 3427 392 3482 rector
406 3421 573 3496 eligebatur
588 3421 721 3496 ideoque
733 3438 853 3483 summa
866 3420 994 3482 felicitas
1007 3425 1072 3481 erat
1082 3433 1155 3495 geu·

171 3500 261 3572 tium,
282 3503 312 3562 in
336 3505 449 3578 quibus
469 3521 530 3566 non
552 3511 673 3580 poterat
692 3504 845 3581 potentior
859 3520 938 3568 esse
958 3502 1019 3566 nisi
1037 3501 1155 3566 melior.
