2468 3930
134 196 198 267 152
423 201 456 262 L.
476 200 624 260 ANNAEI
647 199 822 261 SENECAE

436 403 654 462 EPISTULA
673 404 708 461 V.
731 406 802 477 (67.)

386 498 497 550 saraca
511 500 625 551 Lucuro
642 511 693 550 suo
711 511 850 550 saiorum.

106 613 120 665 1
196 602 236 663 Ut
250 618 269 661 a
283 601 495 663 communibus
509 600 626 662 initium
641 602 765 676 luctam,
782 618 837 662 ver
853 603 972 678 aperire
986 617 1021 663 se
1036 619 1110 666 coe·

132 686 192 764 pit,
216 684 273 746 sed
287 685 347 745 iam
362 684 536 746 inclinatum
551 686 581 744 in
596 692 757 760 aestatem,
773 702 834 762 quo
850 693 988 760 tempora
1006 689 1109 749 calere

133 770 278 842 debebat,
301 768 430 843 intepuit
443 784 500 828 nec
514 768 615 829 adhuc
629 768 671 828 illi
688 769 766 829 fides
782 775 840 830 est.
869 785 964 844 saepe
978 771 1060 830 enlm
1073 771 1107 833 ia

132 853 263 913 hiemem
283 851 464 914 revolvitur:
485 853 533 912 vis
554 853 648 925 scire,
669 869 760 927 quam
780 850 907 912 dubium
926 852 1027 915 adhuc
1047 853 1108 916 sitl

133 936 269 997 nondum
286 952 334 994 mc
345 936 498 996 committo
512 936 639 1009 frigidae
653 951 761 995 verae:
779 935 879 995 adhuc
894 936 1026 1010 rigorem
1038 937 1107 998 eius

133 1021 274 1094 infringo.
310 1020 396 1094 „Hoc
420 1025 483 1092 est,
504 1020 621 1094 inquis,
648 1034 705 1078 nec
729 1019 861 1081 calidum
885 1034 943 1079 nec
963 1021 1106 1093 trigidum

133 1104 227 1179 patl.“
261 1104 306 1163 lta
320 1110 381 1175 est,
397 1104 438 1162 mi
452 1102 560 1162 Lucili:
575 1103 634 1161 iam
649 1109 733 1162 aetas
747 1117 815 1162 mea
830 1108 971 1163 contenta
985 1110 1034 1164 est
1047 1118 1104 1163 suo

134 1187 256 1262 frigore.
288 1187 343 1246 vix
362 1187 464 1246 media
481 1188 634 1260 regelatur
648 1192 772 1246 aestate.
807 1186 909 1260 itaque
923 1187 1019 1247 maior
1031 1201 1105 1262 pars

104 1270 165 1330 tin
182 1269 370 1330 vestimentis
391 1270 517 1344 degitur.
552 1272 622 1343 Ago
640 1271 753 1343 gratias
771 1268 937 1343 senectuti,
958 1270 1042 1346 quod
1056 1285 1105 1331 me

133 1356 244 1414 lectulo
268 1353 384 1416 adfixit.
422 1353 528 1426 quidni
556 1352 668 1426 gratias
695 1353 737 1411 illl
762 1352 821 1413 hoc
845 1353 968 1412 nomine
995 1359 1106 1427 agamt

133 1437 280 1512 quicquid
299 1435 448 1495 debebam
465 1437 561 1510 nolle,
583 1452 644 1495 uon
661 1452 803 1510 possum:
827 1452 895 1497 cum
908 1436 1018 1497 libellis
1032 1435 1104 1496 mihi

132 1520 282 1595 plurimus
304 1533 406 1578 sermo
424 1525 480 1578 est.
515 1519 686 1593 siquando
709 1520 935 1581 intervenerunt
954 1520 1105 1594 epistulae

132 1610 217 1674 tuae,
240 1609 340 1662 tecum
356 1616 427 1661 esse
444 1602 516 1661 mihi
532 1602 638 1662 videor
652 1609 682 1661 et
696 1603 741 1663 sic
755 1603 884 1664 adficior
898 1603 1014 1677 animo,
1029 1609 1104 1662 tam·

133 1703 225 1762 quam
240 1685 293 1746 tibi
308 1702 370 1745 non
384 1686 565 1758 rescribam,
588 1687 644 1745 sed
660 1687 876 1761 respondeam.
903 1687 1006 1761 itaque
1021 1691 1052 1746 et
1065 1685 1104 1745 de

131 1770 206 1844 hoc,
229 1769 312 1845 quod
333 1770 471 1843 quaeris,
500 1769 589 1845 quasi
610 1771 778 1843 conloquar
800 1778 915 1844 tecum,
938 1769 1029 1845 quala
1054 1768 1103 1843 sit,

102 1859 192 1913 tuna
206 1853 417 1922 scrutabimur.
454 1852 632 1927 QuaeriS,
656 1868 699 1912 an
716 1870 825 1914 omne
841 1853 978 1914 bonum
993 1859 1103 1929 opta-

132 1937 210 1996 bile
238 1937 304 1997 sit=
335 1936 520 2011 „sibonum
546 1943 607 2011 est,
637 1936 753 2011 inquiS,
777 1937 893 1998 lortiter
917 1935 1053 2012 torqueri
1074 1941 1103 1999 et

131 2035 243 2094 magno
260 2020 359 2080 animo
374 2020 421 2080 uri
436 2028 466 2080 et
481 2020 629 2094 patienter
643 2029 815 2095 aegrotare,
832 2020 984 2095 sequitur,
998 2025 1032 2080 ut
1044 2020 1103 2082 ista

132 2103 278 2178 optabilia
302 2103 371 2163 sint.
406 2103 480 2164 nihil
501 2110 602 2164 autem
622 2102 714 2163 video
732 2120 772 2163 ex
791 2105 859 2164 istis
879 2111 952 2165 voto
967 2103 1102 2178 dignum.

132 2185 283 2246 neminem
309 2195 391 2246 certe
416 2187 516 2249 adhuc
541 2187 606 2246 scio
632 2202 669 2245 eo
694 2188 815 2247 nomine
836 2194 940 2247 votum
960 2186 1104 2261 solvisse,

133 2271 216 2346 quod
241 2269 370 2345 flagellis
397 2286 508 2330 caesus
536 2277 621 2331 esset
644 2277 696 2330 aut
721 2272 859 2345 podagra
882 2269 1030 2332 distortus
1052 2273 1105 2330 aut

104 2354 239 2415 leculeo
252 2355 373 2429 longior
385 2355 514 2414 lactus.“
548 2354 721 2428 Distingue,
738 2354 779 2413 mi
791 2352 903 2428 Lucili,
922 2354 997 2428 ista,
1014 2360 1045 2412 et
1058 2351 1104 2413 in·

128 2439 258 2511 telleges
270 2454 342 2498 esse
356 2437 387 2497 in
404 2438 441 2496 iis
458 2438 572 2511 aliquid
589 2439 766 2511 optandum.
793 2444 943 2498 tormenta
959 2437 1104 2498 abessca

130 2538 179 2581 me
194 2521 298 2581 velim=
322 2521 379 2580 sed
400 2521 427 2579 si
445 2521 624 2580 sustinenda
639 2520 763 2595 luerint,
786 2528 820 2581 ut
833 2535 881 2579 me
902 2521 1006 2581 inillis
1021 2519 1104 2580 lorti·

130 2612 192 2677 ter,
216 2604 360 2675 honeste,
382 2604 519 2663 animose
538 2618 657 2677 geram,
680 2605 805 2678 optabo.
841 2603 947 2678 quidni
965 2619 1024 2678 ego
1038 2619 1103 2663 ma-

130 2687 181 2746 lim
194 2703 255 2746 non
270 2685 406 2745 incidere
420 2685 553 2746 bellum?
574 2687 631 2745 scd
646 2687 672 2746 si
687 2687 840 2760 inciderit,
862 2693 896 2746 ut
910 2688 1053 2758 volnera,
1070 2693 1104 2746 ut

130 2771 240 2829 famem
256 2776 287 2829 et
301 2769 417 2841 omnia,
433 2784 513 2842 quae
532 2768 679 2831 bellorum
695 2770 865 2832 necessitas
880 2772 992 2843 adlcrt,
1010 2783 1103 2844 gene·

129 2867 202 2912 rose
218 2853 326 2922 leram,
343 2853 467 2926 optabo.
500 2869 562 2913 non
577 2861 718 2914 sumtum
732 2855 874 2925 demens,
895 2861 930 2914 ut
943 2858 1105 2927 aegrotare

131 2935 266 3009 cupiam=
289 2935 344 2995 sed
360 2937 387 2995 si
401 2937 618 3010 aegrotandum
634 2937 737 3011 luerit,
759 2944 794 2997 ut
806 2936 881 2997 nihil
899 2938 1104 3010 intemperan-

128 3026 188 3093 ter,
216 3018 290 3079 nihil
315 3018 487 3080 effeminatc
510 3021 564 3080 liat
587 3021 711 3094 optabo.
752 3021 796 3080 lta
822 3037 883 3080 nou
909 3019 1104 3080 incommoda

131 3102 276 3177 optabilia
291 3109 377 3177 sunt,
398 3105 455 3163 sed
475 3104 584 3176 virtus,
611 3120 672 3178 qua
687 3104 878 3178 perferantur
896 3102 1104 3163 incommoda.

102 3186 258 3259 douidam
273 3204 312 3246 ex
327 3187 441 3247 nostris
456 3188 629 3264 eristimant
644 3188 777 3246 omnium
791 3187 919 3247 istorum
933 3188 1043 3247 fortem
1056 3192 1103 3247 to·

130 3270 285 3330 larentiam
303 3287 364 3331 non
379 3287 451 3330 esse
466 3269 646 3345 optabilem,
662 3272 718 3332 sed
734 3288 773 3331 ne
788 3271 1022 3331 abominandam
1035 3268 1103 3344 qui·

134 3352 215 3426 Ἢ,
231 3354 302 3428 quia
319 3360 393 3413 voto
410 3370 518 3429 purum
539 3355 653 3414 bouum
668 3355 730 3429 peti
751 3354 842 3414 debet
862 3359 891 3412 et
907 3352 1104 3428 tranquillum

188 3443 265 3496 txtra
280 3438 449 3497 molestiam
466 3436 615 3512 positum:
637 3453 695 3512 ego
711 3437 868 3497 dissentio.
905 3442 1021 3512 quare?
1042 3434 1104 3512 pri·
