2468 3930
273 237 444 301 EPlSTUt.
459 238 552 301 llolt.
575 240 811 303 LlB.11.EP.·a.
833 247 904 316 (14.)
1040 243 1080 311 et

101 396 227 455 vincatt
247 401 350 469 potest
364 394 471 453 melior
485 394 622 468 vincere,
639 410 700 455 non
712 402 814 470 potest
825 411 887 456 non
900 395 988 471 peior
999 413 1080 473 esse,

101 479 153 555 qui
168 477 285 538 vicerit.
321 477 449 538 Ultimas
466 484 571 553 partes
585 478 678 552 adtigi
694 477 827 539 Catonis.
855 481 912 540 sed
927 497 983 540 nec
998 481 1080 557 prio·

99 578 150 622 res
176 562 248 621 anni
276 563 412 634 luerunt,
442 562 494 636 qui
517 563 687 636 sapientem
712 563 742 620 in
763 562 844 622 illam
865 565 1003 640 rapinam
1021 566 1082 626 rei·

100 645 244 722 publicae
265 645 471 706 admitterent:
502 644 576 720 quid
597 645 679 705 aliud
706 662 797 720 quam
821 648 1007 710 vociferatus
1033 657 1082 710 est

102 731 174 791 cato
189 736 220 789 et
233 728 316 790 misit
330 727 435 790 inritas
448 745 560 801 voces,
577 743 647 789 cum
660 731 753 790 modo
768 746 825 804 per
839 733 945 807 populi
961 734 1081 794 levatus

100 830 209 874 manus
231 820 262 874 et
283 813 411 875 obrutus
433 811 532 887 sputis
553 818 595 885 [et
608 813 790 888 portandus]
807 823 893 875 extra
908 817 1007 876 lorum
1020 823 1080 876 tra-

100 898 233 972 heretur,
268 898 360 956 modo
383 912 401 955 e
421 905 531 957 senatu
559 895 591 954 in
618 912 771 956 carcerem
796 898 985 959 duceretur?
1019 899 1123 961 Sedlt

101 989 212 1064 postea
222 979 405 1054 videbimus,
423 997 462 1040 an
473 980 603 1054 sapienti
616 996 711 1056 opera
723 981 881 1055 perdenda
893 982 946 1043 sit:
962 983 1081 1044 interim

100 1066 140 1125 ad
157 1065 217 1125 bos
237 1072 268 1124 te
283 1063 429 1137 [Stoicos]
446 1080 541 1138 voco,
564 1063 617 1138 qni
632 1080 651 1123 a
667 1063 824 1138 republica
840 1065 959 1126 exclusi
977 1082 1081 1128 seces-

102 1155 209 1209 serunt
229 1148 269 1207 ad
289 1148 449 1208 colendam
469 1148 561 1208 vitam
588 1153 618 1207 et
641 1146 776 1207 humano
797 1151 902 1222 generi
923 1149 990 1209 iura
1008 1166 1081 1211 con·

100 1233 204 1292 denda
225 1232 291 1290 sine
304 1232 367 1291 ulla
382 1231 561 1306 potentioris
577 1229 707 1292 offensa.
742 1231 810 1291 Non
826 1232 1018 1293 conturbabit
1032 1250 1080 1293 sa-

100 1317 190 1393 piens
212 1316 354 1390 publicos
374 1331 476 1375 mores
498 1330 555 1374 nec
577 1315 724 1389 populum
745 1315 775 1373 in
797 1331 832 1374 se
849 1316 928 1374 vitae
948 1316 1082 1377 novitate

101 1406 269 1461 convertet.
306 1398 404 1473 „Quid
416 1405 511 1472 ergo?
530 1399 636 1473 utique
652 1399 707 1458 erit
720 1405 812 1473 tutus,
829 1397 881 1473 qui
895 1399 955 1460 hoc
969 1416 1083 1475 propo·
1091 1407 1124 1462 15

100 1484 191 1544 situm
206 1487 395 1558 sequeturl“
425 1482 603 1542 Promittere
616 1481 670 1542 tibi
687 1482 748 1544 hoc
762 1498 824 1542 non
839 1485 936 1558 magis
952 1501 1081 1558 possum

102 1583 195 1643 quam
210 1567 241 1626 in
254 1565 378 1627 homine
392 1565 572 1640 temperanti
582 1565 694 1625 bonam
705 1567 916 1627 valitudinem:
940 1576 1081 1629 ettamen

100 1650 174 1711 lacit
193 1650 392 1726 temperantia
412 1650 525 1710 bonam
539 1649 744 1711 valitudinem.
780 1651 862 1710 Perit
876 1651 979 1726 aliqua
992 1652 1080 1712 navis

100 1735 131 1794 in
153 1744 260 1810 portu:
294 1733 351 1794 sed
372 1732 447 1808 quid
472 1741 506 1795 tu
527 1732 667 1793 accidere
691 1734 721 1793 in
742 1734 842 1794 medio
864 1737 939 1794 mari
960 1736 1082 1795 credis?

102 1825 218 1893 quanto
233 1816 305 1877 huie
319 1816 489 1893 periculum
500 1817 637 1892 paratius
649 1819 728 1878 toret
738 1818 832 1879 multa
843 1819 943 1893 agenti
955 1818 1080 1880 molien-

100 1903 202 1977 tique,
217 1901 267 1962 cui
281 1917 320 1961 ne
336 1902 430 1962 otium
446 1901 570 1975 quidem
581 1906 677 1961 tutum
689 1908 757 1961 estt
773 1901 905 1963 Pereunt
916 1902 1081 1977 aliquando

101 1987 298 2046 innocentes:
327 1985 397 2060 quis
418 1991 532 2059 negatt
558 1992 706 2046 nocentes
726 1993 827 2046 tamen
848 1985 984 2061 saepius.
1019 1987 1080 2046 Ars

102 2070 130 2129 ei
151 2074 285 2143 constat,
309 2070 360 2144 qui
381 2083 437 2144 per
458 2075 636 2128 ornamenta
655 2085 822 2144 percussus
844 2077 901 2130 est.
944 2070 1124 2144 Denique16

102 2152 264 2214 consilium
288 2168 390 2213 rerum
413 2152 546 2213 omnium
567 2152 708 2228 sapiens,
736 2169 797 2213 non
819 2154 932 2213 exitum
952 2160 1080 2228 spectat.

101 2237 190 2298 Initia
204 2236 234 2295 in
249 2242 401 2312 potestate
419 2242 524 2297 nostra
539 2245 624 2296 sunt:
647 2236 686 2295 de
700 2243 812 2297 eventu
827 2239 947 2297 fortuna
959 2237 1082 2310 iudicat,

102 2319 153 2382 cui
164 2320 205 2381 de
218 2335 268 2379 me
282 2320 462 2382 sententiam
477 2335 538 2380 non
553 2320 604 2380 do.
638 2320 699 2392 „At
710 2319 826 2393 aliquid
839 2320 1012 2380 vexationis
1029 2319 1082 2379 ad-

102 2407 177 2478 fert,
207 2404 322 2479 aliquid
341 2404 494 2465 adversi.“
536 2400 599 2441 ***
619 2402 688 2462 Non
709 2401 869 2461 damnatur
891 2403 984 2474 latro,
1014 2417 1082 2461 cum

103 2487 237 2550 occidite
251 2486 313 2526 ***

165 2571 251 2632 Nune
271 2573 311 2631 ad
333 2571 515 2633 cotidianam
537 2568 647 2646 stipem
664 2584 786 2629 manum
802 2566 944 2644 porrigis.
979 2568 1124 2634 Aureoli

102 2663 132 2717 te
154 2656 234 2731 stipe
254 2655 394 2731 inplebo,
424 2662 455 2715 et
476 2655 549 2730 quia
568 2655 648 2715 iacta
670 2660 717 2714 est
738 2653 805 2713 auri
824 2652 953 2727 mentio,
976 2652 1083 2727 accipe

104 2739 363 2815 quemadmodum
378 2755 453 2800 usus
468 2739 648 2813 fructusque
660 2739 725 2798 eius
738 2736 790 2798 tibi
803 2753 874 2798 esse
885 2737 999 2812 gratior
1010 2752 1082 2812 pos·

105 2824 154 2884 sit.
193 2823 250 2898 „Is
277 2823 442 2883 maxime
469 2821 625 2883 divitiis
652 2821 808 2896 fruitur,
840 2822 903 2896 qui
930 2821 1083 2880 minime

104 2906 260 2967 divitiis
288 2908 470 2982 indiget.“
512 2905 622 2981 „,Ede,
656 2905 774 2980 inquis,
808 2908 1004 2967 auctorem.“‘
1044 2904 1085 2965 Ut

103 2990 187 3051 scias
213 3007 306 3066 quam
330 2989 455 3066 benigni
479 2989 590 3064 simus,
617 2989 808 3065 propositum
834 2996 881 3049 est
900 2989 1000 3048 aliena
1019 2989 1082 3046 lau-

104 3074 197 3135 darer
220 3073 346 3150 Epicuri
365 3083 413 3136 est
432 3080 484 3134 aut
503 3072 671 3134 Metrodori
685 3079 738 3132 aut
752 3070 879 3133 alicuius
895 3088 934 3131 ex
949 3071 1000 3131 illa
1015 3071 1082 3132 olli·

104 3158 184 3218 cina.
213 3165 245 3218 et
265 3157 339 3232 quid
359 3157 485 3219 interest
505 3155 574 3232 quis
595 3155 726 3217 dixerit?
753 3155 893 3217 omnibus
909 3153 995 3216 dixit.
1027 3151 1084 3226 Qui
1092 3163 1125 3219 18

104 3250 176 3317 eget
196 3240 325 3313 divitiis,
347 3241 431 3302 timet
449 3258 506 3317 pro
527 3241 595 3300 illis.
628 3255 718 3299 nemo
740 3246 839 3300 autem
855 3236 984 3301 sollicito
999 3237 1081 3297 bano

105 3324 228 3387 fruitura
254 3325 378 3385 adicere
397 3323 457 3385 illis
478 3325 592 3400 aliquid
614 3324 723 3384 studet.
750 3323 831 3391 dum¹
843 3322 882 3381 de
896 3321 1082 3381 incremento

106 3409 235 3486 cogitat,
263 3408 376 3469 oblitus
396 3416 444 3469 est
461 3424 548 3470 usus.
584 3407 719 3468 rationes
740 3404 866 3480 accipit,
889 3405 988 3464 lorum
1009 3418 1082 3466 con·

107 3495 183 3571 terit,
197 3490 410 3555 kalendarium
421 3500 532 3569 versat,
547 3492 581 3553 fit
592 3508 631 3552 ex
643 3490 767 3552 domino
779 3492 968 3565 procurator.
993 3488 1082 3550 Vale.
