2468 3930
182 229 247 294 cta
279 196 282 200 ’
469 227 504 287 n.
525 227 672 287 nnnnur
694 225 870 287 sunnone

182 391 345 459 protegere
366 380 528 454 defensus,
550 379 634 454 quod
653 378 768 440 bonum
790 378 963 453 exemplum
979 377 1108 441 circuitu
1122 379 1162 441 ad

182 465 344 527 facientem
350 462 520 536 revertitur,
533 463 700 524 sicutmaia
711 462 853 536 exempla
862 461 1002 523 recidunt
1012 463 1043 522 in
1056 469 1162 524 aucto·

182 566 233 610 res
249 563 306 608 nec
320 548 383 609 ulla
396 546 551 607 miseratio
567 545 714 620 contingit
726 545 780 619 iis,
797 545 850 621 qui
861 545 1014 620 patiuntur
1024 545 1162 623 iniurias,

185 649 262 709 quas
285 646 380 706 posse
400 630 467 690 fieri
487 629 628 691 iaciendo
644 631 828 691 docuerunt:
850 630 906 689 sed
921 629 1004 704 quod
1020 628 1165 697 virtutum

184 715 321 777 omnium
341 714 468 790 pretium
487 714 517 772 in
539 714 617 789 ipsis
637 719 694 773 est.
728 729 789 774 non
811 712 893 773 enim
917 723 1098 777 exercentur
1123 716 1164 779 ed

138 799 367 875 20praemium=
392 804 476 858 recte
496 798 568 858 iacti
589 797 702 858 iecisse
720 811 840 857 merces
860 803 917 859 cet.
952 797 1066 861 Gratus
1083 814 1162 874 sum,

183 900 246 944 non
260 891 293 944 ut
308 883 385 955 atius
400 881 473 942 mihi
488 881 631 942 libentius
647 887 781 956 praestet
794 881 890 956 priori
904 879 1162 948 terraconem.-

184 970 252 1043 pio,
272 967 329 1028 sed
349 973 459 1027 utrem
474 965 724 1026 iucundissimam
745 980 782 1025 ac
795 963 1028 1040 pulcherrimam
1043 966 1163 1029 facum.

182 1058 288 1126 gratus
302 1067 379 1123 sum,
395 1067 457 1110 non
469 1049 541 1124 qnia
552 1050 686 1125 expedit,
700 1049 757 1110 sed
769 1049 841 1123 qnia
852 1048 950 1110 iuvate
964 1047 1069 1113 hoc-ut
1080 1051 1168 1113 scies¹

183 1135 225 1195 itu
238 1150 324 1206 esse,
347 1134 374 1194 si
389 1141 506 1208 gratum
523 1148 595 1193 esse
610 1149 670 1193 non
686 1131 803 1205 licebit,
820 1131 880 1193 nisi
894 1141 928 1192 ut
941 1132 1048 1195 videar
1060 1133 1159 1208 ingra-

183 1225 247 1293 tus,
269 1217 297 1279 si
315 1218 446 1278 reddere
468 1216 648 1277 beneficium
668 1232 728 1277 non
749 1217 835 1276 aliter
849 1232 940 1291 quam
954 1232 1011 1291 per
1024 1217 1161 1292 speciem

183 1303 310 1363 iniuriae
323 1308 447 1376 potero=
462 1299 649 1375 aequissimo
662 1300 762 1360 annuo
775 1300 815 1360 ad
825 1299 988 1361 ironestrrm
1000 1301 1161 1363 consilium

182 1401 239 1460 per
253 1385 384 1446 mediam
399 1385 551 1444 infamiam
566 1385 698 1444 tendam.
726 1383 821 1444 Nemo
842 1383 914 1443 mihi
930 1384 1048 1445 videtur
1062 1385 1160 1459 pluris

182 1473 344 1529 aestimare
365 1468 519 1542 virtutem,
541 1483 630 1528 nemo
652 1467 694 1528 iiii
715 1468 812 1542 magis
832 1483 904 1528 esse
919 1467 1158 1542 devotationum

183 1552 236 1627 qui
256 1552 329 1612 boni
348 1551 406 1610 viri
421 1552 531 1610 samam
547 1553 693 1626 perdidit,
715 1567 753 1610 ne
771 1550 993 1613 conscientiam·
1007 1551 1159 1627 perderet.

140 1635 303 1710 alliaque,
319 1642 351 1695 ut
365 1635 443 1709 dixi,
458 1633 564 1696 maiori
579 1644 630 1697 tuo
647 1652 737 1712 quarn
753 1635 973 1696 alteriusbono
991 1632 1101 1711 amnes.
1113 1651 1160 1697 es.

182 1719 224 1777 ilii
239 1719 320 1778 enim
336 1718 470 1794 volgaris
486 1726 517 1779 et
530 1720 683 1780 cotidiana
696 1735 747 1779 res
764 1720 898 1794 contigit,
913 1720 1060 1795 recipere,
1076 1721 1162 1794 quod

184 1802 325 1863 dederut=
340 1802 394 1864 tibi
408 1818 518 1877 magna
532 1811 563 1863 et
576 1820 615 1863 ex
625 1803 802 1865 beatissimo
814 1804 904 1863 animi
918 1810 999 1865 statu
1013 1804 1160 1879 proiecta.

183 1893 302 1959 gratum
319 1886 425 1946 tuisse.
455 1903 525 1946 nam
547 1887 574 1946 si
595 1888 708 1949 malitia
721 1886 953 1961 miserosdacit,
974 1887 1072 1949 nutus
1087 1887 1158 1949 bea·

182 1975 247 2043 tos,
269 1978 386 2045 gratum
407 1978 506 2031 autem
526 1985 597 2031 esse
617 1971 712 2032 virtus
733 1979 796 2032 est:
819 1987 884 2031 rem
903 1971 1044 2033 ommam
1058 1970 1161 2033 reddi·

183 2052 268 2126 disti,
289 2053 540 2114 inaestimabilem
561 2062 746 2116 consecutus
763 2072 813 2128 es,
840 2054 1060 2116 conscientiam
1074 2055 1161 2131 greti,

184 2152 264 2212 quae
283 2137 342 2197 nisi
363 2138 394 2197 in
415 2139 547 2198 animum
563 2137 697 2199 divinum
712 2140 959 2214 romanarumque
973 2155 1035 2200 non
1051 2154 1160 2215 pervo-

182 2219 236 2280 nit·.
266 2221 297 2280 in
312 2223 495 2283 contrarium
510 2230 609 2283 autem
620 2222 691 2283 huic
706 2223 858 2284 adiectum
870 2239 990 2284 summa
999 2223 1161 2284 infelicitas

181 2311 285 2379 urget:
312 2322 401 2367 nemo
418 2305 477 2367 sibi
496 2312 600 2381 gratus
614 2313 676 2381 est,
699 2307 752 2381 qui
765 2306 851 2366 citeri
864 2323 925 2368 non
940 2307 1005 2368 fuit
1034 2307 1097 2367 hoc
1112 2321 1161 2369 mc

183 2397 273 2463 putas
288 2390 404 2449 dicerer
434 2388 487 2465 qui
501 2391 637 2465 ingratus
652 2397 713 2464 est,
735 2390 828 2450 miser
842 2391 941 2451 eritt
967 2407 1029 2453 non
1050 2389 1162 2453 differo

139 2473 277 2545 mitium:
292 2475 392 2535 statim
406 2474 581 2535 miserest.
611 2475 717 2550 Itaque
732 2474 841 2549 ingrati
856 2491 929 2536 esse
943 2475 1082 2547 vitemus,
1098 2491 1165 2535 non·

181 2556 280 2616 aliena
301 2573 409 2631 causa,
436 2558 494 2618 sed
515 2567 629 2619 nostra.
658 2558 815 2618 minimum
833 2573 872 2618 ex
886 2559 1025 2635 nequitia
1038 2558 1160 2619 levissi-

180 2655 325 2714 mumque
339 2641 378 2700 ad
393 2641 469 2701 alios
480 2642 645 2703 redundat=
661 2643 744 2718 quod
759 2640 926 2717 pessimum
941 2659 980 2703 cx
993 2643 1045 2703 iiia
1059 2649 1108 2703 est
1122 2648 1161 2715 et,

181 2731 213 2782 ut
227 2723 268 2780 ita
283 2722 396 2796 dicam,
418 2723 656 2800 spississimum,
678 2727 760 2787 domi
780 2734 915 2787 remanet
935 2735 965 2788 et
983 2724 1161 2802 premitha·

180 2804 319 2878 bentern,
351 2808 609 2881 quemadmodum
629 2811 749 2870 Attalus
769 2818 874 2872 noster
899 2811 1002 2871 dicere
1027 2807 1161 2871 solebati

181 2886 316 2959 „malitia
336 2889 406 2965 ipsa
424 2892 586 2953 maximam
606 2902 723 2969 partem
746 2895 858 2955 veneni
878 2894 925 2955 sui
944 2893 1050 2955 bibit.“
1082 2893 1163 2955 ltiud

182 2988 349 3047 venenum,
379 2976 462 3049 quod
482 2984 643 3052 serpentes
664 2977 694 3037 in
721 2977 850 3038 alienam
871 2977 1036 3052 pernicicm
1056 2978 1161 3053 proic-

179 3065 264 3132 runt,
280 3057 348 3119 sine
362 3076 419 3121 sua
434 3060 601 3135 continent,
618 3078 679 3121 non
695 3069 742 3122 est
755 3061 827 3122 huic
842 3060 955 3122 simite:
970 3060 1030 3122 hoc
1044 3060 1160 3125 haben-

137 3140 259 3204 atibus
287 3144 455 3217 pessimum
481 3151 537 3205 est.
575 3149 710 3220 Torquet
732 3146 869 3220 ingratus
895 3161 930 3205 se
955 3152 986 3206 at
1009 3154 1162 3208 macerate

180 3224 257 3300 odit,
280 3244 359 3302 quae
375 3229 507 3304 accepit,
529 3231 601 3305 quia
614 3229 788 3290 redditurus
804 3236 866 3303 est,
888 3235 1092 3304 mextenum,
1114 3230 1161 3291 in·

180 3305 272 3370 iunias
296 3328 368 3373 vero
390 3313 494 3373 dilatat
514 3321 605 3389 atque
619 3320 720 3388 auget.
749 3314 823 3389 quid
836 3320 937 3374 autem
953 3311 1161 3386 comissum,

180 3390 230 3451 oui
251 3394 401 3456 beneficia
422 3396 580 3472 excidunt,
606 3397 732 3458 haerent
755 3394 905 3459 iniuriae?
932 3404 963 3458 et
983 3403 1092 3461 contos
1111 3415 1159 3462 eae

179 3470 294 3544 pientia
310 3488 439 3540 exornat
455 3496 544 3541 omne
560 3481 742 3542 beneficium
756 3497 793 3542 oc
808 3481 866 3542 sihi
880 3481 951 3558 ipse
965 3481 1164 3551 commanda
