<?xml version="1.0" encoding="UTF-8"?>
<!DOCTYPE html PUBLIC "-//W3C//DTD XHTML 1.0 Transitional//EN"
    "http://www.w3.org/TR/xhtml1/DTD/xhtml1-transitional.dtd">
<html xmlns="http://www.w3.org/1999/xhtml" xml:lang="en" lang="en">
 <head>
  <title>
</title>
<meta http-equiv="Content-Type" content="text/html;charset=utf-8" />
  <meta name='ocr-system' content='tesseract 3.04.00' />
  <meta name='ocr-capabilities' content='ocr_page ocr_carea ocr_par ocr_line ocrx_word'/>
</head>
<body>
  <div class='ocr_page' id='page_1' title='image "./lannaeisenecaeo00haasgoog_0310.png"; bbox 0 0 2468 3930; ppageno 0'>
   <div class='ocr_carea' id='block_1_1' title="bbox 223 209 1049 291">
    <p class='ocr_par' dir='ltr' id='par_1_1' title="bbox 223 209 1049 291">
     <span class='ocr_line' id='line_1_1' title="bbox 223 209 1049 291; baseline 0.011 -22"><span class='ocrx_word' id='word_1_1' title='bbox 223 209 393 273; x_wconf 82' lang='lat' dir='ltr'><strong>EPISTUL.</strong></span> <span class='ocrx_word' id='word_1_2' title='bbox 410 212 686 274; x_wconf 84' lang='lat' dir='ltr'><strong>MOR.LIB.X1V.</strong></span> <span class='ocrx_word' id='word_1_3' title='bbox 702 215 760 274; x_wconf 86' lang='lat' dir='ltr'>EP.</span> <span class='ocrx_word' id='word_1_4' title='bbox 775 213 804 277; x_wconf 82' lang='grc'>4.</span> <span class='ocrx_word' id='word_1_5' title='bbox 820 220 892 291; x_wconf 70' lang='lat'>(92.)</span> <span class='ocrx_word' id='word_1_6' title='bbox 988 213 1049 280; x_wconf 71' lang='lat'>277</span> 
     </span>
    </p>
   </div>
   <div class='ocr_carea' id='block_1_2' title="bbox 37 364 1094 3539">
    <p class='ocr_par' dir='ltr' id='par_1_2' title="bbox 37 364 1094 3539">
     <span class='ocr_line' id='line_1_2' title="bbox 66 364 1049 442; baseline 0.001 -15"><span class='ocrx_word' id='word_1_7' title='bbox 66 364 151 427; x_wconf 87' lang='lat' dir='ltr'>mini.</span> <span class='ocrx_word' id='word_1_8' title='bbox 184 372 292 427; x_wconf 87' lang='lat' dir='ltr'>natura</span> <span class='ocrx_word' id='word_1_9' title='bbox 311 366 392 425; x_wconf 92' lang='lat' dir='ltr'>enim</span> <span class='ocrx_word' id='word_1_10' title='bbox 412 366 505 426; x_wconf 90' lang='lat' dir='ltr'>homo</span> <span class='ocrx_word' id='word_1_11' title='bbox 521 367 669 427; x_wconf 89' lang='lat' dir='ltr'>mundum</span> <span class='ocrx_word' id='word_1_12' title='bbox 684 375 713 427; x_wconf 90' lang='grc' dir='ltr'><strong>ει</strong></span> <span class='ocrx_word' id='word_1_13' title='bbox 727 369 853 442; x_wconf 81' lang='lat' dir='ltr'><strong>elegans</strong></span> <span class='ocrx_word' id='word_1_14' title='bbox 868 369 978 428; x_wconf 88' lang='lat' dir='ltr'>animal</span> <span class='ocrx_word' id='word_1_15' title='bbox 993 377 1049 428; x_wconf 89' lang='lat' dir='ltr'>est.</span> 
     </span>
     <span class='ocr_line' id='line_1_3' title="bbox 66 449 1051 525; baseline -0.001 -12"><span class='ocrx_word' id='word_1_16' title='bbox 66 451 171 525; x_wconf 90' lang='lat' dir='ltr'>itaque</span> <span class='ocrx_word' id='word_1_17' title='bbox 189 464 252 509; x_wconf 93' lang='lat' dir='ltr'>non</span> <span class='ocrx_word' id='word_1_18' title='bbox 267 456 315 510; x_wconf 89' lang='lat' dir='ltr'>est</span> <span class='ocrx_word' id='word_1_19' title='bbox 328 449 442 509; x_wconf 90' lang='lat' dir='ltr'>bonum</span> <span class='ocrx_word' id='word_1_20' title='bbox 463 466 568 525; x_wconf 89' lang='lat' dir='ltr'>perse</span> <span class='ocrx_word' id='word_1_21' title='bbox 583 452 697 510; x_wconf 91' lang='lat' dir='ltr'>munda</span> <span class='ocrx_word' id='word_1_22' title='bbox 712 452 822 525; x_wconf 88' lang='lat' dir='ltr'>vestis,</span> <span class='ocrx_word' id='word_1_23' title='bbox 848 453 905 511; x_wconf 91' lang='lat' dir='ltr'>sed</span> <span class='ocrx_word' id='word_1_24' title='bbox 919 453 1051 512; x_wconf 88' lang='lat' dir='ltr'>mundae</span> 
     </span>
     <span class='ocr_line' id='line_1_4' title="bbox 65 533 1049 609; baseline 0 -13"><span class='ocrx_word' id='word_1_25' title='bbox 65 533 164 596; x_wconf 87' lang='lat' dir='ltr'>vestis</span> <span class='ocrx_word' id='word_1_26' title='bbox 179 533 296 607; x_wconf 80' lang='lat' dir='ltr'>electio,</span> <span class='ocrx_word' id='word_1_27' title='bbox 314 534 387 608; x_wconf 90' lang='lat' dir='ltr'>quia</span> <span class='ocrx_word' id='word_1_28' title='bbox 402 549 463 593; x_wconf 93' lang='lat' dir='ltr'>non</span> <span class='ocrx_word' id='word_1_29' title='bbox 478 535 508 593; x_wconf 92' lang='lat' dir='ltr'>in</span> <span class='ocrx_word' id='word_1_30' title='bbox 523 550 557 593; x_wconf 89' lang='lat' dir='ltr'>re</span> <span class='ocrx_word' id='word_1_31' title='bbox 571 534 687 595; x_wconf 92' lang='lat' dir='ltr'>bonum</span> <span class='ocrx_word' id='word_1_32' title='bbox 703 544 759 607; x_wconf 85' lang='lat' dir='ltr'>est,</span> <span class='ocrx_word' id='word_1_33' title='bbox 776 536 832 595; x_wconf 91' lang='lat' dir='ltr'>sed</span> <span class='ocrx_word' id='word_1_34' title='bbox 848 537 878 596; x_wconf 92' lang='lat' dir='ltr'>in</span> <span class='ocrx_word' id='word_1_35' title='bbox 891 536 1049 609; x_wconf 82' lang='lat' dir='ltr'>electione,</span> 
     </span>
     <span class='ocr_line' id='line_1_5' title="bbox 67 617 1050 695; baseline -0.001 -15"><span class='ocrx_word' id='word_1_36' title='bbox 67 617 152 695; x_wconf 88' lang='lat' dir='ltr'>quali</span> <span class='ocrx_word' id='word_1_37' title='bbox 174 618 310 678; x_wconf 78' lang='lat' dir='ltr'>actiones</span> <span class='ocrx_word' id='word_1_38' title='bbox 338 624 463 677; x_wconf 89' lang='lat' dir='ltr'>nostrae</span> <span class='ocrx_word' id='word_1_39' title='bbox 489 617 638 679; x_wconf 83' lang='lat' dir='ltr'>honestae</span> <span class='ocrx_word' id='word_1_40' title='bbox 658 626 743 693; x_wconf 90' lang='lat' dir='ltr'>sunt,</span> <span class='ocrx_word' id='word_1_41' title='bbox 769 624 832 679; x_wconf 92' lang='lat' dir='ltr'>non</span> <span class='ocrx_word' id='word_1_42' title='bbox 859 620 942 694; x_wconf 87' lang='lat' dir='ltr'>ipso,</span> <span class='ocrx_word' id='word_1_43' title='bbox 971 637 1050 695; x_wconf 90' lang='lat' dir='ltr'>quae</span> 
     </span>
     <span class='ocr_line' id='line_1_6' title="bbox 65 700 1093 779; baseline -0.001 -15"><span class='ocrx_word' id='word_1_44' title='bbox 65 709 206 778; x_wconf 81' lang='lat' dir='ltr'>aguntur.</span> <span class='ocrx_word' id='word_1_45' title='bbox 241 701 330 774; x_wconf 83' lang='lat' dir='ltr'>Quod</span> <span class='ocrx_word' id='word_1_46' title='bbox 344 702 383 760; x_wconf 91' lang='lat' dir='ltr'>de</span> <span class='ocrx_word' id='word_1_47' title='bbox 399 707 486 761; x_wconf 90' lang='lat' dir='ltr'>veste</span> <span class='ocrx_word' id='word_1_48' title='bbox 500 701 573 775; x_wconf 88' lang='lat' dir='ltr'>dixi,</span> <span class='ocrx_word' id='word_1_49' title='bbox 588 700 668 761; x_wconf 92' lang='lat' dir='ltr'>idem</span> <span class='ocrx_word' id='word_1_50' title='bbox 684 717 732 761; x_wconf 89' lang='lat' dir='ltr'>me</span> <span class='ocrx_word' id='word_1_51' title='bbox 747 701 850 762; x_wconf 89' lang='lat' dir='ltr'>dicere</span> <span class='ocrx_word' id='word_1_52' title='bbox 866 704 905 762; x_wconf 89' lang='lat' dir='ltr'>de</span> <span class='ocrx_word' id='word_1_53' title='bbox 920 718 1093 779; x_wconf 74' lang='lat' dir='ltr'>corporela</span> 
     </span>
     <span class='ocr_line' id='line_1_7' title="bbox 66 784 1051 860; baseline -0.001 -13"><span class='ocrx_word' id='word_1_54' title='bbox 66 785 215 848; x_wconf 85' lang='lat' dir='ltr'>existima.</span> <span class='ocrx_word' id='word_1_55' title='bbox 250 801 319 844; x_wconf 89' lang='lat' dir='ltr'>nam</span> <span class='ocrx_word' id='word_1_56' title='bbox 341 784 401 845; x_wconf 89' lang='lat' dir='ltr'>hoc</span> <span class='ocrx_word' id='word_1_57' title='bbox 422 801 547 860; x_wconf 88' lang='lat' dir='ltr'>quoque</span> <span class='ocrx_word' id='word_1_58' title='bbox 567 791 675 844; x_wconf 90' lang='lat' dir='ltr'>natura</span> <span class='ocrx_word' id='word_1_59' title='bbox 696 793 729 844; x_wconf 92' lang='lat' dir='ltr'>ut</span> <span class='ocrx_word' id='word_1_60' title='bbox 749 787 911 858; x_wconf 88' lang='lat' dir='ltr'>quamdam</span> <span class='ocrx_word' id='word_1_61' title='bbox 933 795 1051 848; x_wconf 90' lang='lat' dir='ltr'>vestem</span> 
     </span>
     <span class='ocr_line' id='line_1_8' title="bbox 66 869 1050 945; baseline -0.002 -14"><span class='ocrx_word' id='word_1_62' title='bbox 66 870 167 932; x_wconf 87' lang='lat' dir='ltr'>auimo</span> <span class='ocrx_word' id='word_1_63' title='bbox 195 869 403 929; x_wconf 84' lang='lat' dir='ltr'>circumdedit.</span> <span class='ocrx_word' id='word_1_64' title='bbox 437 869 640 928; x_wconf 88' lang='lat' dir='ltr'>velamentum</span> <span class='ocrx_word' id='word_1_65' title='bbox 665 869 732 928; x_wconf 91' lang='lat' dir='ltr'>eius</span> <span class='ocrx_word' id='word_1_66' title='bbox 762 875 823 928; x_wconf 78' lang='lat' dir='ltr'>est:</span> <span class='ocrx_word' id='word_1_67' title='bbox 854 871 923 945; x_wconf 89' lang='lat' dir='ltr'>quis</span> <span class='ocrx_word' id='word_1_68' title='bbox 949 878 1050 931; x_wconf 90' lang='lat' dir='ltr'>autem</span> 
     </span>
     <span class='ocr_line' id='line_1_9' title="bbox 65 952 1051 1028; baseline -0.001 -13"><span class='ocrx_word' id='word_1_69' title='bbox 65 969 212 1028; x_wconf 87' lang='lat' dir='ltr'>umquam</span> <span class='ocrx_word' id='word_1_70' title='bbox 231 953 413 1013; x_wconf 89' lang='lat' dir='ltr'>vestimenta</span> <span class='ocrx_word' id='word_1_71' title='bbox 434 952 604 1012; x_wconf 89' lang='lat' dir='ltr'>aestimavit</span> <span class='ocrx_word' id='word_1_72' title='bbox 624 953 750 1011; x_wconf 70' lang='lat' dir='ltr'>arcula?</span> <span class='ocrx_word' id='word_1_73' title='bbox 777 968 835 1012; x_wconf 90' lang='lat' dir='ltr'>nec</span> <span class='ocrx_word' id='word_1_74' title='bbox 857 954 972 1014; x_wconf 91' lang='lat' dir='ltr'>bonum</span> <span class='ocrx_word' id='word_1_75' title='bbox 993 971 1051 1014; x_wconf 90' lang='lat' dir='ltr'>nec</span> 
     </span>
     <span class='ocr_line' id='line_1_10' title="bbox 65 1035 1050 1112; baseline -0.003 -14"><span class='ocrx_word' id='word_1_76' title='bbox 65 1038 178 1099; x_wconf 85' lang='lat' dir='ltr'>malum</span> <span class='ocrx_word' id='word_1_77' title='bbox 200 1037 311 1110; x_wconf 82' lang='lat' dir='ltr'>vagina</span> <span class='ocrx_word' id='word_1_78' title='bbox 331 1037 465 1111; x_wconf 82' lang='lat' dir='ltr'>gladium</span> <span class='ocrx_word' id='word_1_79' title='bbox 486 1037 567 1097; x_wconf 87' lang='lat' dir='ltr'>iacit.</span> <span class='ocrx_word' id='word_1_80' title='bbox 603 1035 684 1110; x_wconf 81' lang='lat' dir='ltr'>Ergo</span> <span class='ocrx_word' id='word_1_81' title='bbox 707 1036 747 1095; x_wconf 91' lang='lat' dir='ltr'>de</span> <span class='ocrx_word' id='word_1_82' title='bbox 773 1052 904 1111; x_wconf 90' lang='lat' dir='ltr'>corpore</span> <span class='ocrx_word' id='word_1_83' title='bbox 925 1053 1050 1112; x_wconf 90' lang='lat' dir='ltr'>quoque</span> 
     </span>
     <span class='ocr_line' id='line_1_11' title="bbox 66 1118 1051 1194; baseline -0.004 -12"><span class='ocrx_word' id='word_1_84' title='bbox 66 1120 148 1183; x_wconf 87' lang='lat' dir='ltr'>idern</span> <span class='ocrx_word' id='word_1_85' title='bbox 167 1119 220 1181; x_wconf 88' lang='lat' dir='ltr'>tibi</span> <span class='ocrx_word' id='word_1_86' title='bbox 241 1120 434 1194; x_wconf 73' lang='lat' dir='ltr'>respondem</span> <span class='ocrx_word' id='word_1_87' title='bbox 465 1128 655 1194; x_wconf 90' lang='lat' dir='ltr'>sumpturum</span> <span class='ocrx_word' id='word_1_88' title='bbox 680 1118 803 1193; x_wconf 91' lang='lat' dir='ltr'>quidem</span> <span class='ocrx_word' id='word_1_89' title='bbox 823 1136 888 1194; x_wconf 91' lang='lat' dir='ltr'>me,</span> <span class='ocrx_word' id='word_1_90' title='bbox 915 1121 942 1180; x_wconf 93' lang='lat' dir='ltr'>si</span> <span class='ocrx_word' id='word_1_91' title='bbox 962 1121 1051 1181; x_wconf 91' lang='lat' dir='ltr'>detur</span> 
     </span>
     <span class='ocr_line' id='line_1_12' title="bbox 66 1201 1049 1278; baseline -0.002 -13"><span class='ocrx_word' id='word_1_92' title='bbox 66 1203 191 1276; x_wconf 87' lang='lat' dir='ltr'>electio,</span> <span class='ocrx_word' id='word_1_93' title='bbox 207 1211 237 1264; x_wconf 89' lang='lat' dir='ltr'>et</span> <span class='ocrx_word' id='word_1_94' title='bbox 251 1204 409 1264; x_wconf 87' lang='lat' dir='ltr'>sanitatem</span> <span class='ocrx_word' id='word_1_95' title='bbox 425 1211 455 1264; x_wconf 88' lang='lat' dir='ltr'>et</span> <span class='ocrx_word' id='word_1_96' title='bbox 468 1201 566 1278; x_wconf 77' lang='lat' dir='ltr'>vireS,</span> <span class='ocrx_word' id='word_1_97' title='bbox 582 1203 695 1264; x_wconf 91' lang='lat' dir='ltr'>bonum</span> <span class='ocrx_word' id='word_1_98' title='bbox 710 1209 811 1262; x_wconf 88' lang='lat' dir='ltr'>autem</span> <span class='ocrx_word' id='word_1_99' title='bbox 825 1204 958 1264; x_wconf 83' lang='lat' dir='ltr'>futurum</span> <span class='ocrx_word' id='word_1_100' title='bbox 973 1202 1049 1263; x_wconf 93' lang='lat' dir='ltr'>iudi-</span> 
     </span>
     <span class='ocr_line' id='line_1_13' title="bbox 66 1286 1094 1362; baseline 0.003 -14"><span class='ocrx_word' id='word_1_101' title='bbox 66 1289 148 1349; x_wconf 91' lang='lat' dir='ltr'>cium</span> <span class='ocrx_word' id='word_1_102' title='bbox 165 1287 205 1348; x_wconf 90' lang='lat' dir='ltr'>de</span> <span class='ocrx_word' id='word_1_103' title='bbox 219 1287 278 1348; x_wconf 93' lang='lat' dir='ltr'>illis</span> <span class='ocrx_word' id='word_1_104' title='bbox 293 1303 410 1361; x_wconf 89' lang='lat' dir='ltr'>meum,</span> <span class='ocrx_word' id='word_1_105' title='bbox 425 1305 486 1348; x_wconf 93' lang='lat' dir='ltr'>non</span> <span class='ocrx_word' id='word_1_106' title='bbox 502 1288 580 1362; x_wconf 91' lang='lat' dir='ltr'>ipsa.</span> <span class='ocrx_word' id='word_1_107' title='bbox 622 1288 698 1359; x_wconf 87' lang='lat' dir='ltr'>„Est</span> <span class='ocrx_word' id='word_1_108' title='bbox 710 1287 849 1361; x_wconf 90' lang='lat' dir='ltr'>quidem,</span> <span class='ocrx_word' id='word_1_109' title='bbox 865 1286 978 1362; x_wconf 93' lang='lat' dir='ltr'>inquit,</span> <span class='ocrx_word' id='word_1_110' title='bbox 999 1303 1047 1347; x_wconf 90' lang='lat' dir='ltr'>sa·</span> <span class='ocrx_word' id='word_1_111' title='bbox 1060 1297 1094 1351; x_wconf 78' lang='lat'>14</span> 
     </span>
     <span class='ocr_line' id='line_1_14' title="bbox 66 1370 1049 1446; baseline 0.001 -16"><span class='ocrx_word' id='word_1_112' title='bbox 66 1372 155 1446; x_wconf 87' lang='lat' dir='ltr'>piens</span> <span class='ocrx_word' id='word_1_113' title='bbox 169 1370 292 1431; x_wconf 83' lang='lat' dir='ltr'>beatus:</span> <span class='ocrx_word' id='word_1_114' title='bbox 309 1388 459 1431; x_wconf 92' lang='lat' dir='ltr'>summurn</span> <span class='ocrx_word' id='word_1_115' title='bbox 478 1379 577 1431; x_wconf 82' lang='lat' dir='ltr'>tammr</span> <span class='ocrx_word' id='word_1_116' title='bbox 592 1370 667 1430; x_wconf 91' lang='lat' dir='ltr'>illud</span> <span class='ocrx_word' id='word_1_117' title='bbox 681 1372 794 1431; x_wconf 86' lang='lat' dir='ltr'>bonurn</span> <span class='ocrx_word' id='word_1_118' title='bbox 810 1387 872 1431; x_wconf 90' lang='lat' dir='ltr'>non</span> <span class='ocrx_word' id='word_1_119' title='bbox 884 1372 1049 1446; x_wconf 88' lang='lat' dir='ltr'>consequi-</span> 
     </span>
     <span class='ocr_line' id='line_1_15' title="bbox 66 1453 1049 1529; baseline -0.002 -13"><span class='ocrx_word' id='word_1_120' title='bbox 66 1463 122 1528; x_wconf 86' lang='lat' dir='ltr'>tur,</span> <span class='ocrx_word' id='word_1_121' title='bbox 138 1454 197 1514; x_wconf 87' lang='lat' dir='ltr'>nisi</span> <span class='ocrx_word' id='word_1_122' title='bbox 211 1453 255 1515; x_wconf 91' lang='lat' dir='ltr'>illi</span> <span class='ocrx_word' id='word_1_123' title='bbox 270 1463 300 1516; x_wconf 90' lang='lat' dir='ltr'>et</span> <span class='ocrx_word' id='word_1_124' title='bbox 314 1455 464 1515; x_wconf 88' lang='lat' dir='ltr'>naturalia</span> <span class='ocrx_word' id='word_1_125' title='bbox 478 1455 678 1515; x_wconf 90' lang='lat' dir='ltr'>instrumenta</span> <span class='ocrx_word' id='word_1_126' title='bbox 691 1456 910 1529; x_wconf 87' lang='lat' dir='ltr'>respondeant.</span> <span class='ocrx_word' id='word_1_127' title='bbox 936 1456 980 1514; x_wconf 90' lang='lat' dir='ltr'>Ita</span> <span class='ocrx_word' id='word_1_128' title='bbox 992 1455 1049 1514; x_wconf 92' lang='lat' dir='ltr'>mi-</span> 
     </span>
     <span class='ocr_line' id='line_1_16' title="bbox 67 1538 1049 1615; baseline 0 -16"><span class='ocrx_word' id='word_1_129' title='bbox 67 1555 119 1599; x_wconf 87' lang='lat' dir='ltr'>ser</span> <span class='ocrx_word' id='word_1_130' title='bbox 134 1538 259 1615; x_wconf 89' lang='lat' dir='ltr'>quidem</span> <span class='ocrx_word' id='word_1_131' title='bbox 273 1554 360 1612; x_wconf 87' lang='lat' dir='ltr'>esse,</span> <span class='ocrx_word' id='word_1_132' title='bbox 376 1539 427 1613; x_wconf 92' lang='lat' dir='ltr'>qui</span> <span class='ocrx_word' id='word_1_133' title='bbox 442 1539 583 1599; x_wconf 89' lang='lat' dir='ltr'>virtutem</span> <span class='ocrx_word' id='word_1_134' title='bbox 598 1539 702 1614; x_wconf 88' lang='lat' dir='ltr'>habet,</span> <span class='ocrx_word' id='word_1_135' title='bbox 718 1555 780 1599; x_wconf 92' lang='lat' dir='ltr'>non</span> <span class='ocrx_word' id='word_1_136' title='bbox 797 1546 913 1615; x_wconf 85' lang='lat' dir='ltr'>potest:</span> <span class='ocrx_word' id='word_1_137' title='bbox 937 1540 1049 1600; x_wconf 88' lang='lat' dir='ltr'>beatis-</span> 
     </span>
     <span class='ocr_line' id='line_1_17' title="bbox 65 1623 1048 1697; baseline 0 -15"><span class='ocrx_word' id='word_1_138' title='bbox 65 1623 161 1683; x_wconf 89' lang='lat' dir='ltr'>simus</span> <span class='ocrx_word' id='word_1_139' title='bbox 183 1629 282 1683; x_wconf 91' lang='lat' dir='ltr'>autern</span> <span class='ocrx_word' id='word_1_140' title='bbox 304 1630 448 1695; x_wconf 89' lang='lat' dir='ltr'>nonest,</span> <span class='ocrx_word' id='word_1_141' title='bbox 476 1623 529 1697; x_wconf 88' lang='lat' dir='ltr'>qui</span> <span class='ocrx_word' id='word_1_142' title='bbox 549 1623 737 1684; x_wconf 89' lang='lat' dir='ltr'>naturalibus</span> <span class='ocrx_word' id='word_1_143' title='bbox 759 1623 851 1684; x_wconf 91' lang='lat' dir='ltr'>bonis</span> <span class='ocrx_word' id='word_1_144' title='bbox 867 1623 1048 1696; x_wconf 89' lang='lat' dir='ltr'>destituitur,</span> 
     </span>
     <span class='ocr_line' id='line_1_18' title="bbox 37 1705 1093 1781; baseline -0.001 -16"><span class='ocrx_word' id='word_1_145' title='bbox 37 1712 40 1716; x_wconf 77' lang='grc'><em>’</em></span> <span class='ocrx_word' id='word_1_146' title='bbox 64 1714 97 1766; x_wconf 83' lang='grc' dir='ltr'>ιιι</span> <span class='ocrx_word' id='word_1_147' title='bbox 110 1705 291 1777; x_wconf 88' lang='lat' dir='ltr'>valitudine,</span> <span class='ocrx_word' id='word_1_148' title='bbox 313 1713 346 1766; x_wconf 89' lang='lat' dir='ltr'>ut</span> <span class='ocrx_word' id='word_1_149' title='bbox 362 1706 566 1767; x_wconf 88' lang='lat' dir='ltr'>membrorum</span> <span class='ocrx_word' id='word_1_150' title='bbox 580 1705 783 1781; x_wconf 81' lang='lat' dir='ltr'>integritate.“</span> <span class='ocrx_word' id='word_1_151' title='bbox 815 1708 904 1781; x_wconf 82' lang='lat' dir='ltr'>Quod</span> <span class='ocrx_word' id='word_1_152' title='bbox 919 1706 1048 1768; x_wconf 90' lang='lat' dir='ltr'>incredi-</span> <span class='ocrx_word' id='word_1_153' title='bbox 1060 1711 1093 1764; x_wconf 87' lang='lat'>15</span> 
     </span>
     <span class='ocr_line' id='line_1_19' title="bbox 67 1789 1086 1865; baseline 0.004 -16"><span class='ocrx_word' id='word_1_154' title='bbox 67 1790 156 1850; x_wconf 90' lang='lat' dir='ltr'>bilius</span> <span class='ocrx_word' id='word_1_155' title='bbox 172 1790 308 1861; x_wconf 88' lang='lat' dir='ltr'>videtur,</span> <span class='ocrx_word' id='word_1_156' title='bbox 330 1789 361 1848; x_wconf 93' lang='lat' dir='ltr'>id</span> <span class='ocrx_word' id='word_1_157' title='bbox 377 1790 537 1864; x_wconf 90' lang='lat' dir='ltr'>concedis,</span> <span class='ocrx_word' id='word_1_158' title='bbox 560 1791 692 1865; x_wconf 87' lang='lat' dir='ltr'>aliquem</span> <span class='ocrx_word' id='word_1_159' title='bbox 708 1791 738 1851; x_wconf 93' lang='lat' dir='ltr'>in</span> <span class='ocrx_word' id='word_1_160' title='bbox 753 1790 894 1851; x_wconf 86' lang='lat' dir='ltr'>maximis</span> <span class='ocrx_word' id='word_1_161' title='bbox 909 1798 940 1851; x_wconf 89' lang='lat' dir='ltr'>et</span> <span class='ocrx_word' id='word_1_162' title='bbox 955 1792 1049 1852; x_wconf 88' lang='lat' dir='ltr'>conti·</span> <span class='ocrx_word' id='word_1_163' title='bbox 1080 1816 1086 1853; x_wconf 83' lang='lat'>.&#39;</span> 
     </span>
     <span class='ocr_line' id='line_1_20' title="bbox 66 1872 1049 1949; baseline -0.003 -16"><span class='ocrx_word' id='word_1_164' title='bbox 66 1872 134 1933; x_wconf 86' lang='lat' dir='ltr'>ouis</span> <span class='ocrx_word' id='word_1_165' title='bbox 157 1872 316 1934; x_wconf 89' lang='lat' dir='ltr'>doloribus</span> <span class='ocrx_word' id='word_1_166' title='bbox 337 1890 398 1934; x_wconf 91' lang='lat' dir='ltr'>non</span> <span class='ocrx_word' id='word_1_167' title='bbox 418 1890 489 1934; x_wconf 88' lang='lat' dir='ltr'>esse</span> <span class='ocrx_word' id='word_1_168' title='bbox 513 1875 673 1949; x_wconf 90' lang='lat' dir='ltr'>miserum,</span> <span class='ocrx_word' id='word_1_169' title='bbox 699 1891 771 1935; x_wconf 91' lang='lat' dir='ltr'>esse</span> <span class='ocrx_word' id='word_1_170' title='bbox 799 1877 890 1935; x_wconf 87' lang='lat' dir='ltr'>etiarn</span> <span class='ocrx_word' id='word_1_171' title='bbox 910 1875 1049 1936; x_wconf 75' lang='lat' dir='ltr'>beatum:</span> 
     </span>
     <span class='ocr_line' id='line_1_21' title="bbox 67 1958 1052 2035; baseline 0.002 -19"><span class='ocrx_word' id='word_1_172' title='bbox 67 1958 151 2032; x_wconf 92' lang='lat' dir='ltr'>quod</span> <span class='ocrx_word' id='word_1_173' title='bbox 166 1958 265 2018; x_wconf 87' lang='lat' dir='ltr'>levius</span> <span class='ocrx_word' id='word_1_174' title='bbox 280 1963 336 2030; x_wconf 88' lang='lat' dir='ltr'>est,</span> <span class='ocrx_word' id='word_1_175' title='bbox 352 1974 463 2031; x_wconf 80' lang='lat' dir='ltr'>negas,</span> <span class='ocrx_word' id='word_1_176' title='bbox 479 1958 689 2018; x_wconf 90' lang='lat' dir='ltr'>beatissimum</span> <span class='ocrx_word' id='word_1_177' title='bbox 704 1975 786 2019; x_wconf 89' lang='lat' dir='ltr'>esse.</span> <span class='ocrx_word' id='word_1_178' title='bbox 809 1959 893 2035; x_wconf 91' lang='lat' dir='ltr'>atqui</span> <span class='ocrx_word' id='word_1_179' title='bbox 908 1958 934 2018; x_wconf 88' lang='lat' dir='ltr'>si</span> <span class='ocrx_word' id='word_1_180' title='bbox 950 1965 1052 2035; x_wconf 90' lang='lat' dir='ltr'>potest</span> 
     </span>
     <span class='ocr_line' id='line_1_22' title="bbox 65 2041 1051 2117; baseline 0.003 -18"><span class='ocrx_word' id='word_1_181' title='bbox 65 2041 162 2101; x_wconf 89' lang='lat' dir='ltr'>virtus</span> <span class='ocrx_word' id='word_1_182' title='bbox 181 2041 321 2115; x_wconf 80' lang='lat' dir='ltr'>efficere,</span> <span class='ocrx_word' id='word_1_183' title='bbox 348 2058 386 2101; x_wconf 91' lang='lat' dir='ltr'>ne</span> <span class='ocrx_word' id='word_1_184' title='bbox 401 2042 494 2101; x_wconf 86' lang='lat' dir='ltr'>miser</span> <span class='ocrx_word' id='word_1_185' title='bbox 509 2041 621 2115; x_wconf 91' lang='lat' dir='ltr'>aliquis</span> <span class='ocrx_word' id='word_1_186' title='bbox 643 2044 697 2114; x_wconf 89' lang='lat' dir='ltr'>sit,</span> <span class='ocrx_word' id='word_1_187' title='bbox 725 2043 843 2103; x_wconf 84' lang='lat' dir='ltr'>facilius</span> <span class='ocrx_word' id='word_1_188' title='bbox 866 2042 993 2117; x_wconf 86' lang='lat' dir='ltr'>alliciet,</span> <span class='ocrx_word' id='word_1_189' title='bbox 1018 2050 1051 2102; x_wconf 90' lang='lat' dir='ltr'>ut</span> 
     </span>
     <span class='ocr_line' id='line_1_23' title="bbox 61 2123 1049 2186; baseline 0.003 -3"><span class='ocrx_word' id='word_1_190' title='bbox 61 2123 262 2185; x_wconf 86' lang='lat' dir='ltr'>¹beatissimus</span> <span class='ocrx_word' id='word_1_191' title='bbox 279 2125 329 2185; x_wconf 90' lang='lat' dir='ltr'>sit.</span> <span class='ocrx_word' id='word_1_192' title='bbox 360 2127 462 2185; x_wconf 91' lang='lat' dir='ltr'>minus</span> <span class='ocrx_word' id='word_1_193' title='bbox 478 2125 559 2185; x_wconf 93' lang='lat' dir='ltr'>enim</span> <span class='ocrx_word' id='word_1_194' title='bbox 573 2124 724 2186; x_wconf 90' lang='lat' dir='ltr'>intervalli</span> <span class='ocrx_word' id='word_1_195' title='bbox 739 2143 757 2186; x_wconf 89' lang='lat' dir='ltr'>a</span> <span class='ocrx_word' id='word_1_196' title='bbox 770 2127 860 2186; x_wconf 90' lang='lat' dir='ltr'>beato</span> <span class='ocrx_word' id='word_1_197' title='bbox 881 2126 921 2186; x_wconf 91' lang='lat' dir='ltr'>ad</span> <span class='ocrx_word' id='word_1_198' title='bbox 937 2126 1049 2186; x_wconf 89' lang='lat' dir='ltr'>beatis-</span> 
     </span>
     <span class='ocr_line' id='line_1_24' title="bbox 66 2207 1049 2284; baseline 0.002 -17"><span class='ocrx_word' id='word_1_199' title='bbox 66 2207 177 2269; x_wconf 89' lang='lat' dir='ltr'>simum</span> <span class='ocrx_word' id='word_1_200' title='bbox 197 2215 294 2268; x_wconf 88' lang='lat' dir='ltr'>restat</span> <span class='ocrx_word' id='word_1_201' title='bbox 312 2226 403 2284; x_wconf 89' lang='lat' dir='ltr'>quam</span> <span class='ocrx_word' id='word_1_202' title='bbox 425 2225 443 2268; x_wconf 91' lang='lat' dir='ltr'>a</span> <span class='ocrx_word' id='word_1_203' title='bbox 464 2208 577 2269; x_wconf 89' lang='lat' dir='ltr'>misero</span> <span class='ocrx_word' id='word_1_204' title='bbox 600 2209 639 2267; x_wconf 91' lang='lat' dir='ltr'>ad</span> <span class='ocrx_word' id='word_1_205' title='bbox 655 2209 793 2269; x_wconf 82' lang='lat' dir='ltr'>beatum:</span> <span class='ocrx_word' id='word_1_206' title='bbox 821 2226 875 2282; x_wconf 90' lang='lat' dir='ltr'>an,</span> <span class='ocrx_word' id='word_1_207' title='bbox 898 2226 1049 2283; x_wconf 89' lang='lat' dir='ltr'>quaeres</span> 
     </span>
     <span class='ocr_line' id='line_1_25' title="bbox 65 2291 1049 2367; baseline 0.001 -15"><span class='ocrx_word' id='word_1_208' title='bbox 65 2299 180 2352; x_wconf 88' lang='lat' dir='ltr'>tantum</span> <span class='ocrx_word' id='word_1_209' title='bbox 196 2293 291 2365; x_wconf 89' lang='lat' dir='ltr'>valet,</span> <span class='ocrx_word' id='word_1_210' title='bbox 306 2300 339 2353; x_wconf 90' lang='lat' dir='ltr'>ut</span> <span class='ocrx_word' id='word_1_211' title='bbox 354 2300 491 2367; x_wconf 88' lang='lat' dir='ltr'>ereptum</span> <span class='ocrx_word' id='word_1_212' title='bbox 506 2291 727 2352; x_wconf 85' lang='lat' dir='ltr'>calamitatibus</span> <span class='ocrx_word' id='word_1_213' title='bbox 743 2292 822 2352; x_wconf 91' lang='lat' dir='ltr'>inter</span> <span class='ocrx_word' id='word_1_214' title='bbox 836 2293 943 2352; x_wconf 93' lang='lat' dir='ltr'>beatos</span> <span class='ocrx_word' id='word_1_215' title='bbox 959 2294 1049 2367; x_wconf 89' lang='lat' dir='ltr'>locet,</span> 
     </span>
     <span class='ocr_line' id='line_1_26' title="bbox 65 2375 1048 2451; baseline -0.001 -16"><span class='ocrx_word' id='word_1_216' title='bbox 65 2391 127 2435; x_wconf 90' lang='lat' dir='ltr'>non</span> <span class='ocrx_word' id='word_1_217' title='bbox 149 2382 252 2451; x_wconf 88' lang='lat' dir='ltr'>potest</span> <span class='ocrx_word' id='word_1_218' title='bbox 272 2377 409 2449; x_wconf 87' lang='lat' dir='ltr'>adicere,</span> <span class='ocrx_word' id='word_1_219' title='bbox 433 2376 516 2450; x_wconf 93' lang='lat' dir='ltr'>quod</span> <span class='ocrx_word' id='word_1_220' title='bbox 540 2383 697 2451; x_wconf 86' lang='lat' dir='ltr'>superest,</span> <span class='ocrx_word' id='word_1_221' title='bbox 725 2384 757 2436; x_wconf 89' lang='lat' dir='ltr'>ut</span> <span class='ocrx_word' id='word_1_222' title='bbox 776 2375 985 2436; x_wconf 90' lang='lat' dir='ltr'>beatissimum</span> <span class='ocrx_word' id='word_1_223' title='bbox 1006 2376 1048 2435; x_wconf 84' lang='lat' dir='ltr'>la-</span> 
     </span>
     <span class='ocr_line' id='line_1_27' title="bbox 66 2453 1094 2520; baseline 0.002 -2"><span class='ocrx_word' id='word_1_224' title='bbox 66 2459 146 2519; x_wconf 78' lang='lat' dir='ltr'>ciatt</span> <span class='ocrx_word' id='word_1_225' title='bbox 172 2459 203 2518; x_wconf 93' lang='lat' dir='ltr'>iu</span> <span class='ocrx_word' id='word_1_226' title='bbox 223 2476 341 2520; x_wconf 88' lang='lat' dir='ltr'>summo</span> <span class='ocrx_word' id='word_1_227' title='bbox 363 2460 466 2520; x_wconf 90' lang='lat' dir='ltr'>deficit</span> <span class='ocrx_word' id='word_1_228' title='bbox 486 2459 587 2520; x_wconf 78' lang='lat' dir='ltr'>clivot</span> <span class='ocrx_word' id='word_1_229' title='bbox 619 2453 786 2520; x_wconf 79' lang='lat' dir='ltr'>Commoda</span> <span class='ocrx_word' id='word_1_230' title='bbox 806 2465 877 2520; x_wconf 92' lang='lat' dir='ltr'>sunt</span> <span class='ocrx_word' id='word_1_231' title='bbox 898 2460 927 2518; x_wconf 93' lang='lat' dir='ltr'>in</span> <span class='ocrx_word' id='word_1_232' title='bbox 943 2458 1006 2519; x_wconf 86' lang='lat' dir='ltr'>vita</span> <span class='ocrx_word' id='word_1_233' title='bbox 1020 2454 1094 2520; x_wconf 64' lang='lat' dir='ltr'>elli</span> 
     </span>
     <span class='ocr_line' id='line_1_28' title="bbox 65 2541 1087 2621; baseline 0.002 -20"><span class='ocrx_word' id='word_1_234' title='bbox 65 2541 275 2616; x_wconf 89' lang='lat' dir='ltr'>incommoda,</span> <span class='ocrx_word' id='word_1_235' title='bbox 293 2551 424 2621; x_wconf 90' lang='lat' dir='ltr'>utraque</span> <span class='ocrx_word' id='word_1_236' title='bbox 439 2551 525 2605; x_wconf 89' lang='lat' dir='ltr'>extra</span> <span class='ocrx_word' id='word_1_237' title='bbox 540 2560 608 2604; x_wconf 92' lang='lat' dir='ltr'>nos.</span> <span class='ocrx_word' id='word_1_238' title='bbox 640 2542 747 2604; x_wconf 88' lang='lat' dir='ltr'>Sinon</span> <span class='ocrx_word' id='word_1_239' title='bbox 764 2552 811 2605; x_wconf 91' lang='lat' dir='ltr'>est</span> <span class='ocrx_word' id='word_1_240' title='bbox 825 2543 918 2603; x_wconf 89' lang='lat' dir='ltr'>miser</span> <span class='ocrx_word' id='word_1_241' title='bbox 932 2543 979 2602; x_wconf 87' lang='lat' dir='ltr'>vir</span> <span class='ocrx_word' id='word_1_242' title='bbox 995 2544 1049 2603; x_wconf 94' lang='lat' dir='ltr'>bo·</span> <span class='ocrx_word' id='word_1_243' title='bbox 1084 2580 1087 2584; x_wconf 33' lang='grc' dir='ltr'><strong>ι</strong></span> 
     </span>
     <span class='ocr_line' id='line_1_29' title="bbox 65 2627 1049 2703; baseline 0.002 -19"><span class='ocrx_word' id='word_1_244' title='bbox 65 2642 141 2702; x_wconf 89' lang='lat' dir='ltr'>nus,</span> <span class='ocrx_word' id='word_1_245' title='bbox 165 2628 306 2702; x_wconf 89' lang='lat' dir='ltr'>quamvis</span> <span class='ocrx_word' id='word_1_246' title='bbox 324 2628 465 2688; x_wconf 89' lang='lat' dir='ltr'>omnibus</span> <span class='ocrx_word' id='word_1_247' title='bbox 483 2636 635 2703; x_wconf 89' lang='lat' dir='ltr'>prematur</span> <span class='ocrx_word' id='word_1_248' title='bbox 648 2627 868 2700; x_wconf 89' lang='lat' dir='ltr'>incommodis,</span> <span class='ocrx_word' id='word_1_249' title='bbox 892 2627 1049 2703; x_wconf 90' lang='lat' dir='ltr'>quomodo</span> 
     </span>
     <span class='ocr_line' id='line_1_30' title="bbox 65 2710 1051 2788; baseline 0 -19"><span class='ocrx_word' id='word_1_250' title='bbox 65 2726 128 2770; x_wconf 92' lang='lat' dir='ltr'>non</span> <span class='ocrx_word' id='word_1_251' title='bbox 154 2719 201 2772; x_wconf 89' lang='lat' dir='ltr'>est</span> <span class='ocrx_word' id='word_1_252' title='bbox 224 2710 438 2785; x_wconf 89' lang='lat' dir='ltr'>beatissimus,</span> <span class='ocrx_word' id='word_1_253' title='bbox 464 2711 492 2771; x_wconf 90' lang='lat' dir='ltr'>si</span> <span class='ocrx_word' id='word_1_254' title='bbox 516 2712 670 2788; x_wconf 87' lang='lat' dir='ltr'>aliquibus</span> <span class='ocrx_word' id='word_1_255' title='bbox 697 2711 866 2773; x_wconf 91' lang='lat' dir='ltr'>commodis</span> <span class='ocrx_word' id='word_1_256' title='bbox 892 2711 1051 2772; x_wconf 71' lang='lat' dir='ltr'>deficitur?</span> 
     </span>
     <span class='ocr_line' id='line_1_31' title="bbox 65 2795 1050 2871; baseline 0.002 -19"><span class='ocrx_word' id='word_1_257' title='bbox 65 2809 135 2854; x_wconf 90' lang='lat' dir='ltr'>nam</span> <span class='ocrx_word' id='word_1_258' title='bbox 151 2795 410 2869; x_wconf 88' lang='lat' dir='ltr'>quemadmodum</span> <span class='ocrx_word' id='word_1_259' title='bbox 432 2795 694 2857; x_wconf 92' lang='lat' dir='ltr'>incommodorum</span> <span class='ocrx_word' id='word_1_260' title='bbox 709 2812 802 2856; x_wconf 89' lang='lat' dir='ltr'>onere</span> <span class='ocrx_word' id='word_1_261' title='bbox 817 2812 918 2871; x_wconf 87' lang='lat' dir='ltr'>usque</span> <span class='ocrx_word' id='word_1_262' title='bbox 933 2796 973 2855; x_wconf 92' lang='lat' dir='ltr'>ad</span> <span class='ocrx_word' id='word_1_263' title='bbox 996 2795 1050 2855; x_wconf 93' lang='lat' dir='ltr'>mi-</span> 
     </span>
     <span class='ocr_line' id='line_1_32' title="bbox 66 2878 1049 2954; baseline 0.001 -18"><span class='ocrx_word' id='word_1_264' title='bbox 66 2892 168 2939; x_wconf 86' lang='lat' dir='ltr'>serum</span> <span class='ocrx_word' id='word_1_265' title='bbox 188 2895 250 2939; x_wconf 94' lang='lat' dir='ltr'>non</span> <span class='ocrx_word' id='word_1_266' title='bbox 273 2879 466 2954; x_wconf 88' lang='lat' dir='ltr'>deprimitur,</span> <span class='ocrx_word' id='word_1_267' title='bbox 489 2879 535 2940; x_wconf 93' lang='lat' dir='ltr'>sic</span> <span class='ocrx_word' id='word_1_268' title='bbox 555 2881 786 2941; x_wconf 86' lang='lat' dir='ltr'>commodorum</span> <span class='ocrx_word' id='word_1_269' title='bbox 801 2878 907 2954; x_wconf 88' lang='lat' dir='ltr'>inopia</span> <span class='ocrx_word' id='word_1_270' title='bbox 920 2896 981 2940; x_wconf 96' lang='lat' dir='ltr'>non</span> <span class='ocrx_word' id='word_1_271' title='bbox 997 2879 1049 2938; x_wconf 89' lang='lat' dir='ltr'>de·</span> 
     </span>
     <span class='ocr_line' id='line_1_33' title="bbox 65 2960 1050 3036; baseline 0.001 -16"><span class='ocrx_word' id='word_1_272' title='bbox 65 2960 188 3023; x_wconf 87' lang='lat' dir='ltr'>ducitur</span> <span class='ocrx_word' id='word_1_273' title='bbox 203 2979 221 3021; x_wconf 92' lang='lat' dir='ltr'>a</span> <span class='ocrx_word' id='word_1_274' title='bbox 237 2962 428 3036; x_wconf 88' lang='lat' dir='ltr'>beatissimo,</span> <span class='ocrx_word' id='word_1_275' title='bbox 443 2964 499 3022; x_wconf 89' lang='lat' dir='ltr'>sed</span> <span class='ocrx_word' id='word_1_276' title='bbox 513 2969 573 3023; x_wconf 85' lang='lat' dir='ltr'>tam</span> <span class='ocrx_word' id='word_1_277' title='bbox 589 2964 656 3023; x_wconf 89' lang='lat' dir='ltr'>sine</span> <span class='ocrx_word' id='word_1_278' title='bbox 672 2962 842 3026; x_wconf 92' lang='lat' dir='ltr'>commodis</span> <span class='ocrx_word' id='word_1_279' title='bbox 853 2963 1050 3024; x_wconf 89' lang='lat' dir='ltr'>beatissimus</span> 
     </span>
     <span class='ocr_line' id='line_1_34' title="bbox 66 3042 1052 3121; baseline -0.001 -18"><span class='ocrx_word' id='word_1_280' title='bbox 66 3051 128 3116; x_wconf 89' lang='lat' dir='ltr'>est,</span> <span class='ocrx_word' id='word_1_281' title='bbox 154 3062 245 3120; x_wconf 91' lang='lat' dir='ltr'>quam</span> <span class='ocrx_word' id='word_1_282' title='bbox 258 3062 320 3108; x_wconf 91' lang='lat' dir='ltr'>non</span> <span class='ocrx_word' id='word_1_283' title='bbox 337 3055 384 3108; x_wconf 92' lang='lat' dir='ltr'>est</span> <span class='ocrx_word' id='word_1_284' title='bbox 400 3046 458 3107; x_wconf 91' lang='lat' dir='ltr'>sub</span> <span class='ocrx_word' id='word_1_285' title='bbox 474 3047 676 3106; x_wconf 92' lang='lat' dir='ltr'>incommodis</span> <span class='ocrx_word' id='word_1_286' title='bbox 695 3048 803 3108; x_wconf 68' lang='lat' dir='ltr'>misera</span> <span class='ocrx_word' id='word_1_287' title='bbox 826 3053 878 3106; x_wconf 91' lang='lat' dir='ltr'>aut</span> <span class='ocrx_word' id='word_1_288' title='bbox 893 3052 994 3121; x_wconf 90' lang='lat' dir='ltr'>potest</span> <span class='ocrx_word' id='word_1_289' title='bbox 1008 3042 1052 3103; x_wconf 92' lang='lat' dir='ltr'>illi</span> 
     </span>
     <span class='ocr_line' id='line_1_35' title="bbox 65 3128 1093 3205; baseline 0 -20"><span class='ocrx_word' id='word_1_290' title='bbox 65 3128 142 3203; x_wconf 88' lang='lat' dir='ltr'>eripi</span> <span class='ocrx_word' id='word_1_291' title='bbox 156 3129 270 3189; x_wconf 90' lang='lat' dir='ltr'>bouum</span> <span class='ocrx_word' id='word_1_292' title='bbox 287 3146 391 3205; x_wconf 88' lang='lat' dir='ltr'>suum,</span> <span class='ocrx_word' id='word_1_293' title='bbox 412 3130 439 3190; x_wconf 89' lang='lat' dir='ltr'>si</span> <span class='ocrx_word' id='word_1_294' title='bbox 460 3136 564 3204; x_wconf 87' lang='lat' dir='ltr'>potest</span> <span class='ocrx_word' id='word_1_295' title='bbox 582 3129 684 3190; x_wconf 92' lang='lat' dir='ltr'>minui.</span> <span class='ocrx_word' id='word_1_296' title='bbox 716 3130 810 3190; x_wconf 86' lang='lat' dir='ltr'>Paulo</span> <span class='ocrx_word' id='word_1_297' title='bbox 825 3136 895 3189; x_wconf 90' lang='lat' dir='ltr'>ante</span> <span class='ocrx_word' id='word_1_298' title='bbox 911 3128 1050 3187; x_wconf 89' lang='lat' dir='ltr'>dicebam</span> <span class='ocrx_word' id='word_1_299' title='bbox 1060 3141 1093 3198; x_wconf 70' lang='lat'>17</span> 
     </span>
     <span class='ocr_line' id='line_1_36' title="bbox 64 3209 1050 3286; baseline -0.002 -16"><span class='ocrx_word' id='word_1_300' title='bbox 64 3209 230 3286; x_wconf 81' lang='lat' dir='ltr'>igniculum</span> <span class='ocrx_word' id='word_1_301' title='bbox 244 3213 317 3272; x_wconf 87' lang='lat' dir='ltr'>nilril</span> <span class='ocrx_word' id='word_1_302' title='bbox 333 3214 473 3273; x_wconf 89' lang='lat' dir='ltr'>conlerre</span> <span class='ocrx_word' id='word_1_303' title='bbox 493 3214 598 3273; x_wconf 91' lang='lat' dir='ltr'>lumini</span> <span class='ocrx_word' id='word_1_304' title='bbox 614 3213 699 3273; x_wconf 91' lang='lat' dir='ltr'>solis.</span> <span class='ocrx_word' id='word_1_305' title='bbox 737 3213 872 3272; x_wconf 89' lang='lat' dir='ltr'>claritate</span> <span class='ocrx_word' id='word_1_306' title='bbox 889 3211 968 3271; x_wconf 91' lang='lat' dir='ltr'>enim</span> <span class='ocrx_word' id='word_1_307' title='bbox 983 3210 1050 3269; x_wconf 90' lang='lat' dir='ltr'>eius</span> 
     </span>
     <span class='ocr_line' id='line_1_37' title="bbox 65 3294 1050 3371; baseline -0.004 -17"><span class='ocrx_word' id='word_1_308' title='bbox 65 3295 213 3371; x_wconf 92' lang='lat' dir='ltr'>quicquid</span> <span class='ocrx_word' id='word_1_309' title='bbox 235 3297 302 3357; x_wconf 88' lang='lat' dir='ltr'>sine</span> <span class='ocrx_word' id='word_1_310' title='bbox 322 3297 373 3358; x_wconf 94' lang='lat' dir='ltr'>illo</span> <span class='ocrx_word' id='word_1_311' title='bbox 396 3298 527 3370; x_wconf 88' lang='lat' dir='ltr'>luceret,</span> <span class='ocrx_word' id='word_1_312' title='bbox 551 3296 757 3357; x_wconf 90' lang='lat' dir='ltr'>absconditur.</span> <span class='ocrx_word' id='word_1_313' title='bbox 791 3294 874 3368; x_wconf 89' lang='lat' dir='ltr'>„Sed</span> <span class='ocrx_word' id='word_1_314' title='bbox 889 3294 1050 3369; x_wconf 88' lang='lat' dir='ltr'>quaedam,</span> 
     </span>
     <span class='ocr_line' id='line_1_38' title="bbox 64 3377 1052 3456; baseline 0 -19"><span class='ocrx_word' id='word_1_315' title='bbox 64 3378 177 3456; x_wconf 91' lang='lat' dir='ltr'>inquit,</span> <span class='ocrx_word' id='word_1_316' title='bbox 204 3381 264 3441; x_wconf 92' lang='lat' dir='ltr'>soli</span> <span class='ocrx_word' id='word_1_317' title='bbox 285 3396 411 3456; x_wconf 90' lang='lat' dir='ltr'>quoque</span> <span class='ocrx_word' id='word_1_318' title='bbox 432 3382 585 3454; x_wconf 84' lang='lat' dir='ltr'>[obstant.“</span> <span class='ocrx_word' id='word_1_319' title='bbox 614 3379 653 3439; x_wconf 84' lang='lat' dir='ltr'>At</span> <span class='ocrx_word' id='word_1_320' title='bbox 664 3383 734 3440; x_wconf 80' lang='lat' dir='ltr'>solis</span> <span class='ocrx_word' id='word_1_321' title='bbox 747 3381 791 3439; x_wconf 82' lang='lat' dir='ltr'>vis</span> <span class='ocrx_word' id='word_1_322' title='bbox 804 3385 833 3439; x_wconf 83' lang='lat' dir='ltr'>ct</span> <span class='ocrx_word' id='word_1_323' title='bbox 844 3383 910 3450; x_wconf 80' lang='lat' dir='ltr'>lox]</span> <span class='ocrx_word' id='word_1_324' title='bbox 932 3377 1052 3450; x_wconf 81' lang='lat' dir='ltr'>integra</span> 
     </span>
     <span class='ocr_line' id='line_1_39' title="bbox 64 3461 1050 3539; baseline -0.003 -16"><span class='ocrx_word' id='word_1_325' title='bbox 64 3471 113 3523; x_wconf 90' lang='lat' dir='ltr'>est</span> <span class='ocrx_word' id='word_1_326' title='bbox 133 3465 224 3525; x_wconf 88' lang='lat' dir='ltr'>etiam</span> <span class='ocrx_word' id='word_1_327' title='bbox 244 3464 322 3524; x_wconf 86' lang='lat' dir='ltr'>inter</span> <span class='ocrx_word' id='word_1_328' title='bbox 344 3464 488 3538; x_wconf 90' lang='lat' dir='ltr'>obposita</span> <span class='ocrx_word' id='word_1_329' title='bbox 508 3472 553 3537; x_wconf 90' lang='lat' dir='ltr'>et,</span> <span class='ocrx_word' id='word_1_330' title='bbox 574 3462 715 3539; x_wconf 91' lang='lat' dir='ltr'>quamvis</span> <span class='ocrx_word' id='word_1_331' title='bbox 732 3463 847 3537; x_wconf 91' lang='lat' dir='ltr'>aliquid</span> <span class='ocrx_word' id='word_1_332' title='bbox 862 3461 1050 3534; x_wconf 85' lang='lat' dir='ltr'>interiaceat,</span> 
     </span>
    </p>
   </div>
   <div class='ocr_carea' id='block_1_3' title="bbox 0 0 1238 3930">
    <p class='ocr_par' dir='ltr' id='par_1_3' title="bbox 0 0 1238 3930">
     <span class='ocr_line' id='line_1_40' title="bbox 0 0 1238 3930; baseline 0 0"><span class='ocrx_word' id='word_1_333' title='bbox 0 0 1238 3930; x_wconf 95' lang='lat' dir='ltr'> </span> 
     </span>
    </p>
   </div>
  </div>
 </body>
</html>
