2468 3930
273 210 443 271 EPISTUL.
458 210 552 272 Mon.
573 211 645 272 LIB.
661 211 698 270 Π.
720 211 776 271 ΕΡ.
792 220 818 276 t.
838 216 909 286 (19.)
1036 211 1077 277 ll

99 362 254 434 summi
270 369 399 438 potes,
422 361 724 423 subducteistis
740 363 1077 439 occupationibus.

101 448 134 508 si
160 447 301 519 minus,
331 445 450 521 eripe.
479 447 554 505 satis
574 447 700 507 multum
722 447 869 522 temporis
891 449 1078 522 sparsimus:

99 530 283 605 incipiamus
297 545 374 588 vasu
389 530 419 588 in
436 536 593 590 senectute
608 530 760 604 colligere.
780 531 933 607 Numquid
949 532 1106 600 lnvidlo⁴n

102 631 171 676 sunt
196 621 263 674 cstt
292 615 323 672 in
345 613 421 671 lreto
440 612 588 685 viximus,
615 613 779 674 moriamur
800 615 831 674 in
849 622 948 691 portu.
977 631 1078 692 neque

101 714 160 773 ego
181 698 333 759 suaserim
355 695 406 756 tibi
425 712 537 756 nomen
564 711 603 755 cx
625 696 686 757 otio
709 706 829 772 petere,
855 700 939 774 quod
962 715 1020 759 nec
1035 701 1078 760 ia·

100 789 185 843 ctare
200 781 296 841 debes
310 794 368 838 nec
382 780 584 840 abscondere.
606 798 770 856 numquam
785 783 865 842 enirn
880 799 981 859 usque
996 798 1033 843 eo
1050 792 1078 845 te

99 865 221 940 abigam
241 863 363 938 generis
380 862 502 923 humani
522 865 626 925 furore
641 865 799 940 damnato,
819 863 853 927 ut
867 867 1011 927 latebram
1025 868 1079 928 tibi

100 947 235 1023 aliquam
257 946 360 1022 parari
380 946 534 1008 oblivione
552 949 659 1007 velim:
683 949 714 1008 id
735 964 806 1024 age,
828 957 862 1010 ut
882 952 975 1011 otium
996 960 1078 1012 tuum

101 1049 161 1093 non
179 1032 326 1105 emineat,
341 1030 399 1090 sed
409 1031 565 1106 adpareat.
588 1032 705 1092 Deinde
716 1033 862 1093 videbunt
873 1033 996 1108 deisto,
1012 1036 1107 1110 qui-3

100 1116 158 1177 bus
176 1116 296 1190 integra
316 1121 386 1174 sunt
407 1122 437 1174 et
456 1113 555 1189 prima
574 1115 718 1186 consilia,
741 1132 779 1174 an
802 1116 895 1175 velint
909 1117 1001 1177 vitam
1022 1134 1078 1192 per

100 1200 267 1261 obscurum
284 1199 503 1259 transmittere:
532 1197 585 1258 tibi
602 1197 729 1258 liberum
744 1207 882 1260 nonest:
900 1201 930 1258 in
944 1200 1078 1260 medium

99 1291 129 1344 le
149 1282 274 1360 protulit
291 1282 404 1356 ingenii
421 1282 523 1357 vigor,
545 1282 729 1357 scriptorum
746 1284 912 1357 elegantia,
933 1284 1033 1342 clarae
1048 1291 1079 1345 et
1099 1328 1102 1333 ,

101 1367 220 1428 nobiles
241 1364 401 1426 amicitiae.
429 1365 489 1425 iam
508 1366 614 1427 notitia
634 1373 664 1427 te
684 1365 805 1428 invasit.
837 1367 920 1427 utin
942 1375 1079 1427 extrema

100 1451 250 1526 mergaris
272 1465 309 1510 ac
332 1449 454 1524 penitus
474 1450 667 1524 recondaris,
689 1457 790 1512 tamen
811 1450 914 1526 priora
927 1457 1078 1512 monstra·

99 1535 183 1596 bunt.
205 1534 361 1593 Tenebras
376 1533 491 1593 habere
507 1550 569 1594 non
585 1542 684 1609 potes.
707 1542 865 1611 sequetur,
883 1538 1107 1612 quocumquel

100 1617 232 1692 fugeris,
247 1619 373 1677 multum
390 1617 538 1692 pristinae
551 1617 646 1678 lucis:
669 1617 802 1693 quietem
817 1627 906 1694 potes
920 1619 1078 1680 vindicare

100 1703 168 1762 sine
183 1700 338 1761 desiderio
354 1709 406 1761 aut
419 1717 526 1762 morsu
538 1701 630 1762 animi
646 1702 697 1763 tui.
724 1702 803 1776 Quid
817 1704 897 1763 enirn
911 1704 1077 1778 relinques,

102 1785 187 1860 quod
211 1783 325 1845 invitus
346 1786 485 1845 relictum
514 1792 586 1845 ate
611 1788 715 1861 possis
741 1786 896 1862 cogitaret
931 1788 1079 1847 clientes?

101 1885 232 1945 quorum
245 1883 333 1928 nerno
348 1877 379 1928 te
394 1871 496 1944 ipsum
511 1869 662 1945 sequitur,
677 1872 735 1930 sed
750 1869 865 1946 aliquid
884 1886 924 1930 ex
937 1878 976 1931 te.
993 1871 1077 1948 [ami-

103 1958 197 2026 cost]
221 1952 352 2012 amicitia
374 1952 445 2013 clim
466 1950 640 2028 petebatur,
661 1969 742 2014 nunc
765 1955 895 2029 praeda:
918 1954 1078 2014 mutabunt

100 2042 282 2097 testamenta
297 2036 432 2097 destituti
450 2052 553 2097 senes.
582 2038 723 2113 migrabit
736 2039 776 2098 ad
791 2039 874 2098 aliud
889 2038 980 2099 limen
996 2038 1078 2099 salu·

100 2127 190 2181 tator.
216 2119 283 2180 Non
306 2127 409 2195 potest
428 2137 525 2196 parvo
544 2137 594 2182 res
616 2137 727 2196 magna
751 2130 909 2183 constare:
939 2122 1076 2194 aestima,

99 2211 201 2264 utrum
215 2211 246 2263 te
260 2205 433 2280 relinquere
447 2220 487 2264 an
502 2204 617 2280 aliquid
632 2205 671 2265 ex
685 2205 745 2265 tuis
760 2205 858 2266 malis.
876 2205 997 2266 Utinam
1014 2205 1107 2281 qui-5

100 2288 171 2348 dem
186 2287 239 2347 tibi
255 2303 420 2348 senescere
434 2288 614 2364 contigisset
626 2289 705 2349 intra
719 2288 863 2350 natalium
877 2295 999 2349 tuorum
1013 2304 1077 2347 mo-

100 2372 189 2443 durn,
214 2386 272 2431 nec
286 2380 317 2432 te
336 2370 367 2431 in
388 2373 480 2432 altum
502 2374 622 2433 fortuna
641 2371 789 2432 misisset:
818 2372 885 2432 tulit
903 2379 934 2431 tc
953 2372 1078 2445 longea

100 2461 273 2530 conspectu
297 2454 377 2516 vitae
402 2455 532 2516 salubris
558 2455 668 2531 rapida
692 2454 834 2528 felicitas,
864 2454 1023 2530 provincia
1048 2463 1078 2513 et

100 2539 286 2614 procuratio,
298 2545 328 2599 et
340 2537 486 2615 quicquid
499 2541 537 2600 ab
548 2540 615 2600 istis
627 2539 821 2615 promittitur:
838 2537 955 2599 maiora
967 2535 1078 2597 deinde

100 2623 204 2684 ollicla
219 2629 250 2682 te
264 2623 416 2698 excipient
432 2632 515 2684 etex
530 2625 597 2683 aliis
612 2624 679 2683 alia.
708 2622 781 2696 Quis
795 2624 896 2684 exitus
909 2623 984 2683 erit?
1006 2619 1108 2697 quid6

101 2712 302 2781 [estpectas,
323 2707 423 2768 donec
436 2707 583 2767 desinas?
604 2707 732 2780 habere,
755 2708 837 2783 quod
853 2707 976 2795 cupias,
992 2722 1077 2766 num-

101 2805 194 2864 quarn
206 2789 263 2849 crit
273 2797 404 2865 tempus.
426 2791 551 2865 Qualem
563 2790 691 2851 dicimus
703 2792 813 2852 seriem
824 2807 896 2852 esse
907 2805 1078 2860 causarum,

101 2871 271 2948 exquibus
287 2875 415 2934 nectitur
430 2876 539 2948 latum,
560 2877 651 2935 talem
663 2890 735 2935 esse
747 2875 960 2951 cupiditatum:
985 2875 1080 2934 altera

100 2972 141 3016 ex
151 2957 215 3017 fine
225 2957 350 3018 alterius
365 2959 515 3019 nascitur:
537 2959 567 3017 in
583 2975 649 3019 earn
664 2959 819 3020 demissus
832 2975 866 3019 es
877 2960 978 3031 vitam,
1000 2971 1081 3032 quae

101 3055 269 3116 numquam
290 3039 344 3102 tibi
370 3043 528 3103 terminum
554 3043 742 3103 miseriarum
768 3059 805 3103 ac
830 3042 984 3103 servitutis
1009 3043 1080 3114 ipsa

101 3124 221 3185 lactura
242 3124 291 3184 sit·
327 3123 453 3186 Subduc
477 3127 626 3186 cervicem
652 3128 723 3202 lugo
743 3128 856 3188 tritam:
880 3127 975 3187 semel
998 3123 1078 3181 illam

100 3206 194 3268 incidi
216 3223 309 3284 quam
326 3223 449 3284 semper
470 3209 566 3284 premi
588 3209 684 3270 satius
709 3216 765 3270 est.
802 3208 834 3271 Si
856 3216 886 3269 te
907 3209 946 3268 ad
962 3207 1108 3281 puvatat

100 3289 259 3364 retuleris,
280 3292 398 3352 uinora
411 3301 498 3354 erunt
514 3292 631 3367 omnia,
653 3294 710 3354 sed
725 3292 839 3353 affatim
854 3291 1026 3368 inplebant:
1049 3295 1080 3348 nt

102 3390 183 3435 nunc
198 3376 329 3451 plurimu
348 3383 378 3436 et
398 3376 534 3452 undique
554 3376 674 3452 ingesta
686 3393 748 3437 non
764 3375 884 3436 satiant.
912 3381 1013 3435 utrum
1026 3389 1079 3434 au-

101 3465 162 3518 tern
182 3460 281 3520 mavis
303 3475 343 3520 ex
363 3460 468 3535 inopia
488 3463 675 3522 saluritatem
690 3477 729 3520 an
750 3461 780 3520 in
796 3461 886 3536 copia
900 3460 1029 3522 lamemt
1050 3463 1080 3516 et
