2468 3930
181 196 339 258 ERMOR.
351 195 507 256 tinnit.
521 194 610 258 Eis.
622 195 839 272 (titt-xx.
851 206 876 258 1.
888 202 977 272 (118.)
1018 195 1080 261 391

98 355 226 434 possitus
248 366 305 410 sua
320 348 416 409 satius
431 353 479 407 est
492 347 574 406 ntala
592 363 683 422 quam
698 346 797 408 aliena
810 354 955 422 tractare,
978 362 1013 408 se
1028 364 1080 409 ex·

102 443 207 496 cutere
231 441 262 494 et
283 432 403 506 videre,
425 448 517 506 quam
538 432 696 491 multarum
716 447 819 491 rerum
834 431 1017 492 candidatus
1032 433 1081 510 sit,

99 529 133 580 et
148 536 208 580 non
224 517 398 590 suffragari.
443 517 509 575 Hoc
524 524 586 590 cst,
601 515 642 574 mi
656 516 760 588 Lucili,
777 516 942 591 egregium,
958 516 1018 576 boc
1033 525 1109 579 stt-3

100 619 207 663 curum
231 618 266 662 ac
287 601 428 674 liberum,
453 599 527 658 nihil
547 606 652 674 petere
673 606 702 660 et
720 607 785 659 tota
804 601 944 660 fortunae
959 599 1082 661 comitia

101 687 242 746 transire.
276 701 366 761 quarn
393 691 484 759 putas
506 698 578 744 esse
597 683 765 744 iucundum
787 683 926 745 tribubus
952 685 1080 760 vocatis,

100 787 169 830 oum
192 768 345 830 candidati
365 767 395 827 in
411 767 532 844 templis
554 767 619 828 suis
634 767 790 844 pendeant
804 775 833 828 et
847 769 924 828 alius
938 785 1081 830 nummos
1157 831 1159 834 ,

101 853 285 929 pronuntiet,
301 854 378 913 alius
395 868 451 928 per
465 858 656 926 sequestrem
669 858 748 927 agat
763 853 843 912 alius
854 868 959 912 eorum
971 869 1081 914 manus

99 938 216 999 osculis
230 944 375 1009 conterat,
393 935 505 1012 quibus
519 936 696 1010 designatus
710 934 943 1010 contingendam
958 951 1081 998 manum

101 1029 268 1096 negaturus
291 1028 353 1092 est,
376 1036 483 1080 omnes
505 1016 631 1080 adtoniti
652 1035 761 1079 vocem
783 1020 945 1094 praeconis
969 1036 1080 1095 exspe-

100 1115 194 1179 ctent,
212 1115 293 1167 stare
308 1106 441 1165 otiosum
455 1111 485 1163 ct
499 1112 642 1178 spectare
654 1104 725 1164 ilios
738 1102 892 1164 nundinas
907 1119 964 1163 nec
979 1119 1081 1164 emen·

100 1200 162 1252 tem
178 1191 342 1266 quicquam
356 1205 413 1249 nec
426 1188 628 1248 vendentem?
648 1187 766 1262 Quanto
778 1187 828 1248 hic
839 1187 955 1248 maiore
969 1188 1113 1262 gaudini

101 1275 223 1347 inuitur,
247 1275 298 1348 qui
313 1290 375 1334 non
391 1273 545 1347 praetoria
559 1279 613 1333 aut
627 1269 803 1332 consularia
816 1272 938 1333 comitia
952 1286 1081 1333 securus

102 1360 243 1430 intuetur,
259 1358 314 1417 sed
329 1373 441 1432 magne
451 1356 511 1431 illa
525 1357 555 1415 in
572 1355 682 1432 quibus
695 1356 744 1417 aiii
757 1356 892 1417 honores
906 1356 1081 1417 anniversa·

102 1443 164 1502 rios
181 1449 301 1516 petunt,
318 1442 367 1501 aiii
387 1448 551 1516 perpetuas
567 1448 744 1515 potestates,
760 1440 810 1500 alii
824 1440 973 1501 beliorum
989 1455 1080 1500 even·

101 1534 151 1587 tus
164 1540 334 1602 prosperos
347 1525 595 1600 triumphosque,
611 1525 662 1585 ulii
679 1525 810 1599 divitias,
826 1525 877 1584 aiii
892 1524 1083 1584 matrimonia

101 1626 138 1670 ac
156 1609 285 1684 liberos,
306 1609 356 1668 alii
379 1609 507 1669 satutem
523 1624 612 1669 suam
632 1615 835 1684 suorumque!
867 1609 972 1684 quanti
991 1608 1082 1668 animi

101 1710 153 1754 res
178 1700 226 1754 est
251 1696 350 1754 solum
375 1693 447 1753 nihii
472 1701 594 1769 petere,
619 1694 692 1753 nulii
717 1693 893 1769 supplicare
913 1701 943 1753 ct
965 1693 1081 1752 dicerer

101 1778 196 1853 „nihil
218 1778 290 1837 mihi
309 1785 424 1852 tecum,
451 1778 584 1838 fortuna.
612 1794 674 1838 non
698 1777 777 1838 rocio
799 1777 858 1836 mei
877 1777 931 1838 tibi
951 1777 1081 1853 copiam.

102 1864 168 1923 scio
184 1862 268 1936 apud
283 1869 313 1921 te
327 1861 459 1923 Catones
473 1862 596 1937 repelli,
617 1859 758 1922 Vatinios
779 1861 855 1922 fieri.
885 1861 960 1921 nihii
972 1864 1082 1936 rogo.“

102 1946 161 2006 hoc
183 1952 231 2006 est
251 1946 400 2020 privatam
422 1947 523 2006 iacere
543 1946 704 2006 fortunam.
748 1945 833 2006 Licet
853 1961 926 2020 ergo
940 1945 1017 2006 haec
1036 1946 1109 2008 ἰπὶ-5

103 2032 200 2090 vicem
216 2031 351 2091 scribere
367 2037 396 2090 et
406 2029 486 2090 hanc
497 2030 642 2105 integram
654 2045 779 2106 semper
788 2044 915 2102 egerere
926 2030 1083 2089 materiam

102 2112 418 2189 circumspicientibus
432 2121 477 2174 tot
492 2115 573 2173 milia
586 2113 741 2175 bominum
758 2113 901 2187 inquieta,
918 2113 969 2187 qui
985 2120 1015 2173 ut
1029 2114 1082 2172 ali·

104 2199 178 2273 quid
199 2197 336 2274 pestiferi
352 2205 595 2273 consequantur,
615 2214 671 2273 per
684 2198 764 2257 mala
778 2196 912 2257 nituntur
926 2197 957 2255 in
970 2198 1083 2256 malum

104 2291 272 2360 petuntque
286 2298 359 2342 mox
376 2282 520 2357 fugienda
535 2280 691 2340 autetiam
713 2279 904 2340 fastidienda.
933 2278 983 2339 cui
1004 2280 1109 2341 enimd

103 2367 252 2427 edsecuto
268 2366 426 2439 satisfuit,
449 2366 533 2441 quod
548 2366 664 2440 optanti
678 2365 801 2424 nimium
817 2363 1000 2423 videbatur?
1021 2377 1083 2422 non

103 2458 168 2524 est,
185 2459 218 2511 ut
235 2448 409 2510 existimant
427 2451 583 2523 homines,
604 2449 696 2525 uvida
718 2447 861 2520 ieiicitas‚
878 2446 936 2505 sed
957 2447 1082 2522 pusiilus

103 2532 206 2609 itaque
221 2535 371 2595 neminem
387 2535 485 2595 satiat.
512 2536 556 2594 Tu
571 2533 632 2594 ista
641 2533 744 2592 credis
755 2531 888 2604 excelse,
905 2528 978 2604 quia
992 2531 1084 2602 longe

100 2619 141 2677 ab
156 2619 215 2678 iliis
231 2620 329 2680 iaces:
352 2620 380 2679 ei
395 2635 485 2694 vero,
507 2619 559 2693 qui
574 2617 614 2678 ad
629 2618 680 2676 ille
693 2615 847 2692 pervenit,
863 2614 988 2674 humilia
1003 2619 1083 2674 sunt

102 2703 247 2774 mentior,
274 2704 332 2762 nisi
354 2704 456 2764 adhuc
476 2703 595 2779 quaerit
614 2703 798 2762 escenderet
826 2699 920 2773 istuc,
947 2699 1031 2774 quod
1050 2705 1084 2758 tu

102 2801 254 2846 summum
275 2795 380 2861 putas,
404 2788 520 2863 gradus
542 2794 600 2848 est.
645 2785 757 2846 Omnes
778 2790 879 2845 autem
895 2783 973 2843 maie
992 2783 1111 2850 habett

103 2867 274 2941 ignorantia
294 2871 367 2929 veri.
394 2879 549 2946 tamquam
571 2872 611 2931 ad
630 2871 712 2932 bona
733 2871 870 2930 teruntur
891 2869 1012 2944 decepti
1033 2883 1084 2926 ru·

102 2949 257 3009 moribus=
286 2951 397 3013 deinde
416 2956 496 3016 mala
516 2971 587 3015 esse
605 2962 658 3015 aut
671 2955 776 3014 inania
789 2960 841 3014 aut
856 2952 976 3012 minora
992 2966 1084 3026 quam

102 3034 305 3109 speraverint,
323 3035 426 3111 adepti
439 3053 477 3097 ac
492 3041 585 3099 muita
600 3039 686 3114 pessi
700 3039 814 3098 vident.
837 3035 996 3109 maiorque
1011 3049 1084 3108 pars

102 3119 230 3179 miratur
250 3134 289 3176 ex
307 3119 464 3181 intervallo
488 3122 622 3182 salientia
641 3128 671 3181 et
684 3122 776 3195 volgo
792 3121 874 3180 bona
895 3134 950 3192 pro
966 3115 1084 3191 magnis

102 3210 184 3263 sunt.
206 3202 273 3261 Hoc
288 3218 326 3262 ne
341 3202 431 3263 nobis
446 3220 571 3280 quoque
582 3203 711 3278 eveniat,
727 3217 975 3278 quaeramus,
992 3198 1114 3275 quide

104 3288 157 3346 sit
183 3286 330 3347 bonum.
375 3288 468 3347 Varia
493 3287 561 3347 eius
584 3287 792 3363 interpretatio
813 3286 882 3346 fuit:
908 3284 986 3345 alius
1011 3284 1085 3344 iilud

103 3372 189 3430 aliter
203 3371 366 3446 expressit.
393 3371 518 3446 quidam
532 3371 574 3432 ita
587 3370 709 3432 finiunti
730 3371 864 3444 „bonum
878 3376 926 3429 est
943 3368 1025 3442 quod
1040 3368 1084 3426 in·

103 3455 177 3516 vitat
191 3457 324 3530 animos,
348 3455 432 3532 quod
446 3456 486 3516 ad
501 3471 537 3517 se
550 3461 672 3517 vocat.“
699 3455 771 3516 huic
790 3453 892 3516 stetim
906 3451 1084 3528 obponiturt
