2468 3930
135 253 176 318 12
422 252 456 315 L.
476 249 622 310 ANNAEI
643 248 818 310 SENECAE

129 419 163 463 re
175 403 393 479 adquiescantz
415 406 521 461 contra
535 407 591 461 εει.
620 399 767 475 quicquid
784 407 854 460 ante
869 407 1035 475 pugnatum
1051 408 1108 476 est,

130 485 341 547 misericordia
367 481 432 544 luit.
467 499 549 543 nunc
576 481 701 543 omissis
721 483 811 557 nugis
835 499 919 543 mera
943 485 1111 544 homicidia

130 576 210 630 sunt.
242 567 316 628 nihil
335 567 449 627 habent
465 583 525 641 quo
541 573 690 640 tegantur.
722 566 763 626 ad
776 567 868 627 ictum
883 567 955 628 totis
971 568 1109 643 corpori-

101 654 189 714 rbus
210 651 344 727 expositi
359 666 523 725 numquam
538 649 651 709 trustra
664 665 786 709 manum
800 650 927 710 mittunt.
960 651 1028 712 Hoc
1043 652 1109 726 ple-

129 736 217 811 rique
229 733 390 794 ordinariis
403 732 527 808 paribus
539 738 569 792 et
580 732 780 807 postulaticiis
793 733 979 808 praeierunt.
1002 732 1111 810 quidni

131 820 327 895 praeferant?
347 833 408 877 non
423 817 525 891 galea,
544 831 605 875 non
621 823 708 877 scuto
722 816 879 891 repellitur
894 816 1016 878 ferrum.
1046 833 1109 894 quo

130 903 337 962 munimenta?
365 916 426 975 quo
448 905 551 960 artest
580 900 682 959 omnia
702 901 761 959 ista
781 900 886 960 mortis
906 916 1011 962 morae
1027 909 1108 962 sunt.

131 986 221 1045 illane
242 985 382 1045 leonibus
404 991 434 1044 ει
453 983 535 1043 ursis
557 983 711 1055 homines,
734 982 861 1043 meridie
883 983 1110 1060 spectatoribus

133 1069 197 1130 suis
213 1066 393 1129 obiciuntur.
422 1066 634 1129 interfectores
650 1067 852 1127 interfecturis
866 1067 977 1128 iubent¹
985 1068 1065 1129 obici
1079 1075 1111 1128 et

131 1153 277 1213 victorem
300 1149 331 1210 in
353 1151 442 1211 aliam
463 1149 598 1211 detinent
617 1149 763 1210 caedcm=
790 1149 890 1210 exitus
911 1150 1109 1227 pugnantium

131 1253 214 1297 mors
228 1243 284 1296 cst.
308 1236 388 1296 ferro
404 1243 435 1295 ει
448 1235 519 1309 igne
532 1249 583 1294 res
598 1235 721 1308 geritur.
756 1233 841 1293 Haec
856 1233 947 1308 fiunt,
970 1235 1043 1295 dum
1057 1251 1111 1300 va·

103 1327 180 1381 scat
196 1334 297 1381 arena.
336 1319 398 1379 Sed
415 1315 604 1379 latrocinium
626 1318 698 1377 lecit
716 1317 842 1390 aliquis=
868 1317 941 1391 quid
957 1333 1030 1392 ergo
1046 1333 1110 1377 me·

131 1405 204 1476 ruit,
227 1409 261 1463 ut
275 1401 504 1476 suspenderunt
536 1399 677 1474 „Occidit
688 1400 873 1460 hominem.“
908 1400 984 1474 Quia
999 1399 1111 1464 oceidit

132 1488 198 1557 ille,
221 1486 330 1545 meruit
350 1491 383 1545 ut
403 1484 463 1544 hoe
479 1489 646 1558 pateremur
668 1490 701 1543 tu
718 1484 790 1558 quid
806 1484 942 1544 meruisti
955 1486 1057 1559 miser,
1078 1491 1110 1544 ut

132 1569 192 1628 hoe
210 1574 355 1642 spectes?
382 1564 526 1641 „oecide,
548 1567 693 1639 verbera,
717 1573 786 1626 ure!
814 1583 910 1643 quare
924 1575 986 1628 tarn
1005 1567 1110 1629 timida

132 1652 256 1713 incurrit
270 1653 301 1709 in
316 1651 450 1711 ierrumt
471 1666 566 1725 quare
581 1666 687 1725 parurn
702 1650 848 1710 audacter
863 1650 996 1712 occiditt
1016 1666 1110 1727 quare

133 1751 241 1810 parum
257 1733 385 1795 libenter
400 1735 525 1811 moritur
532 1738 565 1792 t“
586 1734 687 1809 Plagis
702 1733 801 1809 agitur
815 1736 844 1794 in
860 1735 1002 1794 volueras
1024 1750 1110 1807 „mu-

133 1827 204 1880 tuos
227 1818 305 1879 ictus
326 1818 416 1878 nudis
438 1826 468 1878 ει
480 1817 587 1898 „obviis
602 1816 779 1894 pectoribus
797 1818 981 1894 excipiant.“
1015 1818 1109 1878 Inter·

133 1900 262 1962 missum
282 1909 330 1961 est
352 1902 575 1976 spectaculum=
604 1901 742 1975 „interim
766 1902 938 1976 iugulentur
960 1901 1110 1974 homines,

134 2001 174 2045 ne
188 1984 260 2046 nihil
276 1988 413 2060 agatur.“
451 1987 533 2059 Age,
555 2000 594 2044 ne
613 1984 674 2046 hoc
688 1985 811 2060 quidem
826 1985 1012 2060 intellegitis,
1031 1986 1111 2044 mala

135 2070 277 2144 exempla
290 2067 320 2127 in
336 2084 391 2129 eos
405 2069 592 2144 redundare,
614 2069 667 2144 qui
682 2069 817 2129 iaciuntt
837 2068 927 2143 Agite
939 2069 987 2128 dis
997 2066 1109 2128 inmor·
1125 2075 1128 2080 ’

135 2152 246 2212 talibus
262 2151 389 2227 gratias,
406 2153 490 2227 quod
505 2168 574 2212 eum
586 2152 702 2217 docetis
714 2167 786 2220 esse
798 2153 968 2227 crudelem,
986 2153 1110 2227 quinon

107 2243 236 2312 opotest
250 2237 379 2296 discere.
414 2234 639 2296 Subducendus
654 2237 771 2310 populo
786 2243 834 2296 est
849 2244 932 2296 tener
946 2234 1067 2295 animus
1082 2240 1111 2294 et

135 2336 243 2396 parum
261 2328 355 2381 tenax
369 2321 460 2381 recti:
482 2320 571 2380 facile
585 2320 729 2380 transitur
743 2319 782 2379 ad
797 2322 911 2396 plures.
949 2317 1068 2381 Socrati
1082 2322 1111 2375 et

136 2405 241 2465 Catoni
263 2412 293 2464 ει
312 2403 415 2465 Laelio
436 2410 581 2464 excutere
600 2419 716 2464 morem
737 2420 825 2484 suum
841 2402 997 2464 dissimilis
1012 2398 1109 2461 multi-

134 2489 208 2549 tudo
221 2488 386 2564 potuisset:
402 2488 480 2547 adeo
492 2502 582 2547 nemo
594 2495 740 2561 nostrum,
754 2488 885 2562 quicum
896 2483 1029 2546 maxime
1038 2501 1110 2546 con·

136 2572 295 2633 cinnamus
316 2570 486 2645 ingenium,
508 2571 587 2629 ferre
607 2570 743 2646 inpetum
762 2569 902 2631 vitiorum
923 2577 984 2630 tarn
1000 2583 1110 2642 magno

108 2655 280 2715 tcomitatu
303 2651 488 2713 venientium
514 2658 623 2727 potest.
656 2653 757 2714 Unum
778 2655 953 2728 exemplum
971 2653 1111 2713 luxuriae

138 2745 189 2797 aut
208 2736 353 2795 avaritiae
370 2738 495 2796 multum
510 2736 679 2797 malliaci:
702 2737 859 2798 convictor
873 2737 1021 2799 delicatus
1037 2751 1110 2810 pau-

137 2820 220 2879 latim
235 2826 359 2879 enervat
372 2825 403 2878 et
417 2819 539 2879 emollit.
562 2818 680 2881 vicinus
693 2821 779 2881 dives
792 2820 986 2895 cupiditatem
1001 2818 1110 2879 inritat.

137 2903 287 2976 malignus
309 2917 412 2962 comes
434 2904 575 2977 quamvis
596 2903 728 2965 candido
750 2910 780 2964 et
797 2903 928 2979 simplici
941 2901 1111 2976 rubiginem

139 3001 226 3046 suam
247 2983 401 3046 adiricnit=
425 2987 498 3061 quid
517 2995 550 3049 tu
571 2988 711 3048 accidere
730 2987 778 3048 his
793 2986 930 3049 moribus
945 2986 1061 3058 credis,
1081 2986 1112 3044 in

109 3080 217 3145 equos
233 3069 354 3145 publice
369 3071 467 3133 lactus
482 3079 530 3131 est
543 3071 687 3145 inpetus?
706 3071 841 3131 Necesse
856 3078 904 3131 est
915 3077 967 3131 aut
976 3068 1112 3142 imiteris,

138 3160 191 3213 aut
205 3151 317 3214 oderis.
339 3159 500 3229 utrumque
512 3163 613 3215 autem
627 3154 822 3215 devitandum
834 3161 896 3214 esta
915 3169 995 3214 neve
1005 3151 1113 3213 similis

138 3237 225 3296 malis
245 3236 318 3310 fias,
341 3237 413 3311 quia
433 3237 517 3296 multi
537 3244 623 3311 sunt,
645 3254 725 3298 neve
745 3238 885 3299 inimicus
899 3237 1018 3312 multis,
1041 3236 1114 3310 quia

139 3320 304 3380 dissimiles
325 3326 405 3380 sunt.
445 3321 569 3381 Recede
594 3321 625 3380 in
648 3328 679 3381 te
699 3322 816 3396 ipsum,
846 3328 991 3398 quantum
1013 3326 1113 3395 potes.

139 3419 208 3465 cum
227 3403 274 3463 his
295 3419 436 3476 versare,
460 3404 512 3478 qui
531 3410 561 3463 te
575 3405 731 3466 meliorem
745 3403 853 3465 tacturi
867 3411 947 3466 sunt.
975 3403 1045 3464 illos
1061 3403 1113 3464 ad-

137 3487 235 3561 mitte,
257 3502 336 3562 quos
350 3495 383 3548 tu
396 3495 486 3562 potes
502 3488 603 3549 lacere
617 3488 768 3549 meliores.
791 3494 895 3549 mutuo
910 3488 969 3549 ista
978 3487 1070 3563 fiunt,
1085 3491 1116 3548 et
