2468 3930
103 264 108 273 ·
189 239 253 304 346
476 239 509 299 L.
530 238 677 298 ANNAEI
697 236 872 298 SENECAE

192 391 267 453 satis
291 387 400 450 virium
423 397 479 449 est.
514 386 603 447 adice
623 403 718 460 nunc,
741 388 826 463 quod
847 387 898 462 qui
919 387 1056 460 timetur,
1078 389 1171 452 timet.

160 489 280 541 onemo
296 472 395 548 potuit
405 471 548 532 terribilis
563 487 636 531 esse
650 487 769 531 secure.
797 470 1049 545 contemptus
1064 489 1172 548 super·

192 566 254 633 est,
279 557 365 616 cuius
385 555 509 615 modum
526 554 557 613 in
575 570 632 614 sua
646 561 797 629 potestate
810 554 917 627 habet,
940 554 992 628 qui
1013 555 1099 616 illum
1113 556 1172 619 sibi

192 639 344 713 adiunxit,
367 639 418 713 qui
435 637 652 713 contemnitur,
674 639 745 713 quia
759 639 870 712 voluit,
890 655 952 699 non
968 636 1041 713 quia
1056 639 1170 703 debuit.

191 724 282 786 huius
303 722 529 783 incommodum
544 729 574 782 et
588 731 668 782 artes
684 721 784 782 bonae
799 721 965 783 discutiunt
978 729 1009 782 et
1021 723 1172 786 amicitiae

192 823 311 881 eorum,
333 807 384 882 qui
407 805 490 881 apud
511 806 643 881 aliquem
665 813 820 880 potentem
839 812 980 880 potentes
998 815 1085 882 sunt,
1106 811 1171 883 qui-

192 891 251 952 bus
263 890 410 966 adplicari
424 889 581 965 expediet,
598 905 660 949 non
672 888 825 965 inplicari,
844 904 883 950 ne
894 886 991 964 pluris
1002 891 1171 954 remedium

159 984 284 1052 dquam
300 974 468 1049 periculum
485 980 612 1034 constet.
635 972 736 1032 Nihil
755 979 875 1032 tamen
890 988 1015 1048 aeque
1028 976 1171 1049 prode·

190 1059 242 1120 rit
262 1074 371 1134 quam
393 1055 602 1132 quiescere
619 1065 656 1118 et
675 1056 867 1116 minimum
893 1072 974 1116 curn
999 1059 1091 1120 aliis
1116 1061 1170 1122 lo·

193 1143 272 1218 qui,
293 1140 455 1218 plurimum
477 1156 592 1200 secum.
616 1140 672 1200 Est
693 1141 844 1215 quaedum
864 1141 995 1202 dulcedo
1010 1143 1171 1218 sermonis,

193 1241 272 1303 quae
295 1225 405 1300 inrepit
425 1231 455 1284 et
466 1223 619 1284 blanditur
636 1232 666 1283 et
682 1240 743 1284 non
761 1224 847 1284 alitor
862 1240 952 1298 quam
970 1224 1104 1286 ebrietas
1120 1236 1172 1288 aut

192 1326 278 1370 amor
302 1315 421 1368 secreta
446 1308 598 1389 producit
635 1322 740 1380 nemo,
769 1307 853 1382 qnod
879 1307 1022 1381 audierit,
1050 1311 1170 1372 tacebit.

192 1409 297 1464 nemo,
315 1398 458 1467 quantum
474 1388 615 1461 audierit,
637 1391 785 1465 loquetur.
815 1389 943 1465 quirem
958 1407 1019 1452 non
1033 1395 1169 1468 tacuerit,

192 1493 252 1537 non
273 1475 385 1536 tacebit
404 1481 572 1535 auctorem.
605 1474 697 1534 habet
715 1473 930 1550 unusquisque
950 1476 1100 1552 aliquem,
1124 1479 1170 1539 cui

192 1568 307 1621 tantum
328 1559 446 1632 credat,
468 1566 612 1632 quantum
633 1556 695 1633 ipsi
716 1558 863 1618 creditum
883 1564 940 1618 est
968 1567 1002 1619 ut
1014 1561 1170 1634 garrulita-

192 1650 251 1704 tem
268 1658 357 1703 suam
373 1642 525 1702 custodiat
538 1650 568 1702 et
581 1648 742 1703 contentus
757 1641 797 1703 sit
812 1641 904 1703 unius
916 1642 1058 1718 auribus,
1073 1661 1171 1722 popu·

193 1729 255 1787 lum
276 1726 380 1786 laciet=
415 1726 461 1784 sic
482 1724 678 1799 quodmodo
703 1733 855 1787 secretum
879 1731 958 1800 erat,
987 1743 1093 1789 rumor
1115 1737 1171 1790 est.

160 1808 430 1872 lSecuritutis
453 1823 588 1882 magna
611 1809 740 1883 portio
766 1816 827 1870 est
850 1808 946 1869 nihil
970 1809 1094 1886 iniqui
1115 1814 1171 1874 lo·

193 1908 295 1954 ceres
322 1892 481 1953 confusam
501 1893 594 1952 vitam
608 1899 639 1952 et
655 1894 859 1968 perturbatam
875 1894 1048 1968 inpotentes
1064 1906 1169 1970 agunt.

191 1983 308 2039 tantum
327 1982 478 2050 metuunt,
500 1984 646 2052 quantum
666 1985 777 2038 nocent
796 1993 854 2037 nec
874 1978 938 2038 ullo
958 1981 1094 2052 tempore
1115 1997 1169 2039 va-

192 2068 271 2122 cant.
293 2058 446 2135 trepidant
461 2062 556 2130 enim,
572 2077 641 2122 cum
657 2061 803 2121 lecerunt.
825 2060 967 2121 haerente
982 2061 1172 2125 conscientia

191 2145 274 2206 aliud
293 2160 386 2220 agere
406 2160 468 2206 non
489 2146 600 2221 patitur
614 2161 651 2205 ac
665 2145 797 2206 subinde
808 2145 1001 2219 respondere
1013 2146 1055 2205 ad
1069 2162 1105 2207 se
1120 2164 1171 2210 co-

190 2230 242 2305 git.
265 2230 317 2289 dat
337 2244 456 2311 poenas
477 2230 618 2305 quisquis
639 2235 815 2304 exspectate
837 2229 979 2304 quisquis
993 2237 1096 2291 autem
1108 2247 1170 2292 me

159 2315 264 2388 eruit,
290 2321 460 2390 exspectat.
491 2315 598 2375 'lutum
627 2313 730 2388 aliqua
753 2329 806 2373 res
831 2311 863 2372 in
882 2314 963 2372 mala
983 2314 1171 2376 conscientia

190 2405 341 2474 praestat,
364 2399 446 2458 nrrlla
460 2412 612 2459 securum:
639 2404 726 2472 putat
738 2398 817 2456 enim
835 2411 885 2470 se,
905 2395 1102 2460 etiamsinon
1118 2399 1169 2459 do

190 2483 363 2557 prenditur,
384 2497 479 2557 posse
499 2481 658 2557 deprendi.
678 2490 708 2541 et
726 2481 805 2543 inter
821 2495 948 2541 somnos
970 2489 1112 2544 movetur
1132 2489 1169 2557 et,

191 2567 334 2640 quotiens
355 2565 483 2626 alicuius
506 2568 610 2626 scelus
633 2564 783 2641 loquitur,
809 2564 849 2624 dc
870 2578 928 2625 suo
946 2565 1074 2639 cogitat:
1110 2583 1170 2629 non

190 2651 265 2709 satis
278 2650 320 2708 illi
333 2648 522 2709 obliteratum
536 2650 666 2723 videtur,
681 2665 743 2709 non
757 2648 833 2708 satis
845 2654 968 2709 tectum.
984 2647 1109 2712 Nocens
1119 2650 1163 2712 ba·

189 2731 424 2807 buitaliquando
431 2733 545 2793 latendi
556 2733 723 2807 fortunam,
735 2747 900 2807 numquam
911 2732 1065 2795 fiduciam.
1080 2736 1167 2794 Vale.

477 2867 694 2926 EPISTULA
713 2870 761 2927 III.
782 2873 872 2942 (106.)

442 2962 554 3015 sanson
572 2966 684 3018 Lucmo
705 2979 757 3019 suo
774 2979 916 3022 susurru.

158 3083 172 3135 1
250 3067 379 3129 Tardius
401 3068 538 3130 rescribo
561 3070 600 3130 ad
621 3071 770 3146 epistulas
791 3078 875 3145 tuos,
895 3086 958 3131 uon
983 3069 1171 3146 quiadistri·

189 3161 257 3214 ctus
279 3153 535 3229 occupationibus
560 3170 648 3215 sume
673 3188 712 3200 -
740 3153 820 3215 lione
841 3153 1073 3216 excusationem
1095 3168 1170 3215 eave

187 3236 312 3297 audiasr
340 3253 418 3299 vaco
432 3246 464 3299 et
477 3254 584 3299 omnes
598 3246 723 3313 vacant,
742 3239 794 3313 qni
810 3240 925 3300 volunt.
952 3238 1105 3299 neminen
1119 3253 1170 3297 res

188 3327 366 3396 sequuntur.
388 3323 449 3397 ipsi
464 3324 533 3384 illas
546 3323 760 3398 amplexantur
769 3329 801 3383 et
814 3330 1025 3398 argumentum
1039 3337 1114 3383 esse
1128 3322 1170 3382 le·

187 3402 308 3465 licitatis
329 3405 563 3480 occupationem
586 3414 709 3482 polana
723 3441 768 3455 -
789 3406 864 3481 quid
885 3422 960 3482 ergo
979 3406 1054 3480 luit,
1076 3420 1172 3480 quare

158 3492 168 3496 ·
187 3502 248 3547 nou
264 3488 405 3562 protinus
425 3490 629 3551 rescriberem
647 3491 692 3565 ei,
714 3489 754 3550 de
768 3505 832 3565 quo
846 3490 1041 3566 quaerebam
1064 3489 1170 3551 venie·
