2468 3930
179 234 244 300 440
497 238 527 293 L.
538 236 677 294 ANNAEI
689 235 852 294 SENECAE

179 399 220 449 ter
238 392 345 450 Romae
362 392 488 463 pluribus
504 388 646 445 laboribus
665 390 780 446 lactatus
800 395 893 463 ampla
907 390 1021 463 quidem
1033 391 1092 448 'sed
1106 408 1157 464 pro

179 476 336 548 ingentibus
354 474 457 529 meritis
468 473 595 546 praemia
609 480 791 544 acceperant:
811 491 866 547 ego
879 474 946 546 quid
960 474 1036 530 aliud
1047 476 1157 531 munifi-

179 561 287 615 centiao¹
303 557 437 614 adhibere
448 557 527 629 potui
539 572 623 627 quam
642 557 750 627 studia,
768 563 798 614 nt
815 559 855 613 sic
867 559 1000 627 dixerim,
1019 559 1158 616 inumbra

180 642 299 698 educata
315 648 342 697 et
352 642 452 712 quibus
464 639 598 696 claritudo
609 640 696 709 venit,
709 641 784 711 quod
795 641 927 700 iuventae
939 648 1003 698 tuae
1015 643 1156 699 rudimen·

178 726 212 780 tis
230 724 346 781 affuisse
364 725 478 794 videor,
501 724 610 796 grande
627 723 710 779 huius
728 725 770 780 rei
785 725 917 795 prelium.
948 726 986 781 At
998 726 1158 797 tugretiam

179 809 360 877 immensam,
375 809 552 864 innumeram
565 808 715 880 pecuniam
726 808 948 878 circumdedisti,
971 809 1044 866 adeo
1054 816 1086 864 ut
1094 811 1155 882 ple·

178 908 295 963 rumque
313 892 385 946 intra
406 909 451 947 me
472 892 534 962 ipse
552 891 683 949 volvame
706 908 797 963 egone
815 892 938 963 equestri
954 899 981 949 et
990 893 1158 964 provinciali

178 977 240 1031 loco
264 981 340 1030 ortus
361 975 525 1047 proceribus
547 975 666 1032 civitatis
688 975 880 1032 adnumerorf
912 978 983 1033 inter
1002 977 1110 1033 nobiles
1129 982 1158 1032 et

178 1060 263 1131 longa
279 1059 384 1115 decora
394 1060 588 1130 praeferentes
600 1059 709 1116 novitas
723 1075 788 1115 mea
799 1060 914 1116 enituit?
934 1061 983 1118 ubi
994 1065 1037 1117 est
1047 1061 1158 1116 animus

178 1143 224 1198 ille
244 1142 361 1198 modicis
383 1145 549 1198 contentus'f
571 1143 632 1198 talis
652 1141 748 1199 hortos
766 1143 882 1198 exstruit
901 1149 928 1200 et
943 1160 996 1216 per
1006 1143 1079 1200 haec
1090 1146 1157 1199 sub·

177 1227 284 1282 urbana
300 1226 404 1282 incedit
422 1232 450 1281 et
471 1226 553 1281 tantis
569 1242 702 1299 agrorum
724 1227 836 1297 spatiis,
857 1233 914 1282 tam
930 1229 986 1283 lato
998 1229 1096 1283 fenore
1106 1244 1157 1283 ex-

177 1311 296 1449 gbgratf
315 1311 377 1366 Una
388 1309 515 1365 defensio
528 1312 663 1380 occurrit,
675 1309 751 1381 quod
762 1311 923 1367 muneribus
935 1312 988 1367 tuis
1001 1311 1087 1367 obniti
1100 1327 1157 1366 non

198 1411 213 1449 e
233 1410 272 1449 ur.
473 1409 476 1414 ·

120 1515 171 1571 108
242 1507 301 1567 Sed
312 1515 429 1582 uterque
444 1525 605 1566 mensuram
614 1509 790 1582 implevimus
799 1551 807 1579 ,
825 1515 853 1565 et
867 1515 912 1579 tu,
929 1515 1062 1581 quantum
1079 1512 1157 1583 prin·

177 1610 244 1665 ceps
263 1589 494 1650 tribuere'amleo
506 1598 617 1666 posset,
632 1599 659 1649 et
679 1609 749 1665 ego,
765 1598 897 1664 quantum
919 1594 1027 1649 amicus
1044 1610 1062 1649 a
1078 1595 1152 1667 prin·

177 1677 238 1748 cipe
256 1677 399 1748 accipere:
419 1682 512 1732 cetera
523 1676 658 1733 invidiam
670 1683 784 1748 augent.
808 1692 880 1748 quae
891 1676 1005 1748 quidem
1015 1683 1046 1732 ut
1062 1678 1155 1733 omnia

176 1760 302 1814 mortalia
314 1761 384 1815 infra
396 1765 471 1816 tuam
483 1760 702 1832 magnitudinem
714 1760 819 1830 iacent,
837 1759 889 1815 scd
901 1761 968 1815 mihi
979 1761 1155 1817 incumbuntr

176 1842 243 1899 mihi
254 1843 478 1901 subveniendum
496 1850 547 1899 est.
569 1843 711 1914 quomodo
727 1844 756 1899 in
770 1844 865 1899 militia
878 1849 924 1900 aut
939 1845 987 1902 uia
999 1846 1091 1900 fessus
1104 1844 1154 1900 ad·

176 1927 335 1982 miniculum
352 1943 478 1996 orarem,
500 1928 537 1982 ita
554 1927 582 1981 in
598 1926 653 1984 hoc
671 1927 769 1982 itinere
780 1927 855 1985 vitae
867 1944 956 1983 senex
965 1932 992 1982 ct
1002 1928 1156 1985 levissimis

176 2026 287 2082 quoque
300 2011 373 2066 curis
385 2011 475 2083 impar
486 2027 571 2082 quum
583 2027 652 2083 opes
671 2026 749 2066 meas
767 2012 838 2066 ultra
856 2012 992 2088 sustinere
1009 2026 1066 2065 non
1084 2027 1154 2083 pos-

175 2095 243 2165 sim,
255 2094 426 2168 praesidium
436 2100 516 2167 pet0=
532 2095 597 2150 iube
607 2109 660 2166 per
673 2100 869 2166 procuratores
881 2099 944 2150 tuos
957 2093 1154 2165 administrari,

175 2179 203 2233 in
215 2185 290 2234 tuam
305 2181 441 2234 fortunam
457 2179 554 2251 recipi.
587 2176 646 2233 Nec
665 2194 710 2233 me
727 2177 756 2231 in
773 2183 966 2250 paupertatem
983 2178 1044 2249 ipse
1059 2178 1155 2234 detru-

176 2261 256 2331 dam,
272 2262 324 2317 sed
335 2263 455 2331 traditis,
475 2277 592 2333 quorum
604 2262 713 2332 fulgore
724 2262 912 2334 perstringor,
931 2262 1007 2333 quod
1019 2263 1154 2335 temporis

174 2345 318 2402 hortorum
331 2351 378 2401 aut
388 2346 517 2403 villarum
531 2360 615 2401 curae
632 2345 790 2417 seponitur,
811 2345 839 2400 in
861 2345 984 2400 animum
999 2349 1152 2404 revocabo.

175 2427 311 2502 Superest
331 2430 378 2484 tibi
404 2432 489 2484 robur
506 2435 533 2485 et
551 2434 589 2484 tot
603 2445 655 2501 per
673 2445 762 2484 annos
780 2429 872 2486 visum
888 2429 989 2501 fastigii
1009 2431 1153 2502 regimem

174 2529 325 2583 possumus
343 2513 469 2568 seniores
481 2513 563 2569 amici
575 2513 696 2583 quietem
709 2512 894 2585 respondere.
929 2513 988 2568 Hoc
1000 2529 1112 2585 quoque
1124 2515 1153 2570 in

175 2601 249 2651 tuam
268 2595 385 2668 gloriam
403 2597 499 2666 cedet,
523 2613 573 2653 eos
591 2596 628 2651 ad
645 2612 754 2651 summa
770 2597 899 2667 vexisse,
921 2597 967 2668 qui
992 2603 1019 2653 et
1041 2598 1154 2655 modies

176 2681 354 2734 tolerarent.“

516 2797 602 2854 XVII.
625 2795 832 2855 EPtSTOLaE.

119 2916 168 2974 109
236 2912 374 2969 Priscian.
392 2916 426 2970 ote
436 2916 581 2986 ponderib.
598 2931 623 2972 e.
635 2920 661 2973 3.
673 2932 706 2987 p.
723 2917 790 2974 1349
808 2919 881 2973 ectr.
893 2915 935 2970 cd.
951 2915 1064 2972 Putscfr.
1099 2913 1152 2972 Se·

173 3013 244 3054 nece
266 2997 301 3052 in
323 2998 462 3054 decimo
485 3000 724 3072 epistolarum
746 2997 790 3054 ad
811 2997 998 3055 Nouatum:

173 3096 357 3235 vum„Jiginti
383 3103 501 3168 quatuor
522 3098 665 3167 sestertia,
686 3098 716 3155 id
741 3104 784 3155 est
799 3100 932 3155 talentum
947 3099 1069 3155 Atticum
1086 3115 1152 3173 par·

232 3294 371 3351 Martialis
382 3298 470 3368 apogr.
489 3293 558 3361 VII,
576 3298 621 3356 45.

325 3395 450 3451 Facundi
465 3393 592 3452 Senecae
603 3401 705 3469 potens
716 3398 821 3454 amicus
848 3426 850 3430 >

325 3477 397 3534 Caro
413 3479 558 3551 proximus
575 3485 623 3536 aut
635 3481 714 3552 prior
725 3479 833 3539 Sereno
