2468 3930
88 312 90 316 λ
145 224 1010 301 EPISTUL.moltam.111.a.(aa)-L113.1v.lal>.1.(ao.)
1032 220 1074 288 67

100 377 217 451 verint,
233 375 339 452 quidni
354 392 412 451 ego
425 376 469 436 tui
482 373 644 451 miserear,
664 392 733 436 cum
747 375 857 450 sciam,
878 390 958 450 quae
971 374 1023 435 via
1036 373 1076 436 ad

100 462 195 523 istum
210 461 345 522 savorem
361 461 458 520 ierat?
494 461 580 519 Vala

400 775 433 856 l.
453 773 592 856 latitat
614 774 784 858 saltata

463 927 514 978 AD
530 927 719 979 auctarum

223 1044 626 1144 EPISTULARUM
655 1044 960 1144 maalllllll

490 1213 623 1275 LIBER
648 1212 696 1273 lv.

413 1497 630 1556 EPISTULA
650 1498 671 1554 l.
691 1500 762 1571 (30.)

359 1593 469 1646 Sarnaca
484 1595 594 1646 Lucumo
614 1607 666 1647 suo
685 1608 824 1650 sanarem.

168 1698 329 1758 Bassum
363 1695 574 1770 Aufidium,
610 1698 731 1759 virum
765 1700 962 1775 optimum,
997 1701 1105 1772 vidi1

106 1797 308 1857 quassum,
331 1781 451 1841 aetati
472 1781 741 1843 obluctantem.
764 1783 822 1844 sad
833 1784 892 1844 iam
909 1786 979 1860 plus
993 1784 1077 1846 illum

105 1867 253 1941 degravat
272 1880 363 1939 quam
386 1864 469 1940 quod
491 1866 590 1939 possit
608 1867 726 1928 adtolli:
754 1883 863 1942 magno
883 1876 1026 1930 senectus
1048 1876 1078 1929 et

105 1951 251 2011 universo
266 1948 403 2024 pondera
413 1949 557 2009 incubuit.
581 1949 650 2012 Scis
662 1951 745 2012 illum
756 1967 878 2026 semper
888 1951 998 2012 infirmi
1009 1968 1075 2013 cor·

104 2033 190 2109 poris
211 2039 241 2094 et
261 2033 379 2093 exsucti
400 2032 506 2093 fuisse.
529 2032 582 2094 diu
595 2034 669 2095 illud
685 2035 831 2096 continuit
852 2041 896 2109 et,
920 2044 954 2096 ul
973 2036 1076 2096 verius

104 2117 221 2190 dicam,
248 2115 454 2176 concinnavit:
483 2116 583 2178 subito
611 2119 730 2180 deiecit.
765 2119 1026 2192 Quemadmodum
1046 2119 1105 2182 ina

104 2217 199 2274 nave,
226 2215 307 2275 quae
321 2201 469 2260 sentinam
484 2200 589 2274 trahit,
615 2201 666 2262 uni
680 2201 775 2262 rimae
789 2209 842 2263 aut
855 2202 940 2263 alteri
955 2203 1076 2264 obsisti-

103 2292 170 2359 tur,
193 2284 246 2346 ubi
262 2281 400 2358 plurimis
420 2283 496 2344 locis
515 2284 610 2344 laxari
627 2285 730 2358 coepit
749 2292 778 2345 at
791 2286 916 2360 cedere,
942 2287 1077 2347 succurri

104 2384 167 2430 non
189 2373 290 2442 potest
309 2367 430 2442 navigio
451 2366 633 2427 dehiscenti=
655 2368 696 2427 ita
717 2368 747 2428 in
764 2368 853 2427 senili
873 2383 1002 2443 corpore
1024 2370 1077 2429 ali-

104 2458 255 2527 quatenus
274 2448 453 2512 inbecillitas
474 2451 616 2512 sustineri
637 2457 668 2510 et
688 2451 785 2510 illiciti
806 2455 916 2526 potest.
936 2450 990 2511 ubi
1002 2457 1076 2511 lam-

105 2534 241 2611 quanin
257 2533 337 2608 putri
350 2534 490 2594 aedilicio
504 2533 602 2596 omnis
620 2533 757 2596 iunctura
772 2534 937 2607 diducitur,
960 2541 992 2595 et
1005 2535 1077 2595 dum

104 2619 164 2679 alia
186 2617 352 2694 excipitur,
384 2618 443 2679 alia
467 2618 662 2693 discinditur,
692 2615 998 2694 circumspiciendum
1019 2626 1076 2693 est,

104 2701 262 2777 quomodo
285 2717 389 2762 exeas.
421 2701 539 2762 Bassus
557 2709 655 2763 lamen
670 2709 776 2765 noster
789 2703 891 2763 alacer
905 2703 1004 2763 animo
1020 2709 1106 2766 esta

102 2784 431 2860 hocphilosophia
446 2792 634 2862 praestat,
655 2787 689 2846 in
712 2788 929 2862 conspectu
943 2788 1076 2848 mortis

103 2868 265 2929 hilaram
285 2876 322 2928 at
342 2867 380 2928 in
395 2885 643 2945 quocumque
658 2871 837 2946 corporis
852 2869 1076 2931 habitulor-

101 2953 413 3027 lemlaatumque
432 2968 502 3013 trec
522 2953 791 3028 deiicientem,
817 2954 995 3028 quamvis
1017 2953 1076 3012 de-

102 3033 272 3096 liciatur.
299 3034 429 3110 Magnus
445 3036 632 3111 gubernator
647 3044 678 3098 et
691 3037 792 3099 scisso
806 3037 929 3111 navigat
944 3038 1029 3110 valo,
1045 3043 1078 3096 et

101 3117 129 3179 si
149 3119 334 3192 exarmavit,
361 3126 461 3180 lamen
482 3118 629 3196 reliquias
652 3120 766 3194 navigii
786 3127 870 3196 aptat
887 3121 926 3179 ad
941 3134 1074 3178 cursum.

100 3201 160 3263 hoc
175 3201 247 3264 facit
259 3203 377 3264 Bassus
391 3209 496 3264 noster
510 3211 540 3265 et
554 3220 591 3264 aa
607 3204 707 3264 animo
720 3204 867 3279 voltuque
877 3202 969 3262 finam
985 3217 1075 3261 suum

101 3292 236 3361 spectat,
270 3301 333 3361 quo
364 3286 496 3348 alienum
528 3294 670 3362 spectare
694 3287 782 3346 nimis
809 3285 910 3346 securi
937 3291 1072 3358 putares.

99 3369 212 3446 Magna
222 3384 275 3430 res
290 3376 346 3444 est,
367 3369 479 3442 Lucili,
494 3369 571 3430 haec
586 3376 615 3430 et
631 3371 683 3431 diu
699 3369 862 3441 discenda,
878 3383 947 3428 cum
961 3368 1105 3431 adven-4

98 3460 143 3514 tot
155 3453 233 3515 hora
249 3452 301 3514 illa
315 3451 512 3527 inevitabilis,
538 3470 639 3530 aequo
655 3454 755 3514 animo
769 3450 863 3512 abira
887 3451 946 3511 alia
959 3467 1074 3527 genera

874 3535 915 3598 5*
