<?xml version="1.0" encoding="UTF-8"?>
<!DOCTYPE html PUBLIC "-//W3C//DTD XHTML 1.0 Transitional//EN"
    "http://www.w3.org/TR/xhtml1/DTD/xhtml1-transitional.dtd">
<html xmlns="http://www.w3.org/1999/xhtml" xml:lang="en" lang="en">
 <head>
  <title>
</title>
<meta http-equiv="Content-Type" content="text/html;charset=utf-8" />
  <meta name='ocr-system' content='tesseract 3.04.00' />
  <meta name='ocr-capabilities' content='ocr_page ocr_carea ocr_par ocr_line ocrx_word'/>
</head>
<body>
  <div class='ocr_page' id='page_1' title='image "./lannaeisenecaeo00haasgoog_0114.png"; bbox 0 0 2468 3930; ppageno 0'>
   <div class='ocr_carea' id='block_1_1' title="bbox 192 205 1074 288">
    <p class='ocr_par' dir='ltr' id='par_1_1' title="bbox 192 205 1074 288">
     <span class='ocr_line' id='line_1_1' title="bbox 192 205 1074 288; baseline 0.015 -22"><span class='ocrx_word' id='word_1_1' title='bbox 192 205 467 271; x_wconf 68' lang='grc' dir='ltr'><strong>ΕΡ18Ή11.Μο11.</strong></span> <span class='ocrx_word' id='word_1_2' title='bbox 490 209 626 270; x_wconf 80' lang='lat' dir='ltr'>LIB.1V.</span> <span class='ocrx_word' id='word_1_3' title='bbox 647 208 817 273; x_wconf 63' lang='lat' dir='ltr'>liae—m.</span> <span class='ocrx_word' id='word_1_4' title='bbox 839 218 986 288; x_wconf 77' lang='lat' dir='ltr'>(ar-so.)</span> <span class='ocrx_word' id='word_1_5' title='bbox 1035 214 1074 279; x_wconf 83' lang='grc'>81</span> 
     </span>
    </p>
   </div>
   <div class='ocr_carea' id='block_1_2' title="bbox 99 360 1076 1091">
    <p class='ocr_par' dir='ltr' id='par_1_2' title="bbox 99 360 1076 1091">
     <span class='ocr_line' id='line_1_2' title="bbox 99 360 1076 436; baseline 0.005 -12"><span class='ocrx_word' id='word_1_6' title='bbox 99 367 218 435; x_wconf 86' lang='lat' dir='ltr'>locum,</span> <span class='ocrx_word' id='word_1_7' title='bbox 239 360 320 420; x_wconf 91' lang='lat' dir='ltr'>vires</span> <span class='ocrx_word' id='word_1_8' title='bbox 341 376 414 420; x_wconf 90' lang='lat' dir='ltr'>suas</span> <span class='ocrx_word' id='word_1_9' title='bbox 436 361 568 436; x_wconf 90' lang='lat' dir='ltr'>explicat</span> <span class='ocrx_word' id='word_1_10' title='bbox 583 369 664 421; x_wconf 90' lang='lat' dir='ltr'>etex</span> <span class='ocrx_word' id='word_1_11' title='bbox 677 361 799 425; x_wconf 91' lang='lat' dir='ltr'>minimo</span> <span class='ocrx_word' id='word_1_12' title='bbox 814 362 845 422; x_wconf 89' lang='lat' dir='ltr'>in</span> <span class='ocrx_word' id='word_1_13' title='bbox 860 365 1009 427; x_wconf 87' lang='lat' dir='ltr'>maximos</span> <span class='ocrx_word' id='word_1_14' title='bbox 1024 384 1076 428; x_wconf 88' lang='lat' dir='ltr'>au-</span> 
     </span>
     <span class='ocr_line' id='line_1_3' title="bbox 100 444 1073 523; baseline 0.004 -15"><span class='ocrx_word' id='word_1_15' title='bbox 100 456 170 509; x_wconf 89' lang='lat' dir='ltr'>ctus</span> <span class='ocrx_word' id='word_1_16' title='bbox 191 444 378 504; x_wconf 84' lang='lat' dir='ltr'>diffunditur.</span> <span class='ocrx_word' id='word_1_17' title='bbox 412 444 496 505; x_wconf 84' lang='lat' dir='ltr'>Idem</span> <span class='ocrx_word' id='word_1_18' title='bbox 514 445 585 505; x_wconf 87' lang='lat' dir='ltr'>iacit</span> <span class='ocrx_word' id='word_1_19' title='bbox 598 444 690 506; x_wconf 84' lang='lat' dir='ltr'>ratic:</span> <span class='ocrx_word' id='word_1_20' title='bbox 710 462 770 506; x_wconf 92' lang='lat' dir='ltr'>non</span> <span class='ocrx_word' id='word_1_21' title='bbox 786 447 845 508; x_wconf 86' lang='lat' dir='ltr'>late</span> <span class='ocrx_word' id='word_1_22' title='bbox 858 455 954 523; x_wconf 88' lang='lat' dir='ltr'>patet,</span> <span class='ocrx_word' id='word_1_23' title='bbox 978 451 1006 510; x_wconf 86' lang='lat' dir='ltr'>si</span> <span class='ocrx_word' id='word_1_24' title='bbox 1019 451 1073 512; x_wconf 87' lang='lat' dir='ltr'>ud·</span> 
     </span>
     <span class='ocr_line' id='line_1_4' title="bbox 100 528 1074 606; baseline 0.005 -15"><span class='ocrx_word' id='word_1_25' title='bbox 100 530 232 606; x_wconf 87' lang='lat' dir='ltr'>spicias=</span> <span class='ocrx_word' id='word_1_26' title='bbox 255 529 392 602; x_wconf 88' lang='lat' dir='ltr'>inopere</span> <span class='ocrx_word' id='word_1_27' title='bbox 406 528 523 588; x_wconf 89' lang='lat' dir='ltr'>crescit.</span> <span class='ocrx_word' id='word_1_28' title='bbox 545 536 741 604; x_wconf 86' lang='lat' dir='ltr'>paucasunt,</span> <span class='ocrx_word' id='word_1_29' title='bbox 757 547 836 606; x_wconf 88' lang='lat' dir='ltr'>quae</span> <span class='ocrx_word' id='word_1_30' title='bbox 848 532 996 593; x_wconf 91' lang='lat' dir='ltr'>dicuntur.</span> <span class='ocrx_word' id='word_1_31' title='bbox 1018 535 1074 596; x_wconf 90' lang='lat' dir='ltr'>sed</span> 
     </span>
     <span class='ocr_line' id='line_1_5' title="bbox 100 610 1073 694; baseline 0.003 -20"><span class='ocrx_word' id='word_1_32' title='bbox 100 616 127 674; x_wconf 91' lang='lat' dir='ltr'>si</span> <span class='ocrx_word' id='word_1_33' title='bbox 149 613 201 672; x_wconf 88' lang='lat' dir='ltr'>illa</span> <span class='ocrx_word' id='word_1_34' title='bbox 222 612 340 672; x_wconf 89' lang='lat' dir='ltr'>animus</span> <span class='ocrx_word' id='word_1_35' title='bbox 361 610 439 670; x_wconf 89' lang='lat' dir='ltr'>bene</span> <span class='ocrx_word' id='word_1_36' title='bbox 461 611 597 687; x_wconf 82' lang='lat' dir='ltr'>excepit,</span> <span class='ocrx_word' id='word_1_37' title='bbox 620 615 839 675; x_wconf 87' lang='lat' dir='ltr'>convalescunt</span> <span class='ocrx_word' id='word_1_38' title='bbox 852 623 882 676; x_wconf 89' lang='lat' dir='ltr'>et</span> <span class='ocrx_word' id='word_1_39' title='bbox 896 626 1073 694; x_wconf 86' lang='lat' dir='ltr'>exsurgunt.</span> 
     </span>
     <span class='ocr_line' id='line_1_6' title="bbox 99 693 1073 776; baseline 0.005 -18"><span class='ocrx_word' id='word_1_40' title='bbox 99 697 215 759; x_wconf 85' lang='lat' dir='ltr'>Eadem</span> <span class='ocrx_word' id='word_1_41' title='bbox 243 700 305 767; x_wconf 90' lang='lat' dir='ltr'>est,</span> <span class='ocrx_word' id='word_1_42' title='bbox 334 693 474 769; x_wconf 88' lang='lat' dir='ltr'>inquam,</span> <span class='ocrx_word' id='word_1_43' title='bbox 501 703 734 770; x_wconf 85' lang='lat' dir='ltr'>praeceptorum</span> <span class='ocrx_word' id='word_1_44' title='bbox 761 697 900 761; x_wconf 88' lang='lat' dir='ltr'>condicio</span> <span class='ocrx_word' id='word_1_45' title='bbox 924 717 1003 776; x_wconf 88' lang='lat' dir='ltr'>quae</span> <span class='ocrx_word' id='word_1_46' title='bbox 1025 718 1073 764; x_wconf 87' lang='lat' dir='ltr'>sc·</span> 
     </span>
     <span class='ocr_line' id='line_1_7' title="bbox 100 777 1076 858; baseline 0.007 -19"><span class='ocrx_word' id='word_1_47' title='bbox 100 780 230 840; x_wconf 86' lang='lat' dir='ltr'>minum=</span> <span class='ocrx_word' id='word_1_48' title='bbox 258 779 383 839; x_wconf 89' lang='lat' dir='ltr'>multum</span> <span class='ocrx_word' id='word_1_49' title='bbox 404 777 553 854; x_wconf 81' lang='lat' dir='ltr'>efficiunt,</span> <span class='ocrx_word' id='word_1_50' title='bbox 580 786 610 839; x_wconf 89' lang='lat' dir='ltr'>ct</span> <span class='ocrx_word' id='word_1_51' title='bbox 630 788 758 856; x_wconf 87' lang='lat' dir='ltr'>angusta</span> <span class='ocrx_word' id='word_1_52' title='bbox 778 789 857 843; x_wconf 89' lang='lat' dir='ltr'>sunt.</span> <span class='ocrx_word' id='word_1_53' title='bbox 890 790 1020 858; x_wconf 85' lang='lat' dir='ltr'>tantum,</span> <span class='ocrx_word' id='word_1_54' title='bbox 1041 793 1076 846; x_wconf 94' lang='lat' dir='ltr'>ut</span> 
     </span>
     <span class='ocr_line' id='line_1_8' title="bbox 101 862 1074 938; baseline 0.006 -15"><span class='ocrx_word' id='word_1_55' title='bbox 101 864 179 938; x_wconf 88' lang='lat' dir='ltr'>dixi,</span> <span class='ocrx_word' id='word_1_56' title='bbox 200 863 312 923; x_wconf 89' lang='lat' dir='ltr'>idonea</span> <span class='ocrx_word' id='word_1_57' title='bbox 331 876 417 922; x_wconf 88' lang='lat' dir='ltr'>mens</span> <span class='ocrx_word' id='word_1_58' title='bbox 437 863 536 938; x_wconf 88' lang='lat' dir='ltr'>rapiat</span> <span class='ocrx_word' id='word_1_59' title='bbox 556 862 608 922; x_wconf 86' lang='lat' dir='ltr'>illa</span> <span class='ocrx_word' id='word_1_60' title='bbox 622 872 652 924; x_wconf 90' lang='lat' dir='ltr'>et</span> <span class='ocrx_word' id='word_1_61' title='bbox 669 864 700 923; x_wconf 91' lang='lat' dir='ltr'>in</span> <span class='ocrx_word' id='word_1_62' title='bbox 716 880 750 924; x_wconf 89' lang='lat' dir='ltr'>se</span> <span class='ocrx_word' id='word_1_63' title='bbox 764 864 871 927; x_wconf 79' lang='lat' dir='ltr'>nahar.</span> <span class='ocrx_word' id='word_1_64' title='bbox 893 869 987 929; x_wconf 88' lang='lat' dir='ltr'>multa</span> <span class='ocrx_word' id='word_1_65' title='bbox 1000 869 1074 929; x_wconf 90' lang='lat' dir='ltr'>invi·</span> 
     </span>
     <span class='ocr_line' id='line_1_9' title="bbox 101 945 1074 1029; baseline 0.002 -22"><span class='ocrx_word' id='word_1_66' title='bbox 101 963 167 1008; x_wconf 91' lang='lat' dir='ltr'>cem</span> <span class='ocrx_word' id='word_1_67' title='bbox 194 953 224 1007; x_wconf 89' lang='lat' dir='ltr'>ct</span> <span class='ocrx_word' id='word_1_68' title='bbox 248 948 316 1022; x_wconf 87' lang='lat' dir='ltr'>ipsa</span> <span class='ocrx_word' id='word_1_69' title='bbox 340 945 497 1021; x_wconf 77' lang='lat' dir='ltr'>generabit</span> <span class='ocrx_word' id='word_1_70' title='bbox 521 953 550 1006; x_wconf 92' lang='lat' dir='ltr'>et</span> <span class='ocrx_word' id='word_1_71' title='bbox 576 947 645 1020; x_wconf 90' lang='lat' dir='ltr'>plus</span> <span class='ocrx_word' id='word_1_72' title='bbox 671 948 780 1009; x_wconf 77' lang='lat' dir='ltr'>reddet</span> <span class='ocrx_word' id='word_1_73' title='bbox 800 965 890 1025; x_wconf 92' lang='lat' dir='ltr'>quam</span> <span class='ocrx_word' id='word_1_74' title='bbox 913 955 1074 1029; x_wconf 89' lang='lat' dir='ltr'>acceperit.</span> 
     </span>
     <span class='ocr_line' id='line_1_10' title="bbox 100 1033 187 1091; baseline -0.034 0"><span class='ocrx_word' id='word_1_75' title='bbox 100 1033 187 1091; x_wconf 84' lang='lat' dir='ltr'>Vale.</span> 
     </span>
    </p>
   </div>
   <div class='ocr_carea' id='block_1_3' title="bbox 356 1165 821 1317">
    <p class='ocr_par' dir='ltr' id='par_1_3' title="bbox 356 1165 821 1317">
     <span class='ocr_line' id='line_1_11' title="bbox 402 1165 776 1238; baseline 0.013 -16"><span class='ocrx_word' id='word_1_76' title='bbox 402 1165 616 1224; x_wconf 88' lang='lat' dir='ltr'><strong>EPISTULA</strong></span> <span class='ocrx_word' id='word_1_77' title='bbox 642 1168 677 1222; x_wconf 91' lang='lat' dir='ltr'>X.</span> <span class='ocrx_word' id='word_1_78' title='bbox 705 1169 776 1238; x_wconf 83' lang='lat'>(39.)</span> 
     </span>
     <span class='ocr_line' id='line_1_12' title="bbox 356 1259 821 1317; baseline 0.013 -7"><span class='ocrx_word' id='word_1_79' title='bbox 356 1259 465 1313; x_wconf 68' lang='lat' dir='ltr'>Saurea</span> <span class='ocrx_word' id='word_1_80' title='bbox 479 1262 589 1312; x_wconf 84' lang='lat' dir='ltr'>Lucrrro</span> <span class='ocrx_word' id='word_1_81' title='bbox 611 1273 661 1313; x_wconf 87' lang='lat' dir='ltr'>suo</span> <span class='ocrx_word' id='word_1_82' title='bbox 682 1273 821 1317; x_wconf 70' lang='lat' dir='ltr'>susurru.</span> 
     </span>
    </p>
   </div>
   <div class='ocr_carea' id='block_1_4' title="bbox 100 1362 1103 3602">
    <p class='ocr_par' dir='ltr' id='par_1_4' title="bbox 100 1362 1103 3534">
     <span class='ocr_line' id='line_1_13' title="bbox 164 1362 1101 1440; baseline 0.001 -17"><span class='ocrx_word' id='word_1_83' title='bbox 164 1364 481 1439; x_wconf 84' lang='lat' dir='ltr'>Commentarios,</span> <span class='ocrx_word' id='word_1_84' title='bbox 506 1382 602 1440; x_wconf 94' lang='lat' dir='ltr'>quos</span> <span class='ocrx_word' id='word_1_85' title='bbox 622 1365 842 1440; x_wconf 89' lang='lat' dir='ltr'>desideras,</span> <span class='ocrx_word' id='word_1_86' title='bbox 864 1362 1076 1439; x_wconf 88' lang='lat' dir='ltr'>diligenter</span> <span class='ocrx_word' id='word_1_87' title='bbox 1087 1381 1101 1432; x_wconf 92' lang='lat'>1</span> 
     </span>
     <span class='ocr_line' id='line_1_14' title="bbox 100 1449 1074 1524; baseline 0.001 -15"><span class='ocrx_word' id='word_1_88' title='bbox 100 1449 305 1509; x_wconf 79' lang='lat' dir='ltr'>ordinatos</span> <span class='ocrx_word' id='word_1_89' title='bbox 333 1455 369 1507; x_wconf 85' lang='lat' dir='ltr'>et</span> <span class='ocrx_word' id='word_1_90' title='bbox 396 1449 432 1508; x_wconf 90' lang='lat' dir='ltr'>in</span> <span class='ocrx_word' id='word_1_91' title='bbox 460 1456 662 1522; x_wconf 85' lang='lat' dir='ltr'>angustum</span> <span class='ocrx_word' id='word_1_92' title='bbox 689 1456 849 1510; x_wconf 88' lang='lat' dir='ltr'>coactos</span> <span class='ocrx_word' id='word_1_93' title='bbox 884 1463 953 1524; x_wconf 88' lang='lat' dir='ltr'>ego</span> <span class='ocrx_word' id='word_1_94' title='bbox 982 1464 1074 1510; x_wconf 86' lang='lat' dir='ltr'>vcro</span> 
     </span>
     <span class='ocr_line' id='line_1_15' title="bbox 101 1531 1074 1608; baseline 0 -16"><span class='ocrx_word' id='word_1_95' title='bbox 101 1546 333 1606; x_wconf 80' lang='lat' dir='ltr'>conponam:</span> <span class='ocrx_word' id='word_1_96' title='bbox 357 1532 412 1591; x_wconf 91' lang='lat' dir='ltr'>sed</span> <span class='ocrx_word' id='word_1_97' title='bbox 431 1531 516 1606; x_wconf 89' lang='lat' dir='ltr'>vide,</span> <span class='ocrx_word' id='word_1_98' title='bbox 538 1549 576 1591; x_wconf 88' lang='lat' dir='ltr'>ne</span> <span class='ocrx_word' id='word_1_99' title='bbox 590 1533 660 1608; x_wconf 90' lang='lat' dir='ltr'>plus</span> <span class='ocrx_word' id='word_1_100' title='bbox 675 1533 835 1608; x_wconf 83' lang='lat' dir='ltr'>profutura</span> <span class='ocrx_word' id='word_1_101' title='bbox 850 1533 889 1593; x_wconf 91' lang='lat' dir='ltr'>sit</span> <span class='ocrx_word' id='word_1_102' title='bbox 902 1531 978 1593; x_wconf 88' lang='lat' dir='ltr'>ratio</span> <span class='ocrx_word' id='word_1_103' title='bbox 994 1532 1074 1593; x_wconf 91' lang='lat' dir='ltr'>ordi-</span> 
     </span>
     <span class='ocr_line' id='line_1_16' title="bbox 103 1614 1073 1691; baseline 0.003 -18"><span class='ocrx_word' id='word_1_104' title='bbox 103 1615 187 1674; x_wconf 88' lang='lat' dir='ltr'>naria</span> <span class='ocrx_word' id='word_1_105' title='bbox 201 1630 292 1689; x_wconf 89' lang='lat' dir='ltr'>quam</span> <span class='ocrx_word' id='word_1_106' title='bbox 305 1614 397 1689; x_wconf 88' lang='lat' dir='ltr'>hacc,</span> <span class='ocrx_word' id='word_1_107' title='bbox 417 1631 495 1690; x_wconf 85' lang='lat' dir='ltr'>quae</span> <span class='ocrx_word' id='word_1_108' title='bbox 507 1632 588 1676; x_wconf 89' lang='lat' dir='ltr'>nunc</span> <span class='ocrx_word' id='word_1_109' title='bbox 600 1617 690 1690; x_wconf 88' lang='lat' dir='ltr'>volgo</span> <span class='ocrx_word' id='word_1_110' title='bbox 706 1617 942 1677; x_wconf 86' lang='lat' dir='ltr'>breviarium</span> <span class='ocrx_word' id='word_1_111' title='bbox 958 1616 1073 1691; x_wconf 89' lang='lat' dir='ltr'>dicitur,</span> 
     </span>
     <span class='ocr_line' id='line_1_17' title="bbox 103 1698 1073 1775; baseline -0.001 -17"><span class='ocrx_word' id='word_1_112' title='bbox 103 1698 176 1758; x_wconf 92' lang='lat' dir='ltr'>olim</span> <span class='ocrx_word' id='word_1_113' title='bbox 197 1713 264 1757; x_wconf 89' lang='lat' dir='ltr'>curn</span> <span class='ocrx_word' id='word_1_114' title='bbox 285 1699 376 1760; x_wconf 89' lang='lat' dir='ltr'>latine</span> <span class='ocrx_word' id='word_1_115' title='bbox 397 1699 606 1775; x_wconf 85' lang='lat' dir='ltr'>loqueremur,</span> <span class='ocrx_word' id='word_1_116' title='bbox 634 1703 876 1761; x_wconf 89' lang='lat' dir='ltr'>summarium</span> <span class='ocrx_word' id='word_1_117' title='bbox 900 1699 1073 1761; x_wconf 86' lang='lat' dir='ltr'>vocabatur.</span> 
     </span>
     <span class='ocr_line' id='line_1_18' title="bbox 102 1781 1075 1860; baseline 0.001 -19"><span class='ocrx_word' id='word_1_118' title='bbox 102 1782 158 1841; x_wconf 88' lang='lat' dir='ltr'>llla</span> <span class='ocrx_word' id='word_1_119' title='bbox 177 1796 228 1842; x_wconf 91' lang='lat' dir='ltr'>res</span> <span class='ocrx_word' id='word_1_120' title='bbox 248 1783 377 1842; x_wconf 80' lang='lat' dir='ltr'>discenti</span> <span class='ocrx_word' id='word_1_121' title='bbox 397 1781 493 1858; x_wconf 87' lang='lat' dir='ltr'>magis</span> <span class='ocrx_word' id='word_1_122' title='bbox 515 1784 690 1844; x_wconf 87' lang='lat' dir='ltr'>necessaria</span> <span class='ocrx_word' id='word_1_123' title='bbox 710 1791 769 1860; x_wconf 90' lang='lat' dir='ltr'>est,</span> <span class='ocrx_word' id='word_1_124' title='bbox 792 1785 868 1845; x_wconf 88' lang='lat' dir='ltr'>haec</span> <span class='ocrx_word' id='word_1_125' title='bbox 883 1783 999 1843; x_wconf 90' lang='lat' dir='ltr'>scienti.</span> <span class='ocrx_word' id='word_1_126' title='bbox 1024 1783 1075 1842; x_wconf 90' lang='lat' dir='ltr'>illa</span> 
     </span>
     <span class='ocr_line' id='line_1_19' title="bbox 102 1865 1074 1943; baseline 0 -17"><span class='ocrx_word' id='word_1_127' title='bbox 102 1867 183 1926; x_wconf 89' lang='lat' dir='ltr'>enim</span> <span class='ocrx_word' id='word_1_128' title='bbox 199 1865 302 1938; x_wconf 89' lang='lat' dir='ltr'>docet,</span> <span class='ocrx_word' id='word_1_129' title='bbox 319 1866 395 1925; x_wconf 88' lang='lat' dir='ltr'>hacc</span> <span class='ocrx_word' id='word_1_130' title='bbox 410 1867 560 1927; x_wconf 84' lang='lat' dir='ltr'>admonet.</span> <span class='ocrx_word' id='word_1_131' title='bbox 583 1868 640 1928; x_wconf 89' lang='lat' dir='ltr'>sed</span> <span class='ocrx_word' id='word_1_132' title='bbox 653 1867 812 1943; x_wconf 88' lang='lat' dir='ltr'>utriusque</span> <span class='ocrx_word' id='word_1_133' title='bbox 826 1868 871 1929; x_wconf 90' lang='lat' dir='ltr'>rei</span> <span class='ocrx_word' id='word_1_134' title='bbox 887 1868 941 1928; x_wconf 92' lang='lat' dir='ltr'>tibi</span> <span class='ocrx_word' id='word_1_135' title='bbox 953 1867 1074 1942; x_wconf 90' lang='lat' dir='ltr'>copiam</span> 
     </span>
     <span class='ocr_line' id='line_1_20' title="bbox 101 1949 1075 2025; baseline 0 -17"><span class='ocrx_word' id='word_1_136' title='bbox 101 1949 221 2011; x_wconf 87' lang='lat' dir='ltr'>laelam.</span> <span class='ocrx_word' id='word_1_137' title='bbox 240 1956 273 2011; x_wconf 88' lang='lat' dir='ltr'>tu</span> <span class='ocrx_word' id='word_1_138' title='bbox 284 1951 307 2009; x_wconf 70' lang='lat' dir='ltr'>‘a</span> <span class='ocrx_word' id='word_1_139' title='bbox 319 1965 367 2010; x_wconf 93' lang='lat' dir='ltr'>me</span> <span class='ocrx_word' id='word_1_140' title='bbox 382 1966 443 2010; x_wconf 92' lang='lat' dir='ltr'>non</span> <span class='ocrx_word' id='word_1_141' title='bbox 459 1959 505 2012; x_wconf 91' lang='lat' dir='ltr'>est</span> <span class='ocrx_word' id='word_1_142' title='bbox 521 1950 604 2025; x_wconf 90' lang='lat' dir='ltr'>quod</span> <span class='ocrx_word' id='word_1_143' title='bbox 614 1952 699 2013; x_wconf 90' lang='lat' dir='ltr'>illum</span> <span class='ocrx_word' id='word_1_144' title='bbox 717 1961 768 2014; x_wconf 88' lang='lat' dir='ltr'>aut</span> <span class='ocrx_word' id='word_1_145' title='bbox 782 1953 864 2013; x_wconf 90' lang='lat' dir='ltr'>illum</span> <span class='ocrx_word' id='word_1_146' title='bbox 875 1951 997 2025; x_wconf 83' lang='lat' dir='ltr'>exigas=</span> <span class='ocrx_word' id='word_1_147' title='bbox 1022 1951 1075 2025; x_wconf 92' lang='lat' dir='ltr'>qui</span> 
     </span>
     <span class='ocr_line' id='line_1_21' title="bbox 101 2032 1103 2113; baseline 0.002 -22"><span class='ocrx_word' id='word_1_148' title='bbox 101 2040 241 2094; x_wconf 91' lang='lat' dir='ltr'>notorem</span> <span class='ocrx_word' id='word_1_149' title='bbox 262 2033 328 2107; x_wconf 92' lang='lat' dir='ltr'>dat,</span> <span class='ocrx_word' id='word_1_150' title='bbox 356 2035 477 2109; x_wconf 89' lang='lat' dir='ltr'>ignotus</span> <span class='ocrx_word' id='word_1_151' title='bbox 500 2042 555 2095; x_wconf 89' lang='lat' dir='ltr'>cst.</span> <span class='ocrx_word' id='word_1_152' title='bbox 594 2035 728 2096; x_wconf 81' lang='lat' dir='ltr'>Scribam</span> <span class='ocrx_word' id='word_1_153' title='bbox 747 2052 819 2112; x_wconf 91' lang='lat' dir='ltr'>ergo</span> <span class='ocrx_word' id='word_1_154' title='bbox 836 2032 996 2113; x_wconf 88' lang='lat' dir='ltr'>quodvis,</span> <span class='ocrx_word' id='word_1_155' title='bbox 1018 2035 1103 2104; x_wconf 69' lang='lat' dir='ltr'>scdq</span> 
     </span>
     <span class='ocr_line' id='line_1_22' title="bbox 102 2115 1073 2196; baseline 0.002 -21"><span class='ocrx_word' id='word_1_156' title='bbox 102 2131 171 2177; x_wconf 90' lang='lat' dir='ltr'>meo</span> <span class='ocrx_word' id='word_1_157' title='bbox 188 2132 289 2177; x_wconf 69' lang='lat' dir='ltr'>morer</span> <span class='ocrx_word' id='word_1_158' title='bbox 312 2115 430 2178; x_wconf 89' lang='lat' dir='ltr'>interim</span> <span class='ocrx_word' id='word_1_159' title='bbox 444 2120 554 2179; x_wconf 88' lang='lat' dir='ltr'>multos</span> <span class='ocrx_word' id='word_1_160' title='bbox 569 2118 679 2194; x_wconf 89' lang='lat' dir='ltr'>habes,</span> <span class='ocrx_word' id='word_1_161' title='bbox 699 2137 827 2195; x_wconf 92' lang='lat' dir='ltr'>quorum</span> <span class='ocrx_word' id='word_1_162' title='bbox 840 2119 954 2196; x_wconf 84' lang='lat' dir='ltr'>scripta</span> <span class='ocrx_word' id='word_1_163' title='bbox 967 2117 1073 2180; x_wconf 90' lang='lat' dir='ltr'>nescio</span> 
     </span>
     <span class='ocr_line' id='line_1_23' title="bbox 102 2201 1074 2279; baseline 0.002 -20"><span class='ocrx_word' id='word_1_164' title='bbox 102 2217 142 2259; x_wconf 85' lang='lat' dir='ltr'>an</span> <span class='ocrx_word' id='word_1_165' title='bbox 162 2201 238 2260; x_wconf 87' lang='lat' dir='ltr'>satis</span> <span class='ocrx_word' id='word_1_166' title='bbox 259 2201 408 2262; x_wconf 87' lang='lat' dir='ltr'>ordinent.</span> <span class='ocrx_word' id='word_1_167' title='bbox 446 2201 537 2262; x_wconf 92' lang='lat' dir='ltr'>Sume</span> <span class='ocrx_word' id='word_1_168' title='bbox 557 2203 587 2263; x_wconf 90' lang='lat' dir='ltr'>in</span> <span class='ocrx_word' id='word_1_169' title='bbox 606 2219 714 2264; x_wconf 86' lang='lat' dir='ltr'>manus</span> <span class='ocrx_word' id='word_1_170' title='bbox 729 2201 859 2264; x_wconf 91' lang='lat' dir='ltr'>indicem</span> <span class='ocrx_word' id='word_1_171' title='bbox 875 2201 1074 2279; x_wconf 89' lang='lat' dir='ltr'>philosopho-</span> 
     </span>
     <span class='ocr_line' id='line_1_24' title="bbox 102 2282 1074 2361; baseline 0 -18"><span class='ocrx_word' id='word_1_172' title='bbox 102 2300 181 2343; x_wconf 79' lang='lat' dir='ltr'>rum:</span> <span class='ocrx_word' id='word_1_173' title='bbox 203 2284 282 2344; x_wconf 91' lang='lat' dir='ltr'>haec</span> <span class='ocrx_word' id='word_1_174' title='bbox 294 2282 363 2359; x_wconf 90' lang='lat' dir='ltr'>ipsa</span> <span class='ocrx_word' id='word_1_175' title='bbox 376 2300 427 2345; x_wconf 86' lang='lat' dir='ltr'>res</span> <span class='ocrx_word' id='word_1_176' title='bbox 442 2285 615 2361; x_wconf 84' lang='lat' dir='ltr'>expergisci</span> <span class='ocrx_word' id='word_1_177' title='bbox 629 2293 659 2347; x_wconf 89' lang='lat' dir='ltr'>te</span> <span class='ocrx_word' id='word_1_178' title='bbox 674 2295 775 2361; x_wconf 88' lang='lat' dir='ltr'>coget,</span> <span class='ocrx_word' id='word_1_179' title='bbox 795 2286 821 2346; x_wconf 89' lang='lat' dir='ltr'>si</span> <span class='ocrx_word' id='word_1_180' title='bbox 836 2285 964 2357; x_wconf 88' lang='lat' dir='ltr'>videris,</span> <span class='ocrx_word' id='word_1_181' title='bbox 983 2300 1074 2361; x_wconf 90' lang='lat' dir='ltr'>quam</span> 
     </span>
     <span class='ocr_line' id='line_1_25' title="bbox 104 2365 1073 2445; baseline -0.001 -17"><span class='ocrx_word' id='word_1_182' title='bbox 104 2368 187 2428; x_wconf 86' lang='lat' dir='ltr'>multi</span> <span class='ocrx_word' id='word_1_183' title='bbox 206 2365 261 2428; x_wconf 93' lang='lat' dir='ltr'>tibi</span> <span class='ocrx_word' id='word_1_184' title='bbox 281 2368 492 2430; x_wconf 87' lang='lat' dir='ltr'>laboraverint.</span> <span class='ocrx_word' id='word_1_185' title='bbox 525 2370 726 2444; x_wconf 92' lang='lat' dir='ltr'>concupisces</span> <span class='ocrx_word' id='word_1_186' title='bbox 742 2369 853 2445; x_wconf 90' lang='lat' dir='ltr'>etipse</span> <span class='ocrx_word' id='word_1_187' title='bbox 867 2386 907 2430; x_wconf 93' lang='lat' dir='ltr'>ex</span> <span class='ocrx_word' id='word_1_188' title='bbox 920 2369 979 2428; x_wconf 88' lang='lat' dir='ltr'>illis</span> <span class='ocrx_word' id='word_1_189' title='bbox 994 2384 1073 2428; x_wconf 91' lang='lat' dir='ltr'>unus</span> 
     </span>
     <span class='ocr_line' id='line_1_26' title="bbox 102 2451 1073 2529; baseline -0.001 -17"><span class='ocrx_word' id='word_1_190' title='bbox 102 2467 182 2512; x_wconf 89' lang='lat' dir='ltr'>esse.</span> <span class='ocrx_word' id='word_1_191' title='bbox 205 2451 321 2512; x_wconf 87' lang='lat' dir='ltr'>habet</span> <span class='ocrx_word' id='word_1_192' title='bbox 339 2453 419 2513; x_wconf 89' lang='lat' dir='ltr'>enim</span> <span class='ocrx_word' id='word_1_193' title='bbox 441 2453 514 2513; x_wconf 92' lang='lat' dir='ltr'>hoc</span> <span class='ocrx_word' id='word_1_194' title='bbox 535 2455 716 2529; x_wconf 90' lang='lat' dir='ltr'>optimum</span> <span class='ocrx_word' id='word_1_195' title='bbox 737 2453 772 2512; x_wconf 91' lang='lat' dir='ltr'>in</span> <span class='ocrx_word' id='word_1_196' title='bbox 795 2469 837 2514; x_wconf 90' lang='lat' dir='ltr'>se</span> <span class='ocrx_word' id='word_1_197' title='bbox 857 2466 1073 2528; x_wconf 87' lang='lat' dir='ltr'>generosus</span> 
     </span>
     <span class='ocr_line' id='line_1_27' title="bbox 102 2534 1074 2611; baseline -0.002 -16"><span class='ocrx_word' id='word_1_198' title='bbox 102 2535 266 2608; x_wconf 87' lang='lat' dir='ltr'>animus,</span> <span class='ocrx_word' id='word_1_199' title='bbox 290 2537 393 2611; x_wconf 92' lang='lat' dir='ltr'>quod</span> <span class='ocrx_word' id='word_1_200' title='bbox 414 2537 633 2599; x_wconf 88' lang='lat' dir='ltr'>concitatur</span> <span class='ocrx_word' id='word_1_201' title='bbox 654 2538 697 2598; x_wconf 89' lang='lat' dir='ltr'>ad</span> <span class='ocrx_word' id='word_1_202' title='bbox 719 2537 894 2598; x_wconf 82' lang='lat' dir='ltr'>honesta.</span> <span class='ocrx_word' id='word_1_203' title='bbox 924 2534 1074 2595; x_wconf 89' lang='lat' dir='ltr'>neminem</span> 
     </span>
     <span class='ocr_line' id='line_1_28' title="bbox 102 2619 1072 2695; baseline 0 -17"><span class='ocrx_word' id='word_1_204' title='bbox 102 2619 217 2679; x_wconf 91' lang='lat' dir='ltr'>excelsi</span> <span class='ocrx_word' id='word_1_205' title='bbox 239 2620 351 2695; x_wconf 89' lang='lat' dir='ltr'>ingenii</span> <span class='ocrx_word' id='word_1_206' title='bbox 372 2620 469 2681; x_wconf 91' lang='lat' dir='ltr'>virum</span> <span class='ocrx_word' id='word_1_207' title='bbox 487 2621 612 2682; x_wconf 87' lang='lat' dir='ltr'>humilia</span> <span class='ocrx_word' id='word_1_208' title='bbox 632 2622 782 2683; x_wconf 89' lang='lat' dir='ltr'>delectant</span> <span class='ocrx_word' id='word_1_209' title='bbox 800 2630 829 2682; x_wconf 93' lang='lat' dir='ltr'>et</span> <span class='ocrx_word' id='word_1_210' title='bbox 848 2619 987 2682; x_wconf 79' lang='lat' dir='ltr'>sordida:</span> <span class='ocrx_word' id='word_1_211' title='bbox 1010 2635 1072 2678; x_wconf 91' lang='lat' dir='ltr'>ma-</span> 
     </span>
     <span class='ocr_line' id='line_1_29' title="bbox 101 2701 1103 2780; baseline 0.001 -18"><span class='ocrx_word' id='word_1_212' title='bbox 101 2719 230 2778; x_wconf 88' lang='lat' dir='ltr'>gnarum</span> <span class='ocrx_word' id='word_1_213' title='bbox 251 2719 351 2764; x_wconf 87' lang='lat' dir='ltr'>rerum</span> <span class='ocrx_word' id='word_1_214' title='bbox 371 2705 491 2780; x_wconf 87' lang='lat' dir='ltr'>specics</span> <span class='ocrx_word' id='word_1_215' title='bbox 512 2706 552 2765; x_wconf 92' lang='lat' dir='ltr'>ad</span> <span class='ocrx_word' id='word_1_216' title='bbox 569 2721 604 2766; x_wconf 89' lang='lat' dir='ltr'>se</span> <span class='ocrx_word' id='word_1_217' title='bbox 618 2712 709 2766; x_wconf 89' lang='lat' dir='ltr'>vocat</span> <span class='ocrx_word' id='word_1_218' title='bbox 723 2711 753 2765; x_wconf 89' lang='lat' dir='ltr'>et</span> <span class='ocrx_word' id='word_1_219' title='bbox 767 2705 892 2766; x_wconf 82' lang='lat' dir='ltr'>extollit.</span> <span class='ocrx_word' id='word_1_220' title='bbox 926 2701 1103 2778; x_wconf 75' lang='lat' dir='ltr'>Quemads</span> 
     </span>
     <span class='ocr_line' id='line_1_30' title="bbox 102 2785 1073 2864; baseline 0 -18"><span class='ocrx_word' id='word_1_221' title='bbox 102 2786 227 2847; x_wconf 89' lang='lat' dir='ltr'>modum</span> <span class='ocrx_word' id='word_1_222' title='bbox 246 2785 369 2848; x_wconf 90' lang='lat' dir='ltr'>flamma</span> <span class='ocrx_word' id='word_1_223' title='bbox 388 2789 484 2863; x_wconf 83' lang='lat' dir='ltr'>surgit</span> <span class='ocrx_word' id='word_1_224' title='bbox 501 2791 531 2848; x_wconf 95' lang='lat' dir='ltr'>in</span> <span class='ocrx_word' id='word_1_225' title='bbox 551 2796 680 2864; x_wconf 87' lang='lat' dir='ltr'>rectum,</span> <span class='ocrx_word' id='word_1_226' title='bbox 702 2791 802 2850; x_wconf 89' lang='lat' dir='ltr'>iacere</span> <span class='ocrx_word' id='word_1_227' title='bbox 819 2806 855 2850; x_wconf 92' lang='lat' dir='ltr'>ac</span> <span class='ocrx_word' id='word_1_228' title='bbox 870 2785 998 2864; x_wconf 89' lang='lat' dir='ltr'>deprimi</span> <span class='ocrx_word' id='word_1_229' title='bbox 1012 2803 1073 2847; x_wconf 90' lang='lat' dir='ltr'>non</span> 
     </span>
     <span class='ocr_line' id='line_1_31' title="bbox 101 2868 1073 2947; baseline -0.002 -15"><span class='ocrx_word' id='word_1_230' title='bbox 101 2877 220 2946; x_wconf 88' lang='lat' dir='ltr'>potest,</span> <span class='ocrx_word' id='word_1_231' title='bbox 242 2888 304 2931; x_wconf 90' lang='lat' dir='ltr'>non</span> <span class='ocrx_word' id='word_1_232' title='bbox 326 2873 424 2946; x_wconf 89' lang='lat' dir='ltr'>magis</span> <span class='ocrx_word' id='word_1_233' title='bbox 439 2888 528 2947; x_wconf 87' lang='lat' dir='ltr'>quam</span> <span class='ocrx_word' id='word_1_234' title='bbox 547 2873 719 2946; x_wconf 81' lang='lat' dir='ltr'>quiescere:</span> <span class='ocrx_word' id='word_1_235' title='bbox 737 2873 778 2934; x_wconf 90' lang='lat' dir='ltr'>ita</span> <span class='ocrx_word' id='word_1_236' title='bbox 792 2880 897 2935; x_wconf 89' lang='lat' dir='ltr'>noster</span> <span class='ocrx_word' id='word_1_237' title='bbox 911 2868 1073 2932; x_wconf 87' lang='lat' dir='ltr'>animusin</span> 
     </span>
     <span class='ocr_line' id='line_1_32' title="bbox 101 2953 1073 3033; baseline -0.001 -18"><span class='ocrx_word' id='word_1_238' title='bbox 101 2960 186 3016; x_wconf 89' lang='lat' dir='ltr'>motu</span> <span class='ocrx_word' id='word_1_239' title='bbox 200 2962 262 3026; x_wconf 89' lang='lat' dir='ltr'>est,</span> <span class='ocrx_word' id='word_1_240' title='bbox 286 2971 322 3016; x_wconf 89' lang='lat' dir='ltr'>co</span> <span class='ocrx_word' id='word_1_241' title='bbox 337 2953 478 3017; x_wconf 88' lang='lat' dir='ltr'>mobilior</span> <span class='ocrx_word' id='word_1_242' title='bbox 491 2964 521 3018; x_wconf 91' lang='lat' dir='ltr'>et</span> <span class='ocrx_word' id='word_1_243' title='bbox 534 2957 696 3033; x_wconf 87' lang='lat' dir='ltr'>actuosior,</span> <span class='ocrx_word' id='word_1_244' title='bbox 720 2974 780 3032; x_wconf 92' lang='lat' dir='ltr'>quo</span> <span class='ocrx_word' id='word_1_245' title='bbox 792 2953 998 3017; x_wconf 86' lang='lat' dir='ltr'>vehementior</span> <span class='ocrx_word' id='word_1_246' title='bbox 1010 2957 1073 3016; x_wconf 87' lang='lat' dir='ltr'>lue·</span> 
     </span>
     <span class='ocr_line' id='line_1_33' title="bbox 102 3038 1075 3116; baseline -0.002 -18"><span class='ocrx_word' id='word_1_247' title='bbox 102 3040 149 3100; x_wconf 88' lang='lat' dir='ltr'>rit.</span> <span class='ocrx_word' id='word_1_248' title='bbox 183 3038 247 3100; x_wconf 87' lang='lat' dir='ltr'>Sed</span> <span class='ocrx_word' id='word_1_249' title='bbox 262 3038 349 3114; x_wconf 88' lang='lat' dir='ltr'>lelix,</span> <span class='ocrx_word' id='word_1_250' title='bbox 370 3040 422 3115; x_wconf 89' lang='lat' dir='ltr'>qui</span> <span class='ocrx_word' id='word_1_251' title='bbox 437 3039 477 3099; x_wconf 86' lang='lat' dir='ltr'>ad</span> <span class='ocrx_word' id='word_1_252' title='bbox 490 3040 615 3100; x_wconf 88' lang='lat' dir='ltr'>meliora</span> <span class='ocrx_word' id='word_1_253' title='bbox 626 3040 706 3100; x_wconf 90' lang='lat' dir='ltr'>hunc</span> <span class='ocrx_word' id='word_1_254' title='bbox 717 3039 852 3116; x_wconf 91' lang='lat' dir='ltr'>inpetum</span> <span class='ocrx_word' id='word_1_255' title='bbox 863 3038 961 3100; x_wconf 73' lang='lat' dir='ltr'>deditz</span> <span class='ocrx_word' id='word_1_256' title='bbox 981 3046 1075 3114; x_wconf 91' lang='lat' dir='ltr'>ponet</span> 
     </span>
     <span class='ocr_line' id='line_1_34' title="bbox 102 3119 1073 3199; baseline -0.001 -17"><span class='ocrx_word' id='word_1_257' title='bbox 102 3138 137 3183; x_wconf 85' lang='lat' dir='ltr'>sc</span> <span class='ocrx_word' id='word_1_258' title='bbox 157 3128 246 3183; x_wconf 87' lang='lat' dir='ltr'>extra</span> <span class='ocrx_word' id='word_1_259' title='bbox 265 3123 314 3184; x_wconf 92' lang='lat' dir='ltr'>ius</span> <span class='ocrx_word' id='word_1_260' title='bbox 336 3121 540 3199; x_wconf 90' lang='lat' dir='ltr'>ditionemque</span> <span class='ocrx_word' id='word_1_261' title='bbox 560 3125 707 3186; x_wconf 80' lang='lat' dir='ltr'>fortunae.</span> <span class='ocrx_word' id='word_1_262' title='bbox 736 3124 873 3185; x_wconf 88' lang='lat' dir='ltr'>secunda</span> <span class='ocrx_word' id='word_1_263' title='bbox 886 3119 1073 3196; x_wconf 84' lang='lat' dir='ltr'>temperabit,</span> 
     </span>
     <span class='ocr_line' id='line_1_35' title="bbox 102 3202 1102 3281; baseline -0.003 -15"><span class='ocrx_word' id='word_1_264' title='bbox 102 3207 234 3268; x_wconf 88' lang='lat' dir='ltr'>adversa</span> <span class='ocrx_word' id='word_1_265' title='bbox 256 3205 440 3268; x_wconf 90' lang='lat' dir='ltr'>comminuet</span> <span class='ocrx_word' id='word_1_266' title='bbox 462 3213 491 3267; x_wconf 90' lang='lat' dir='ltr'>et</span> <span class='ocrx_word' id='word_1_267' title='bbox 512 3205 578 3268; x_wconf 86' lang='lat' dir='ltr'>aliis</span> <span class='ocrx_word' id='word_1_268' title='bbox 594 3205 771 3267; x_wconf 88' lang='lat' dir='ltr'>admiranda</span> <span class='ocrx_word' id='word_1_269' title='bbox 786 3204 942 3281; x_wconf 89' lang='lat' dir='ltr'>despiciet.</span> <span class='ocrx_word' id='word_1_270' title='bbox 974 3202 1102 3277; x_wconf 70' lang='lat' dir='ltr'>Magnis</span> 
     </span>
     <span class='ocr_line' id='line_1_36' title="bbox 101 3286 1073 3367; baseline -0.005 -18"><span class='ocrx_word' id='word_1_271' title='bbox 101 3289 193 3351; x_wconf 85' lang='lat' dir='ltr'>animi</span> <span class='ocrx_word' id='word_1_272' title='bbox 209 3297 258 3354; x_wconf 90' lang='lat' dir='ltr'>est</span> <span class='ocrx_word' id='word_1_273' title='bbox 273 3306 384 3367; x_wconf 84' lang='lat' dir='ltr'>magna</span> <span class='ocrx_word' id='word_1_274' title='bbox 399 3297 593 3352; x_wconf 87' lang='lat' dir='ltr'>contemnere</span> <span class='ocrx_word' id='word_1_275' title='bbox 604 3306 641 3351; x_wconf 89' lang='lat' dir='ltr'>ac</span> <span class='ocrx_word' id='word_1_276' title='bbox 652 3291 816 3350; x_wconf 89' lang='lat' dir='ltr'>mediocria</span> <span class='ocrx_word' id='word_1_277' title='bbox 827 3288 916 3348; x_wconf 88' lang='lat' dir='ltr'>malle</span> <span class='ocrx_word' id='word_1_278' title='bbox 928 3303 1018 3362; x_wconf 88' lang='lat' dir='ltr'>quam</span> <span class='ocrx_word' id='word_1_279' title='bbox 1030 3286 1073 3344; x_wconf 93' lang='lat' dir='ltr'>ni·</span> 
     </span>
     <span class='ocr_line' id='line_1_37' title="bbox 102 3372 1074 3450; baseline -0.003 -17"><span class='ocrx_word' id='word_1_280' title='bbox 102 3375 171 3434; x_wconf 90' lang='lat' dir='ltr'>mia.</span> <span class='ocrx_word' id='word_1_281' title='bbox 203 3373 256 3436; x_wconf 88' lang='lat' dir='ltr'>illa</span> <span class='ocrx_word' id='word_1_282' title='bbox 277 3372 357 3435; x_wconf 89' lang='lat' dir='ltr'>enim</span> <span class='ocrx_word' id='word_1_283' title='bbox 375 3374 460 3436; x_wconf 87' lang='lat' dir='ltr'>utilia</span> <span class='ocrx_word' id='word_1_284' title='bbox 480 3374 643 3450; x_wconf 88' lang='lat' dir='ltr'>vitaliaque</span> <span class='ocrx_word' id='word_1_285' title='bbox 670 3383 749 3436; x_wconf 90' lang='lat' dir='ltr'>sunt.</span> <span class='ocrx_word' id='word_1_286' title='bbox 782 3380 812 3435; x_wconf 91' lang='lat' dir='ltr'>at</span> <span class='ocrx_word' id='word_1_287' title='bbox 834 3373 910 3432; x_wconf 88' lang='lat' dir='ltr'>haec</span> <span class='ocrx_word' id='word_1_288' title='bbox 936 3386 989 3442; x_wconf 86' lang='lat' dir='ltr'>co,</span> <span class='ocrx_word' id='word_1_289' title='bbox 1013 3386 1074 3446; x_wconf 90' lang='lat' dir='ltr'>quo</span> 
     </span>
     <span class='ocr_line' id='line_1_38' title="bbox 103 3455 1072 3534; baseline -0.002 -16"><span class='ocrx_word' id='word_1_290' title='bbox 103 3457 313 3534; x_wconf 86' lang='lat' dir='ltr'>superfluunt,</span> <span class='ocrx_word' id='word_1_291' title='bbox 338 3466 463 3520; x_wconf 76' lang='lat' dir='ltr'>nocent:</span> <span class='ocrx_word' id='word_1_292' title='bbox 486 3459 531 3519; x_wconf 91' lang='lat' dir='ltr'>sic</span> <span class='ocrx_word' id='word_1_293' title='bbox 552 3466 686 3534; x_wconf 90' lang='lat' dir='ltr'>segetem</span> <span class='ocrx_word' id='word_1_294' title='bbox 707 3457 796 3517; x_wconf 87' lang='lat' dir='ltr'>nimia</span> <span class='ocrx_word' id='word_1_295' title='bbox 817 3456 922 3516; x_wconf 92' lang='lat' dir='ltr'>sternit</span> <span class='ocrx_word' id='word_1_296' title='bbox 938 3455 1072 3526; x_wconf 85' lang='lat' dir='ltr'>ubertas,</span> 
     </span>
    </p>

    <p class='ocr_par' dir='ltr' id='par_1_5' title="bbox 146 3544 925 3602">
     <span class='ocr_line' id='line_1_39' title="bbox 146 3544 925 3602; baseline 0.003 -2"><span class='ocrx_word' id='word_1_297' title='bbox 146 3560 248 3602; x_wconf 74' lang='lat' dir='ltr'>surrex</span> <span class='ocrx_word' id='word_1_298' title='bbox 266 3563 335 3602; x_wconf 75' lang='lat' dir='ltr'>rau.</span> <span class='ocrx_word' id='word_1_299' title='bbox 356 3544 400 3597; x_wconf 90' lang='lat'>111.</span> <span class='ocrx_word' id='word_1_300' title='bbox 908 3547 925 3602; x_wconf 88' lang='grc'><strong>6</strong></span> 
     </span>
    </p>
   </div>
   <div class='ocr_carea' id='block_1_5' title="bbox 0 0 1238 3930">
    <p class='ocr_par' dir='ltr' id='par_1_6' title="bbox 0 0 1238 3930">
     <span class='ocr_line' id='line_1_40' title="bbox 0 0 1238 3930; baseline 0 0"><span class='ocrx_word' id='word_1_301' title='bbox 0 0 1238 3930; x_wconf 95' lang='lat' dir='ltr'> </span> 
     </span>
    </p>
   </div>
  </div>
 </body>
</html>
