2468 3930
160 229 330 292 EPISTUL.
345 228 439 292 MOR.
460 231 532 290 LIB.
547 230 654 291 XVIII.
676 230 733 290 ΕΡ.
745 240 772 292 5.
784 239 810 294 6.
828 238 902 306 (108.
916 234 990 303 109.)
1015 229 1078 294 359

101 385 224 446 relictus
240 382 299 442 sibi
313 383 469 458 explicare
484 389 585 457 partes
601 398 684 445 suas.
708 389 808 443 utetur
826 381 951 457 propria
964 381 1077 444 veloci·

102 474 175 529 tate:
205 467 263 527 sed
283 466 476 528 nihilominus
499 466 622 525 adiuvat
644 466 734 526 etiam
750 472 921 526 currentem
934 465 1077 528 hortator.

101 551 166 615 Non
181 551 310 626 prodest
322 549 452 626 sapienti
465 549 600 624 sapiens,
616 551 672 609 sed
687 549 744 609 sibi
755 550 832 625 ipse.
846 549 907 610 hoc
919 555 972 623 [at]
985 553 1077 627 scias,

102 634 228 697 detrahe
247 634 289 695 illi
316 636 377 693 vim
398 634 554 708 propriam
575 640 605 693 et
621 634 671 692 ille
684 633 758 692 nihil
774 635 843 708 agit.
887 634 968 709 „Isto
984 637 1106 697 modoi

103 719 187 779 dieas
204 719 274 778 licet
288 734 350 777 non
367 731 438 777 esse
454 716 485 776 in
499 718 588 776 melle
608 717 816 777 dulcedinem:
846 734 916 777 narn
935 719 998 780 nisi
1017 721 1077 792 ille,

103 801 240 879 quiesse
255 801 372 875 debeat
389 801 430 862 ita
444 807 566 876 aptatus
583 800 686 876 lingua
701 802 865 876 palatoque
881 805 982 863 estad
997 804 1078 865 eius-

101 886 185 948 modi
199 892 327 961 gustum,
343 892 376 946 ut
390 885 470 945 illum
483 886 551 946 talis
567 901 661 960 sapor
678 884 784 960 capiat„
804 884 985 946 offendetur.
1008 897 1081 950 sunt

102 971 182 1030 enim
202 970 339 1045 quidam,
359 969 468 1043 quibus
490 969 587 1030 morbi
604 968 673 1028 vitio
689 969 747 1027 mel
762 984 897 1028 amarum
912 969 1078 1031 videatur.“
1163 968 1166 974 '

103 1053 231 1130 Oportet
251 1060 414 1128 utrumque
433 1054 547 1126 valere,
569 1058 603 1112 ut
626 1060 656 1113 et
674 1053 724 1112 ille
749 1052 900 1127 prodesse
925 1054 1026 1127 possit
1050 1061 1081 1115 et

101 1136 151 1198 hic
182 1138 339 1212 profuturo
368 1137 480 1198 idonea
509 1135 635 1196 materia
663 1135 712 1196 sit.
755 1137 809 1209 „ln
839 1152 1005 1213 summum,
1037 1138 1109 1200 in·8

103 1222 182 1297 quit,
206 1221 353 1296 perducto
369 1223 502 1282 calorem
519 1219 651 1280 calelleri
666 1236 893 1294 supervacuum
915 1227 970 1280 est.
1000 1227 1031 1281 et
1050 1221 1080 1280 in

102 1320 252 1367 summum
271 1305 416 1380 perducto
438 1305 552 1365 bonum
574 1320 785 1379 supervacuus
808 1310 868 1376 est,
899 1304 951 1379 qui
974 1306 1080 1380 prosit.

101 1389 251 1464 numquid
265 1388 428 1450 instructus
444 1387 583 1450 omnibus
598 1388 691 1448 rebus
703 1388 838 1463 agricola
849 1387 887 1447 ab
900 1389 959 1448 alio
972 1389 1081 1450 instrui

103 1473 241 1549 qrraerit‘t
266 1471 413 1548 numquid
433 1479 566 1533 armatus
587 1471 673 1532 miles
692 1479 837 1547 quantum
857 1472 887 1531 in
905 1473 1002 1533 aciem
1017 1474 1080 1533 exi·

101 1564 169 1618 turo
185 1556 260 1617 satis
276 1564 323 1617 est
338 1558 413 1631 [uti],
429 1556 559 1632 amplius
574 1572 658 1615 arma
672 1555 848 1616 desiderat?
869 1571 942 1631 ergo
958 1573 1016 1617 nec
1031 1574 1080 1618 sa-

101 1640 202 1717 piens.
236 1643 310 1702 satis
331 1641 411 1701 enim
431 1642 512 1701 vitae
538 1640 719 1714 instructus,
748 1640 822 1701 satis
844 1647 977 1702 armatus
1002 1647 1080 1702 est.“

103 1725 153 1790 Ad
173 1725 251 1785 llaec
272 1727 462 1800 respondeo:
484 1732 513 1785 et
535 1723 587 1799 qui
606 1724 637 1782 in
652 1741 771 1785 summo
788 1731 887 1785 motus
902 1732 950 1785 est
969 1728 1109 1799 colorati

102 1809 189 1888 [opst]
204 1808 340 1883 adiecto,
362 1817 396 1869 ut
412 1825 499 1870 suum
515 1815 625 1869 teneat.
669 1807 752 1882 „Sed
765 1808 834 1884 ipse
848 1825 893 1882 se,
907 1810 1013 1885 inquil,
1030 1826 1080 1870 ca-

101 1894 148 1954 lor
168 1894 333 1953 continet.“
376 1893 505 1953 Primum
525 1894 649 1953 multum
670 1893 796 1954 interest
816 1894 893 1954 inter
906 1894 979 1968 ista,
1002 1909 1081 1970 quae

101 1991 265 2052 conpares.
300 1978 384 2038 calor
410 1976 489 2037 enim
514 1993 594 2036 unus
619 1984 681 2050 est,
709 1978 860 2053 prodesse
885 1978 1000 2038 varium
1023 1985 1079 2039 est.

101 2060 220 2123 Deinde
236 2061 321 2120 calor
334 2077 397 2122 non
413 2061 572 2121 adiuvatur·
586 2061 758 2121 adiectione
774 2062 898 2133 caloris,
921 2069 955 2123 ut
969 2064 1079 2123 caleat:

100 2143 228 2221 sapiens
242 2161 304 2206 nou
319 2152 422 2221 potest
438 2146 468 2204 in
483 2145 587 2204 habitu
601 2144 711 2204 mentis
726 2161 802 2205 suae
818 2150 914 2218 stare,
931 2144 990 2205 nisi
1006 2146 1079 2206 ami-

101 2244 157 2292 cos
172 2229 295 2304 aliquos
311 2228 425 2290 similes
441 2229 487 2288 sui
503 2226 632 2298 admisit
650 2243 719 2288 cum
735 2228 846 2303 quibus
864 2227 990 2289 virtutes
1006 2245 1080 2289 suas

100 2313 313 2374 communicet.
358 2313 456 2372 Adice
471 2327 567 2383 nuuc,
589 2311 674 2386 quod
689 2312 829 2372 omnibus
845 2313 923 2371 inter
939 2328 974 2372 se
988 2314 1125 2374 virtu-10

102 2397 183 2458 tibus
198 2395 329 2456 amicitia
349 2404 405 2456 est.
439 2397 542 2471 itaque
564 2395 705 2469 prodest,
732 2396 784 2471 qui
804 2396 931 2456 virtutes
952 2396 1081 2457 alicuine

101 2496 194 2558 pares
216 2481 281 2542 suis
306 2487 386 2541 amat
405 2481 617 2554 amandasque
641 2480 772 2539 invicem
796 2485 940 2554 praestat
972 2480 1082 2540 similia

101 2565 268 2637 delectant,
291 2566 396 2640 utique
416 2564 468 2624 ubi
483 2565 613 2624 honesta
628 2570 699 2624 sunt
714 2572 744 2624 et
758 2563 891 2639 probare
905 2579 941 2624 ac
957 2561 1082 2639 probari

101 2647 211 2709 solunt.
241 2648 420 2708 Etiamnunc
434 2647 583 2724 sapientis
596 2647 728 2708 animum
744 2649 838 2723 perite
853 2662 977 2708 movere
992 2662 1081 2708 nemo
1091 2655 1123 2708 11

100 2732 179 2794 alius
196 2738 300 2807 potest
315 2749 406 2807 quarn
421 2734 563 2808 sapiens,
586 2730 667 2793 sicut
679 2732 833 2794 homiuem
848 2747 974 2793 movere
988 2732 1081 2793 ratio·

100 2815 210 2875 naliter
224 2831 285 2876 non
301 2821 404 2891 potest
417 2816 475 2876 nisi
490 2817 593 2877 homo.
617 2819 772 2891 quomodo
788 2833 861 2891 ergo
878 2816 918 2876 ad
933 2816 1081 2877 rationem

99 2899 284 2960 movendam
306 2900 424 2961 ratione
445 2915 525 2977 opus
549 2908 611 2975 est,
634 2900 680 2962 sic
696 2910 729 2963 ut
748 2908 907 2962 moveatur
920 2901 996 2962 ratio
1012 2915 1080 2976 per-

99 2983 191 3057 lecta,
208 2998 288 3059 opus
303 2990 350 3044 est
363 2985 480 3045 ratione
496 2986 639 3060 perlecta.
668 2985 821 3047 Prodesse
836 2985 976 3044 dicuntur
988 2991 1019 3044 et
1030 2984 1083 3058 qui
1091 2993 1124 3046 ln

100 3065 203 3127 media
218 3065 307 3129 nobIs
321 3069 495 3143 largiuntur,
509 3068 677 3143 pecuniam,
689 3070 824 3142 gratiam,
837 3067 1081 3138 incolumitatem,

99 3149 162 3210 alia
176 3151 207 3210 in
222 3168 299 3212 usus
313 3149 394 3212 vitae
406 3168 477 3212 cora
490 3157 541 3211 aut
551 3151 736 3210 necessaria.
761 3152 790 3210 in
802 3151 849 3210 his
863 3151 980 3210 dicetur
992 3150 1080 3208 etiam

99 3235 213 3294 stultus
234 3236 387 3310 prodesse
409 3234 548 3311 sapienti.
583 3234 736 3308 prodesse
756 3240 856 3293 autem
877 3239 925 3293 est
948 3231 1082 3293 animum

101 3317 274 3379 seeundum
288 3328 424 3380 naturam
439 3332 564 3378 movere
580 3318 689 3378 virtute
704 3333 761 3376 sua
776 3321 809 3374 ut
823 3315 898 3389 eius,
915 3315 967 3389 qui
977 3330 1081 3375 move·

100 3400 191 3461 bitur.
212 3401 272 3464 hoc
286 3419 349 3464 non
365 3402 433 3462 sine
443 3401 541 3478 ipsius
556 3417 688 3476 quoque,
701 3400 753 3476 qui
766 3398 909 3477 proderit,
925 3398 1008 3460 bono
1019 3397 1080 3460 flet

102 3498 232 3546 necesse
256 3481 328 3569 [est]
344 3484 430 3548 enim
443 3481 583 3548 alienam
594 3485 735 3547 virmtem
749 3482 924 3546 exercendo
938 3488 1083 3547 exerceat
