2468 3930
383 434 418 516 l.
444 433 585 518 lllltll
611 434 783 523 tllttll

448 585 509 656 un,
528 586 714 639 lucrorum

140 703 632 806 EPISTULARUM
673 706 1029 808 Mttllldll

476 873 612 937 llulllt
632 873 695 935 vll.

403 1162 623 1226 EPISTULA
648 1165 670 1219 l.
699 1163 771 1234 (63.)

351 1257 461 1309 Serscu
478 1258 590 1318 Lucum
609 1268 661 1308 suo
681 1265 819 1307 susurru.

157 1360 321 1432 Moleste
345 1360 430 1429 lero
452 1362 685 1425 decessisse
708 1360 886 1428 Flaccum
913 1354 1105 1420 umisumt

97 1454 215 1518 tuum,
235 1445 325 1520 plus
350 1450 475 1505 tamen
500 1461 624 1521 aequo
641 1445 776 1511 dolare
801 1451 837 1512 te
861 1442 961 1505 nolo.
989 1441 1073 1516 illud,

97 1538 131 1601 ut
143 1545 206 1597 uou
221 1527 345 1602 doleas,
369 1527 420 1595 rix
441 1528 561 1597 audebo
578 1529 715 1604 exigere:
738 1535 769 1596 et
788 1543 860 1591 esse
874 1525 983 1592 melius
997 1526 1073 1591 scio.

99 1613 157 1681 sed
181 1611 230 1679 eui
251 1611 311 1680 ista
335 1611 461 1679 firmitas
488 1612 580 1680 animi
606 1613 761 1687 condurat
785 1612 844 1675 nisi
866 1608 927 1670 iam
948 1611 1074 1676 multum

99 1712 196 1772 supra
219 1695 371 1766 fortunam
396 1697 498 1765 olutot
517 1695 601 1764 illum
622 1711 748 1773 quoque
768 1695 827 1757 ista
845 1709 897 1759 res
912 1692 1074 1767 vellicabit,

98 1781 156 1851 sed
181 1786 296 1848 trulum
320 1779 482 1850 vellicabit.
518 1780 608 1848 nobis
623 1787 724 1849 eutem
741 1779 860 1855 ignosci
880 1783 983 1854 potest
1003 1794 1074 1853 pre-

98 1861 197 1940 lapsis
221 1862 263 1932 ud
286 1863 443 1938 lacrimas,
461 1864 488 1931 si
509 1880 571 1933 rell
596 1863 707 1927 nimiae
733 1864 946 1936 decurrerunt,
965 1861 993 1923 si
1014 1861 1075 1938 iusi

98 1945 168 2010 illos
187 1947 402 2024 repressimus.
435 1947 497 2017 Nee
519 1948 595 2016 sieut
607 1948 759 2017 sirtouuli
774 1948 888 2015 amisso
903 1945 1002 2013 amiso
1018 1961 1074 2011 roo

99 2029 205 2101 lluuut
224 2030 443 2099 lacrimandum
457 2037 519 2106 est,
541 2048 603 2100 usu
617 2033 809 2108 plorandum.
839 2032 951 2098 Durum
966 2029 1019 2092 libi
1033 2030 1107 2095 los

99 2129 169 2190 gem
184 2111 292 2185 vidtur
305 2131 434 2190 ponere,
459 2131 528 2184 cum
545 2125 706 2193 poetarum
722 2115 909 2182 Graecorum
923 2113 1074 2180 maximus

99 2198 148 2259 ius
168 2195 264 2269 flendi
287 2199 405 2267 dederit
423 2198 454 2269 in
475 2216 570 2270 utrum
592 2201 750 2265 dumtaxat
764 2199 860 2272 diem,
882 2213 951 2263 eum
966 2197 1077 2262 dixerit

100 2281 191 2352 etiem
204 2281 333 2351 Niobam
347 2283 387 2353 dt
407 2283 668 2361 eibosoelussur
695 2280 840 2358 Quaeris,
860 2280 943 2349 unde
958 2278 1019 2345 sint
1032 2280 1074 2339 la·
1135 2330 1139 2339 .

100 2365 319 2440 mortaliores,
339 2367 422 2435 unde
443 2367 588 2435 inmodici
609 2365 725 2433 fletus?
747 2380 802 2440 per
823 2363 965 2431 lacrimas
986 2376 1075 2435 argu·

99 2455 203 2519 meum
218 2449 363 2520 desiderii
379 2450 555 2526 struimus
570 2457 600 2518 et
614 2451 752 2517 delerem
767 2464 828 2513 nou
841 2447 1006 2522 sequimur,
1020 2445 1077 2508 ssd

101 2533 302 2605 ostendimus.
338 2549 428 2603 uerte
448 2535 543 2604 tristis
564 2534 622 2596 sibi
637 2540 699 2595 esta
729 2550 748 2603 o
762 2532 914 2600 infelicem
929 2528 987 2595 sibi
1002 2530 1076 2593 stul·

100 2618 210 2688 truomr
233 2625 281 2687 est
296 2617 399 2694 ulique
413 2625 444 2687 et
455 2619 571 2687 doloris
584 2617 718 2681 ambitio·
742 2616 840 2692 „Quid
853 2621 949 2690 urget
964 2613 1074 2689 inquis,
1089 2626 1108 2682 3

101 2700 268 2772 oblivitsstr
282 2700 413 2771 emisirl
451 2702 581 2771 Brevem
599 2701 643 2769 illl
662 2702 746 2778 apud
766 2709 796 2762 te
810 2699 988 2765 memoriam
1005 2714 1076 2774 pro·

100 2783 210 2857 millis,
226 2782 254 2844 si
268 2800 337 2854 eum
353 2786 461 2853 dolore
474 2802 620 2854 mansure
634 2791 695 2853 est:
716 2787 776 2852 iam
791 2783 880 2852 istam
894 2784 1023 2849 frontem
1037 2781 1079 2847 ad

99 2870 197 2939 risum
224 2868 377 2943 quaslibet
402 2870 525 2938 fortuita
550 2886 601 2933 res
622 2871 794 2936 transferet.
831 2885 892 2935 non
914 2866 1024 2929 differo
1046 2865 1080 2931 iu

100 2952 223 3028 longius
248 2959 384 3027 umeris.
409 2971 471 3029 que
497 2954 682 3023 desiderium
707 2970 797 3015 omne
823 2953 988 3025 mulcetur,
1015 2964 1082 3024 quo

99 3036 193 3105 etiam
207 3035 347 3106 acerrimi
361 3038 461 3106 leatus
476 3037 622 3105 residunt.
645 3053 714 3105 sum
730 3039 859 3113 primum
869 3042 900 3099 te
912 3035 1081 3100 observare

101 3118 249 3194 desieris,
272 3121 375 3203 imago
389 3119 451 3190 istu
464 3122 603 3191 tristitiae
618 3120 773 3185 disoedets
794 3134 877 3186 nuuc
891 3119 960 3193 ipse
976 3122 1080 3182 eusto-

100 3203 149 3264 dis
161 3203 302 3274 dolorem
314 3210 409 3273 illurn·
432 3204 490 3273 sed
501 3203 684 3274 custodienti
700 3219 825 3280 quoque
836 3201 965 3265 elabitur
976 3213 1077 3273 eoque

100 3287 206 3362 eitius,
229 3303 292 3364 quo
311 3295 360 3355 est
373 3288 488 3362 aerior,
511 3288 633 3357 desinit.
669 3288 704 3354 Id
727 3301 870 3367 agamus,
891 3291 925 3350 ul
944 3282 1110 3351 iucundas

102 3370 192 3442 uobis
207 3372 392 3441 amissorum
407 3371 462 3440 fiat
474 3371 664 3439 reeordatioe
678 3386 768 3436 nemo
786 3369 915 3434 libenter
929 3367 968 3432 ad
982 3367 1014 3431 id
1030 3381 1078 3431 re·

102 3454 161 3528 dit,
183 3455 269 3531 quod
296 3471 358 3521 neu
379 3455 445 3517 sine
467 3461 618 3521 tormento
640 3455 828 3530 cogitaturus
849 3457 911 3512 ests
938 3451 985 3515 sis
1004 3450 1079 3510 illud
