2468 3930
195 216 238 281 80
483 217 517 276 L.
536 215 682 277 ANNAEI
704 215 879 277 SENECAE

193 379 224 433 tu
246 385 346 446 neque
361 369 518 429 submittes
533 383 591 427 nec
604 367 695 428 vitam
711 367 845 441 rogabis.
873 373 957 429 recto
972 367 1026 428 tibi
1040 366 1171 430 invicto·

194 471 254 530 que
268 452 458 514 moriendum
473 459 530 512 est.
568 451 645 525 Quid
660 466 752 526 porro
768 451 896 525 prodest
906 464 1025 526 paucos
1038 452 1106 517 dies
1117 459 1171 514 aut

159 547 178 601 a
193 554 290 598 annos
306 534 382 596 lucri
396 536 519 595 iaceret
544 533 612 594 sine
626 534 774 595 missione
789 535 952 594 nascimur.
986 534 1170 609 „Quomodo

193 637 282 695 ergo,
304 618 424 694 inquis,
446 633 495 678 me
515 618 716 693 expediami“
750 617 939 692 Effugere
959 633 1033 678 non
1053 626 1169 693 potes

192 700 476 775 necessitates,
499 708 612 776 potes
635 699 802 761 vincere.

544 785 657 844 Fitut'a
672 786 734 856 [vt].

192 876 224 931 et
243 869 322 929 hanc
337 869 391 930 tibi
405 867 510 941 vi[a]m
526 867 609 926 dabit
622 865 827 942 philosophia.
860 867 900 926 ad
914 867 993 928 hanc
1008 873 1039 927 te
1052 868 1168 944 confer,

194 951 220 1013 si
235 952 282 1013 vis
304 954 409 1012 salvus
425 966 513 1024 esse,
535 951 562 1010 si
578 965 723 1024 securus,
735 952 773 1010 .si
787 951 911 1025 beatus,
932 950 1065 1026 denique
1079 952 1106 1012 si
1120 953 1168 1013 vis

192 1050 278 1110 esse,
308 1035 391 1111 quod
412 1041 460 1095 εει
480 1034 658 1107 maximum,
680 1033 765 1093 liber.
801 1033 861 1094 hoc
882 1035 1058 1109 contingere
1083 1036 1169 1096 aliter

159 1124 253 1180 enon
275 1125 386 1194 potest.
428 1117 556 1178 Humiiis
577 1133 628 1177 res
650 1125 697 1177 cst
717 1115 854 1190 stultitia,
876 1118 1009 1193 abiecta,
1032 1119 1165 1192 sordida

193 1200 329 1275 servilis,
353 1199 455 1262 muttis
477 1200 647 1261 adfectibus
668 1207 698 1260 ει
718 1199 907 1261 saevissimis
929 1201 1075 1261 subiecta.
1108 1201 1167 1262 hos

191 1293 252 1346 tam
263 1301 374 1361 graves
387 1285 543 1356 dominos,
565 1283 715 1344 interdum
727 1283 849 1343 alternis
861 1282 1061 1359 imperantes,
1077 1283 1166 1345 inter·

192 1369 264 1429 dum
288 1370 414 1442 pariter,
444 1365 563 1427 dimittit
582 1383 600 1426 a
620 1374 650 1426 te
670 1367 833 1442 sapientia,
855 1383 935 1442 quae
956 1368 1023 1427 soie
1043 1367 1168 1429 libertas

192 1460 247 1513 εει.
283 1452 351 1512 Uno
371 1450 411 1509 ad
431 1449 510 1508 hanc
531 1449 589 1510 fert
608 1449 672 1521 via,
694 1457 724 1510 ct
745 1448 869 1525 quidem
884 1458 977 1511 recta.
1002 1466 1064 1511 non
1080 1451 1167 1511 aber-

191 1533 284 1593 rabis.
315 1533 395 1592 vade
416 1539 499 1593 certo
521 1533 633 1606 gradu:
661 1533 688 1593 si
708 1534 755 1593 vis
774 1534 876 1593 omnia
892 1534 944 1594 tihi
959 1532 1115 1607 subicere,
1138 1542 1168 1596 ιε

193 1616 299 1677 subice
314 1615 432 1676 rationi.
467 1616 578 1676 multos
600 1631 706 1690 reges,
729 1615 756 1677 si
776 1618 852 1677 ratio
867 1624 897 1678 ιε
911 1617 1033 1678 rexerit
1064 1615 1102 1676 ab
1118 1618 1168 1678 iiia

193 1700 312 1773 disces,
343 1699 414 1773 quid
431 1706 461 1759 et
477 1700 734 1774 quemadmodum
748 1700 875 1774 adgredi
890 1701 1016 1762 debeas.
1047 1717 1109 1760 non
1122 1702 1167 1760 in·

160 1783 278 1849 acidos
298 1782 401 1841 rebus.
436 1781 590 1841 Neminem
611 1782 684 1842 mihi
705 1782 808 1858 dabis,
832 1784 882 1859 qui
898 1785 990 1858 sciat,
1012 1786 1166 1860 quomodo

194 1867 277 1942 quod
296 1866 374 1940 vuit,
397 1866 533 1941 coeperit
554 1866 648 1926 velie=
674 1883 736 1926 non
758 1868 887 1928 oonsilio
909 1868 1061 1928 adductus
1082 1868 1167 1941 [ilio],

192 1951 249 2011 sed
265 1948 370 2024 inpetu
384 1948 524 2025 inpactus
540 1955 596 2008 est.
625 1966 687 2010 non
701 1952 800 2011 minus
815 1966 910 2026 saepe
927 1952 1046 2012 fortuna
1059 1949 1091 2011 in
1109 1967 1167 2011 nos

192 2034 317 2093 incurrit
337 2048 427 2107 quarn
450 2048 507 2094 nos
528 2032 557 2091 in
580 2031 670 2092 iilam.
700 2040 789 2110 turpe
804 2042 927 2096 estnon
942 2034 1000 2110 ire,
1023 2035 1079 2094 sed
1094 2034 1168 2094 ierri

192 2124 223 2177 ει
242 2115 341 2177 subito
362 2113 392 2177 in
418 2116 519 2176 medio
544 2115 663 2177 turbine
683 2133 783 2178 rerum
806 2126 978 2194 stupentem
1001 2133 1166 2195 quaererer

192 2200 252 2260 huc
267 2216 324 2275 ego
341 2199 596 2275 quemadmodum
612 2200 704 2260 venii
738 2202 824 2261 Vale.

484 2337 700 2395 EPISTULA
723 2338 769 2393 tx.
794 2343 808 2410 (
845 2339 866 2406 .)

442 2429 551 2482 Sennea
568 2432 680 2482 Lucrrto
700 2441 752 2481 suo
771 2442 910 2487 snnurrru.

159 2551 174 2603 1
251 2533 390 2594 Merito
420 2533 562 2609 exigis,
590 2541 629 2595 ut
655 2534 728 2593 hoc
756 2533 858 2593 inter
881 2538 952 2593 nos
974 2531 1166 2607 epistula·

191 2633 269 2677 rum
293 2617 560 2677 commercium
582 2618 886 2691 frequentemus.
918 2614 1081 2691 plurimum
1096 2630 1167 2691 pro-

192 2699 256 2759 ficit
270 2715 387 2772 sermo,
411 2700 482 2773 quia
499 2700 666 2761 minutatim
681 2701 791 2774 inrepit
805 2701 920 2759 animo=
943 2700 1166 2774 disputationes

173 2854 176 2858 .
193 2788 391 2856 praeparatae
406 2790 436 2841 et
456 2782 573 2843 effusae
589 2784 730 2844 audiente
748 2785 862 2858 populo
878 2784 948 2858 pius
963 2783 1080 2842 hahent
1090 2789 1167 2842 stre-

191 2865 289 2940 pitus,
308 2864 408 2936 minus
422 2866 640 2928 familiaritatis.
673 2866 869 2942 Philosophia
880 2867 994 2929 bonum
1006 2865 1169 2926 consitium

191 2954 252 3007 est:
276 2948 436 3009 consitium
451 2965 540 3011 nemo
556 2952 637 3011 clare
652 2952 712 3011 dat.
736 2949 900 3025 aliquando
914 2949 1061 3010 utendum
1076 2954 1169 3008 estet

191 3031 265 3104 ἰιΙίε,
290 3038 325 3091 ιιι
338 3032 378 3092 ita
393 3032 506 3108 dicam,
534 3033 748 3107 concionibus,
769 3034 822 3093 ubi
842 3033 894 3108 qui
914 3033 1044 3107 dubitat,
1069 3031 1166 3107 inpet-

192 3115 302 3176 iendus
318 3124 379 3176 est:
401 3117 453 3177 ubi
466 3134 541 3177 vcro
563 3134 623 3178 non
646 3117 705 3177 hoo
726 3117 877 3192 agendum
899 3125 960 3192 εει,
982 3124 1016 3176 ιιι
1034 3115 1108 3175 velit
1122 3114 1168 3174 di-

193 3214 295 3273 scere,
318 3200 374 3260 sed
390 3208 423 3260 ut
437 3200 550 3276 discat,
572 3201 703 3262 adhaec
719 3199 920 3261 submissiora
935 3200 1031 3274 verba
1044 3198 1169 3258 venien-

192 3283 263 3342 dum
279 3292 335 3343 est.
358 3283 476 3345 facilius
491 3286 602 3345 intrant
615 3293 644 3344 ει
654 3285 794 3344 haerent:
815 3300 872 3345 nec
885 3284 964 3343 enim
974 3283 1076 3344 multis
1087 3297 1169 3358 opus

161 3373 254 3439 aest,
290 3366 346 3427 sed
372 3368 559 3430 efficacibus.
607 3367 737 3429 Seminis
768 3368 858 3428 modo
885 3367 1061 3443 spargendo
1085 3372 1168 3439 sunt,

195 3449 278 3522 quod
307 3452 445 3524 quamvis
475 3451 514 3513 sit
541 3452 703 3527 exiguum,
736 3468 803 3512 oum
834 3451 995 3526 occupavit
1023 3449 1171 3510 idoneum
