2468 3930
203 206 265 272 leo
498 201 533 261 L.
555 197 703 260 ANNAEI
725 194 901 258 SENECAE

202 359 344 420 videntur
357 355 431 416 nihil
445 353 518 415 boni
532 350 647 428 negotii
661 352 790 427 hahere,
812 351 898 427 quod
911 358 1018 428 agant:
1041 351 1141 430 inepti
1155 362 1186 417 et

202 444 315 503 inertes
341 446 500 501 vocantur.
545 437 619 497 Mihi
643 436 799 511 contingat
824 436 883 497 iste
909 436 1048 498 derisus:
1082 454 1183 516 aequo

201 527 303 586 animo
324 523 478 584 audienda
497 528 568 582 sunt
586 521 786 596 inperitorum
800 519 941 581 convicia
954 527 985 582 et
998 521 1037 581 ad
1052 521 1185 584 honesta

173 608 327 676 evadenti
338 606 581 667 contemnendus
593 613 641 665 est
653 605 722 680 ipse
734 610 937 680 conlemptus.
958 603 1066 681 Perge,
1078 606 1183 681 Lucili,

202 701 233 755 ct
247 707 396 769 propera,
418 707 457 750 ne
472 690 525 750 tibi
542 687 675 763 accidat,
697 688 780 765 quod
795 689 882 762 mihi,
903 696 936 749 ut
948 704 1046 749 senex
1060 690 1183 751 discam

202 776 294 838 immo
316 775 387 836 ideo
409 774 506 850 magis
527 789 675 848 propera,
697 772 841 856 quoniam
864 772 896 832 id
915 788 998 834 nunc
1011 773 1184 849 adgressus

203 877 247 936 es,
264 859 349 936 quod
365 859 541 934 perdiscere
557 858 610 917 vix
621 872 718 918 senex
729 856 845 932 possis.
872 855 1054 932 „Quantum
1070 858 1181 935 inquis,

174 942 410 1019 sproficiamf“
426 948 572 1016 quantum
583 941 790 1016 temptaveris.
820 938 900 1016 Quid
908 949 1098 1017 exspectas?
1111 943 1183 1004 nulli

203 1043 314 1103 sapere
325 1043 401 1087 casu
413 1026 533 1101 obtigit:
549 1025 892 1101 pecuniavenietultro.
914 1025 1016 1087 honor
1027 1025 1182 1088 offeretur.

202 1109 299 1186 gralia
313 1127 350 1171 ac
366 1111 497 1184 dignitas
512 1110 645 1171 fortasse
657 1109 834 1183 ingerentur
844 1109 912 1169 tibi=
927 1109 1025 1170 virtus
1036 1109 1068 1170 in
1079 1118 1111 1171 te
1122 1128 1183 1172 non

201 1194 324 1256 incidet.
346 1210 385 1253 ne
398 1195 459 1254 levi
475 1194 598 1269 quidem
614 1208 709 1268 opera
724 1200 776 1254 aut
789 1209 887 1268 parvo
902 1194 1010 1254 labore
1020 1195 1183 1270 cognosci-

201 1287 265 1340 tur:
287 1279 345 1339 sed
362 1285 410 1338 est
423 1278 497 1338 tanti
514 1278 655 1338 laborare
670 1277 771 1338 omnia
780 1276 863 1336 bona
876 1279 971 1337 semel
984 1286 1183 1354 occupatura.

201 1379 296 1423 unum
311 1368 359 1422 est
378 1362 459 1420 enim
474 1362 603 1435 bonurn,
626 1361 709 1437 quod
724 1359 901 1422 honesturn=
923 1361 1028 1422 inillis
1047 1362 1120 1422 nihil
1138 1362 1184 1421 in·

173 1455 190 1511 7
202 1449 308 1507 venies
318 1445 393 1518 veri,
404 1444 478 1503 nihil
491 1445 573 1519 certi,
585 1459 797 1520 quaecumque
808 1446 907 1505 famae
919 1447 1048 1522 placent.
1062 1445 1184 1518 Quare

203 1545 314 1590 unum
330 1527 381 1589 sit
401 1529 553 1603 bonnm,
575 1529 679 1604 quod
697 1528 917 1603 honestum,
933 1530 1068 1601 dicam,
1084 1547 1182 1604 quo·

203 1613 301 1673 niam
316 1628 451 1688 parum
465 1628 519 1671 me
537 1621 762 1673 exsecutum
780 1613 905 1686 priori
925 1613 1101 1689 epistula
1123 1612 1183 1675 iu·

206 1696 314 1756 dicas
331 1697 493 1771 magisque
506 1696 586 1756 hanc
600 1711 664 1755 rem
680 1697 732 1757 tibi
746 1697 899 1757 laudatam
914 1713 1007 1773 quam
1021 1697 1182 1773 probatam

204 1787 303 1856 putas,
319 1785 350 1840 et
363 1780 393 1840 in
408 1786 515 1852 artum,
533 1795 612 1855 quae
627 1779 804 1854 dictasunt,
820 1781 1007 1841 contraham.

174 1881 193 1936 g
267 1863 373 1923 Omnia
388 1879 446 1923 suo
462 1864 544 1924 bono
559 1871 716 1926 constant:
733 1864 824 1924 vitem
835 1864 973 1924 fertilitas
988 1865 1183 1926 commendat

204 1955 235 2009 et
250 1964 344 2024 sapor
357 1948 475 2022 vinum,
496 1949 643 2008 velocitas
659 1964 794 2008 cervum.
817 1965 908 2023 quam
921 1949 1011 2010 fortia
1024 1949 1121 2011 dorso
1138 1948 1180 2009 iu⁴

204 2039 305 2093 menta
320 2032 380 2093 sint
395 2031 534 2107 quaeris,
556 2048 686 2107 quorum
699 2032 749 2091 hic
763 2048 845 2093 unus
859 2038 908 2094 est
921 2048 1013 2107 usus,
1029 2033 1182 2093 sarcinam

204 2117 293 2177 ferre.
322 2115 353 2176 in
369 2132 445 2176 cane
466 2116 619 2191 sagacitas
640 2116 737 2193 prima
759 2123 822 2189 est,
844 2117 871 2176 si
886 2117 1077 2191 investigare
1091 2116 1182 2177 debet

204 2201 301 2273 feras,
324 2217 448 2275 cursus,
471 2199 499 2260 si
514 2201 672 2276 consequi,
693 2198 831 2274 audacia,
854 2200 880 2259 si
894 2201 1038 2260 mordere
1053 2208 1086 2262 et
1098 2201 1180 2260 inva‘

204 2285 292 2344 dere:
321 2285 353 2344 id
373 2283 403 2344 in
426 2301 551 2360 quoque
573 2283 721 2360 optimum
745 2299 817 2344 esse
837 2283 942 2357 debet,
965 2284 1014 2345 cui
1035 2283 1180 2359 nascitur,

174 2384 266 2444 qquo
283 2375 434 2429 censetur.
477 2369 511 2427 ln
528 2368 651 2429 homine
669 2367 813 2443 optimum
830 2367 905 2444 quid
919 2374 988 2429 esti
1007 2368 1102 2429 ration
1123 2368 1181 2428 hac

203 2453 355 2513 antecedit
374 2451 530 2525 animalia,
558 2453 635 2515 deos
661 2451 808 2526 sequitur.
841 2452 918 2512 ratio
945 2466 1019 2526 ergo
1046 2453 1181 2528 perfecte

202 2537 360 2612 proprium
375 2536 490 2596 bonurn
505 2543 567 2609 est,
590 2543 691 2597 cetera
705 2534 747 2595 illi
765 2552 833 2596 curn
846 2536 1027 2596 animalibus
1042 2536 1180 2611 satisque

203 2619 375 2679 communia
391 2627 476 2679 sunt:
494 2621 590 2678 valet:
610 2627 640 2680 et
654 2622 770 2680 leones.
789 2621 944 2681 formosus
960 2627 1022 2680 ests
1041 2627 1072 2681 et
1084 2622 1179 2696 pavo-

201 2716 268 2761 nes.
288 2704 381 2762 velox
396 2709 457 2761 est:
479 2709 510 2760 et
530 2702 612 2777 equi.
655 2703 722 2764 Non
738 2703 822 2778 dico,
844 2703 875 2763 in
890 2703 939 2764 his
955 2705 1097 2765 omnibus
1115 2705 1179 2764 vin-

203 2785 288 2844 citur.
312 2801 374 2845 non
392 2800 518 2859 quaero,
534 2785 607 2861 quid
623 2785 653 2846 in
669 2803 704 2847 se
717 2786 882 2848 maximum
896 2788 1018 2863 habeat,
1033 2789 1091 2848 sed
1106 2785 1179 2863 quid

202 2883 301 2928 suurn.
335 2867 454 2943 corpus
469 2866 575 2930 habet:
599 2876 629 2930 et
642 2871 779 2933 arbores.
790 2872 895 2933 habet
908 2872 1046 2947 inpetum
1063 2874 1102 2932 'uc
1116 2887 1178 2932 mo

201 2959 264 3011 tum
277 2952 495 3014 voluntarium:
511 2960 540 3014 et
554 2953 673 3015 bestiae
687 2962 717 3015 et
730 2958 867 3016 vermes.
876 2956 970 3016 habet
982 2971 1108 3016 vocem=
1123 2954 1179 3014 scd

202 3042 316 3111 quanto
338 3037 497 3099 clariorem
518 3054 626 3112 canes,
652 3036 819 3099 acutiorem
843 3040 980 3115 aquilae,
1005 3039 1179 3114 graviorem

159 3119 287 3194 lotauri,
304 3120 471 3181 dulciorem
487 3121 739 3197 mobilioremque
753 3121 896 3183 lusciniis
924 3121 1004 3197 Quid
1014 3123 1045 3182 in
1056 3120 1179 3184 homine

201 3203 382 3281 proprium?
407 3206 495 3267 ratio.
523 3204 601 3266 haec
619 3213 704 3267 recta
724 3213 754 3266 et
774 3213 986 3268 consummata
1005 3205 1179 3268 felicitatem

200 3287 332 3349 hominis
352 3289 488 3367 inplevit.
520 3304 593 3364 ergo
613 3289 640 3350 si
662 3291 759 3351 omnis
779 3291 847 3365 re's,
870 3306 939 3353 cum
958 3290 1077 3352 bonum
1089 3304 1179 3352 suum

201 3372 342 3448 perfecit,
355 3375 517 3434 laudabilis
532 3382 580 3436 est
593 3375 677 3435 etad
690 3375 783 3435 finem
798 3382 925 3437 naturae
939 3390 1015 3437 suae
1029 3371 1179 3452 pervenit

200 3453 315 3516 homini
335 3464 435 3518 autern
456 3474 543 3522 suum
565 3458 680 3520 bonum
698 3459 775 3521 ratio
797 3464 859 3521 esti
886 3461 913 3520 si
938 3458 1025 3522 hanc
1040 3457 1177 3536 perfecit
