2468 3930
268 237 548 300 tristiumue.
567 240 704 300 merx.
725 239 783 299 ar.
796 251 821 303 1.
836 240 908 317 (aa.)
1016 239 1077 307 1⁷1

97 389 305 456 incumbam.“
333 394 364 450 et
378 390 426 464 „si
439 389 519 449 hanc
532 405 597 449 rem
612 390 772 451 molestam
786 406 999 468 conposuero,
1015 400 1078 456 stu·

99 478 151 540 dio
165 475 341 537 medabo.“
361 473 442 534 Non
458 474 775 549 cumvacaveris,
791 475 1111 553 philosopher-a

99 561 274 622 dumest=
297 557 424 618 omnia
445 558 522 617 alia
542 558 786 633 neglegenda
806 568 909 633 sunt,
926 560 1080 635 uthuic

99 641 1081 720 adsideamus,cuinullumtempussatismagnum

99 734 175 802 est,
201 725 321 788 etiamsi
345 741 364 785 a
387 722 518 801 pueritia
543 741 644 800 usque
672 725 712 788 ad
732 726 931 802 longissimos
956 729 1080 789 humani

99 813 168 874 aevi
187 811 334 872 terminos
348 809 410 869 vita
425 808 613 885 producitur.
641 825 704 870 non
717 813 843 872 multum
857 814 964 885 refert,
979 820 1080 874 utrum

99 895 222 958 omittas
234 893 464 970 philosophiam
478 909 517 953 an
533 892 722 954 intermittas.
751 911 813 955 non
828 895 908 956 enim
922 897 974 957 ubi
988 897 1079 958 inter-

98 987 191 1055 rupta
210 984 274 1053 est,
297 984 414 1050 manet,
436 976 494 1038 sed
515 993 621 1038 eorum
641 981 741 1050 more,
765 994 845 1054 quae
860 980 973 1040 intenta
987 981 1079 1043 dissi-

100 1066 191 1138 liunt,
214 1077 315 1137 usque
332 1063 372 1123 ad
386 1060 471 1121 initia
485 1077 543 1121 sua
555 1061 698 1134 recurrit,
719 1063 804 1136 quod
819 1078 839 1122 a
853 1063 1080 1125 continuatione

99 1147 256 1208 discessit
284 1145 500 1207 Resistendum
516 1152 565 1206 est
579 1146 834 1220 occupationibus
851 1161 909 1206 nec
923 1148 1079 1223 explican-

99 1232 174 1307 dae,
190 1231 248 1292 sed
263 1230 494 1290 submovendae
508 1236 588 1289 sunt.
618 1236 740 1304 tempus
758 1229 882 1305 quidem
896 1231 1012 1292 nullum
1024 1248 1079 1307 pa·

99 1333 167 1376 rum
178 1322 228 1377 est
239 1314 385 1376 idoneum
400 1312 501 1374 studio
517 1315 657 1373 salutari=
671 1314 756 1388 atqui
767 1314 853 1375 multi
865 1314 1003 1376 interilla
1016 1332 1080 1376 non

99 1400 242 1474 student,
264 1405 390 1474 propter
411 1413 491 1472 quae
504 1397 691 1458 studendum
705 1407 763 1459 est.
802 1397 939 1473 „Incidet
954 1398 1110 1476 aliquidt

101 1484 188 1561 quod
202 1483 370 1558 inpediat.“
399 1498 461 1544 non
477 1481 600 1557 quidem
615 1497 700 1556 eum,
715 1483 801 1543 cuius
817 1481 936 1544 animus
952 1485 982 1543 in
998 1484 1080 1545 omni

100 1570 226 1643 negotio
244 1566 345 1627 laetus
364 1572 457 1642 atque
472 1566 574 1626 alacer
589 1573 650 1627 esta
670 1565 847 1642 inperfectis
864 1567 967 1629 adhuc
987 1569 1079 1630 inter·

101 1651 253 1713 scinditur
276 1650 403 1724 laetitia,
433 1648 583 1726 sapientis
614 1665 690 1711 vero
720 1653 892 1713 contexitur
924 1652 1078 1728 gaudium,

100 1737 185 1796 nulla
205 1751 300 1797 causa
320 1734 484 1810 rumpitur,
511 1736 595 1795 nulla
615 1735 751 1809 fortuna,
774 1750 898 1811 semper
917 1743 948 1796 et
966 1735 1080 1811 ubique

100 1818 283 1895 tranquillus
303 1825 360 1880 est.
395 1835 457 1879 non
479 1819 559 1879 enim
574 1834 613 1878 ex
626 1819 727 1881 alieno
743 1821 857 1896 pendet
870 1836 928 1881 nec
942 1821 1079 1882 favorem

101 1905 243 1966 fortunae
264 1910 317 1964 aut
336 1901 469 1964 hominis
491 1910 661 1978 exspectat.
693 1903 864 1965 domestica
888 1903 930 1964 illi
950 1905 1080 1966 felicitas

100 1995 158 2049 est.
177 1987 283 2049 'exiret
296 2003 335 2047 ex
351 1988 467 2059 animo,
483 1988 510 2047 si
525 1987 663 2048 intrarem
678 1988 720 2048 ibi
736 1988 883 2049 nascitur.
903 1988 1108 2064 Aliquandoa

100 2071 310 2146 extrinsecus,
327 2087 388 2147 quo
402 2071 603 2132 admoneatur
614 2070 822 2146 mortalitatis,
835 2072 1005 2146 intervenit,
1021 2073 1077 2133 sed

99 2154 131 2217 id
148 2157 217 2216 leve
231 2163 261 2216 et
275 2157 358 2232 quod
371 2172 521 2216 summam
537 2161 634 2215 cutem
649 2155 786 2231 stringat.
809 2156 928 2231 aliquo,
944 2157 1078 2231 inquam,

99 2240 297 2301 incommodo
313 2238 446 2301 adflatur
460 2238 613 2301 maximus
627 2238 671 2298 is=
693 2239 768 2300 illud
782 2239 897 2300 bonum
912 2248 959 2301 est
972 2240 1078 2300 fixum.

99 2323 143 2384 ita
164 2323 250 2396 dico',
272 2324 465 2384 extrinsecus
489 2325 593 2398 aliqua
612 2330 684 2383 sunt
703 2322 922 2396 incommoda,
943 2323 1079 2385 velutin

100 2423 234 2482 corpore
247 2407 397 2469 interdum
411 2408 540 2468 robusto
555 2406 720 2482 solidoque
735 2406 912 2483 eruptiones
928 2406 1079 2482 quaedam

98 2493 293 2567 pustularum
308 2500 338 2553 et
352 2492 527 2564 ulcuscula,
543 2491 658 2551 nullum
673 2490 704 2549 in
720 2491 781 2552 alto
795 2491 908 2551 malum
920 2498 977 2551 est.
1002 2491 1078 2562 Hoc,
1091 2499 1108 2554 6

98 2576 242 2651 inquam,
263 2576 391 2637 interest
410 2577 488 2636 inter
507 2580 738 2636 consummatae
759 2574 927 2649 sapientiae
939 2575 1036 2635 virum
1052 2582 1082 2634 et

100 2658 196 2719 alium
210 2660 420 2734 procedentis,
444 2660 527 2735 quod
548 2660 626 2720 inter
646 2675 755 2719 sanum
770 2665 855 2719 etex
871 2658 979 2720 morbo
994 2659 1080 2734 gravi

100 2758 139 2802 ac
156 2742 273 2806 dlutino
287 2752 508 2819 emergentem,
530 2742 581 2804 cui
602 2743 741 2804 sanitatis
762 2744 833 2804 loco
855 2751 903 2804 est
916 2743 1014 2804 levior
1030 2758 1080 2804 ac-

98 2826 221 2887 cessio=
241 2827 291 2887 hic
314 2829 373 2888 nisi
389 2828 539 2899 adtendit,
562 2828 693 2887 subinde
713 2835 857 2902 gravatur
878 2835 908 2888 et
927 2827 958 2887 in
972 2828 1080 2888 eadem

99 2910 285 2971 revolviturs
304 2912 430 2988 sapiens
443 2912 581 2972 recidere
596 2928 657 2972 non
673 2918 790 2986 potest,
806 2928 845 2972 ne
860 2912 995 2972 incidere
1014 2908 1080 2986 qui-

100 2994 174 3054 dem
187 2996 328 3071 amplius.
357 2996 480 3072 corpori
493 2997 573 3055 enim
586 2996 625 3055 ad
638 3003 760 3071 tempus
775 2996 858 3056 bona
870 2995 1008 3056 valitudo
1024 3003 1080 3069 est,

100 3094 197 3153 quam
209 3078 362 3154 medicus,
380 3080 497 3141 etiamsi
513 3079 660 3152 reddidit,
677 3095 739 3140 non
754 3087 898 3155 praestat.
930 3094 1027 3154 saepe
1042 3077 1081 3136 ad

98 3162 260 3238 cumdem,
283 3164 337 3237 qui
350 3164 570 3237 advocaverat,
589 3163 754 3224 excitatur:
777 3166 916 3236 [animus]
939 3161 1035 3221 semel
1050 3159 1080 3220 in

99 3252 199 3308 totum
211 3254 347 3308 sanatur.
376 3248 497 3323 Dicam,
514 3246 669 3322 quomodo
685 3244 846 3321 intellegas
862 3262 986 3306 sanums
1002 3244 1029 3305 si
1046 3251 1108 3309 sel

100 3329 173 3405 ipso
200 3336 361 3393 contentus
382 3339 444 3406 est,
468 3333 495 3393 si
515 3329 641 3391 confidit
662 3329 736 3404 sibi,
762 3330 789 3388 si
809 3330 867 3390 scit
889 3329 991 3390 omnia
1010 3336 1082 3390 vota

101 3414 293 3489 mortalium,
315 3416 416 3475 omnia
434 3414 601 3489 beneficia,
631 3429 711 3489 quae
735 3413 846 3475 dantur
866 3419 1081 3490 petunturque,

100 3499 219 3561 nullum
233 3499 265 3560 in
278 3499 370 3561 beata
385 3499 447 3559 vita
460 3498 574 3560 habere
589 3502 784 3559 momentum.
813 3515 884 3559 nam
900 3496 950 3560 cui
965 3499 1079 3575 aliquid
1095 3536 1101 3547 ·
