2468 3930
129 217 192 282 378
424 217 457 276 L.
479 215 624 276 ΑΝΝΑΕΙ
647 213 822 276 SENECAE

132 372 263 448 quisquc
277 385 313 430 se
327 373 474 429 numeret.
502 365 642 426 metiatur
658 365 747 427 simul
762 379 889 440 corpus=
912 364 1001 439 sciet,
1020 381 1111 440 quam

130 472 188 516 nec
203 456 327 515 multum
343 467 454 527 capere
470 465 528 510 uec
542 448 594 509 diu
609 450 717 525 possit.
740 447 814 508 nihil
829 456 927 508 tamen
944 463 1046 524 aeque
1060 448 1109 510 tibi

131 538 279 615 profuerit
294 537 333 597 ad
347 532 576 610 temperantiam
592 533 726 593 omnium
741 547 843 592 rerum
857 547 948 607 quam
963 532 1109 608 frequens

132 623 274 698 cogitatio
298 620 402 681 brevis
429 619 497 678 aevi
521 625 550 678 et
568 616 658 677 huius
680 615 801 677 incerti:
832 616 980 691 quicquid
1005 616 1109 692 facies,

130 707 252 781 respice
269 705 309 764 ad
323 710 460 766 mortem.
503 702 591 760 Vale.

419 867 635 924 EPISTULA
654 866 703 921 Vl.
731 865 819 937 (116.)

386 975 496 1027 Saurea
515 977 625 1027 Lucraro
646 987 697 1026 suo
716 985 856 1024 saaurau.

107 1125 119 1176 l
192 1112 310 1171 Nimis
328 1111 483 1171 anxium
499 1126 586 1171 esse
602 1118 637 1171 te
659 1112 765 1171 circa
781 1110 1111 1187 verbaetcoapo-

132 1197 330 1269 silianum,
352 1195 392 1254 mi
412 1194 521 1266 Lucili,
543 1195 651 1256 nolo=
679 1195 802 1255 habeo
825 1194 986 1266 maiora,
1015 1211 1111 1271 quae

132 1296 255 1343 cures.
277 1294 398 1354 quaere,
415 1279 629 1354 quesumus,
644 1294 704 1338 non
721 1277 988 1352 quemadmodum.
1013 1279 1112 1340 etboc

132 1366 232 1441 ipsum
249 1380 310 1423 non
325 1370 359 1423 ut
374 1362 501 1436 scribas,
518 1363 575 1422 sed
589 1369 622 1423 ut
636 1363 766 1437 sentias,
780 1368 814 1422 ut
827 1363 892 1436 illa,
909 1377 991 1436 quac
1005 1378 1111 1427 sense·

103 1450 188 1522 aris,
214 1448 312 1522 magis
339 1446 476 1522 adplices
496 1444 550 1506 tibi
570 1454 601 1506 et
622 1447 705 1506 velut
724 1445 838 1520 signes.
884 1445 1111 1523 Cuiuscumque

133 1533 302 1594 orationem
324 1530 440 1591 videris
465 1528 624 1590 sollicitam
651 1537 681 1590 et
704 1529 844 1604 politam,
874 1530 953 1590 scito
978 1531 1111 1591 animum

133 1631 259 1690 quoque
273 1630 335 1675 non
356 1615 456 1674 minus
476 1628 548 1674 esse
562 1614 681 1689 pusillis
699 1619 896 1688 occupatum=
917 1629 1048 1688 magnus
1062 1614 1112 1674 ille

131 1698 292 1759 remissius
312 1696 447 1772 loquitar
466 1705 496 1756 et
516 1698 664 1758 securius.
693 1712 906 1773 quaecumque
928 1697 1016 1773 dicit,
1041 1699 1109 1773 plus

132 1781 245 1842 habent
269 1781 401 1841 fiduciae
427 1796 517 1854 quam
543 1797 642 1840 curae.
685 1781 771 1842 Nosti
797 1781 961 1856 conplures
983 1780 1111 1842 iuvenes

131 1865 228 1925 barba
248 1873 279 1925 et
299 1880 388 1924 coma
409 1863 537 1937 nitidos,
563 1865 602 1923 de
622 1867 750 1940 capsula
770 1873 867 1926 totos=
895 1864 968 1925 nihil
987 1863 1027 1924 ab
1052 1864 1111 1925 illis

132 1947 306 2024 speraveris
322 1950 408 2020 forte,
424 1948 498 2007 nihil
512 1947 654 2007 solidum.
699 1947 831 2010 Oratio
847 1949 975 2009 cultus
993 1947 1112 2009 animi

132 2038 205 2092 est:
229 2034 254 2092 si
270 2030 476 2092 circumtonsa
490 2037 538 2091 est
552 2039 582 2092 et
596 2033 697 2092 fucata
710 2041 740 2093 et
754 2049 845 2093 manu
862 2034 956 2104 facta,
975 2030 1114 2091 ostendit

131 2115 214 2177 illum
230 2133 354 2193 quoque
367 2132 430 2177 noa
447 2131 519 2176 esse
541 2116 694 2176 sincerum
709 2123 739 2176 et
754 2116 869 2175 babere
884 2114 999 2190 aliquid
1013 2115 1111 2176 fracti.

104 2209 194 2264 anon
210 2210 258 2262 est
272 2208 481 2261 ornamentum
496 2200 581 2260 virile
595 2201 794 2261 concinnitas.
839 2198 879 2259 Si
894 2198 1008 2260 nobis
1032 2198 1111 2259 ani-

133 2302 226 2346 mum
247 2285 338 2345 boni
357 2285 432 2345 viri
452 2284 592 2345 liceret
611 2283 828 2359 inspicere,
854 2298 873 2343 ο
895 2298 1005 2357 quam
1025 2283 1111 2357 pul-

134 2369 260 2430 chram
278 2369 431 2444 faciem,
451 2384 559 2442 quam
574 2375 759 2441 sanctam,
776 2382 885 2442 quarn
905 2381 951 2426 ex
966 2366 1105 2441 magni·

134 2454 210 2514 fico
227 2453 464 2529 placidoque
479 2453 687 2527 fulgentem
700 2451 934 2522 videremus,
946 2449 1017 2509 hinc
1029 2449 1111 2511 iusti·

134 2538 189 2610 tia,
211 2537 293 2596 illinc
308 2536 499 2609 fortitudine,
520 2536 591 2596 binc
611 2533 812 2609 temperantia
826 2533 1054 2608 prudentiaque
1068 2534 1111 2593 lu·

134 2621 287 2680 centibus!
303 2626 424 2695 praeter
434 2619 490 2678 has
505 2619 662 2694 frugalitas
675 2625 704 2678 et
716 2617 901 2679 continentia
912 2624 944 2677 et
953 2616 1112 2678 tolerantia

133 2711 164 2763 et
177 2703 343 2763 liberalitas
359 2703 549 2776 comitasque
563 2709 607 2778 et,
629 2703 698 2778 quis
721 2703 847 2763 credat?
868 2701 898 2761 in
919 2699 1045 2761 homine
1063 2715 1110 2760 ra·

21 2804 28 2820 ·
131 2785 885 2862 rumhumanitasbonum,spleadoremillisuum
898 2784 1111 2845 adfunderent.

132 2877 205 2930 tunc
222 2868 413 2945 providentia
431 2884 499 2929 cum
520 2871 669 2945 elegantia
688 2878 775 2931 etex
795 2870 862 2930 istis
878 2865 1110 2943 magnanimitas

133 2952 372 3014 eminentissima
393 2961 554 3028 quantum,
581 2954 612 3013 di
634 2954 723 3027 boni,
749 2954 872 3015 decoris
887 2952 944 3027 illi,
965 2958 1111 3027 quantum

134 3039 281 3115 ponderis
296 3036 515 3113 gravitatisque
528 3038 691 3098 adderent!
714 3044 827 3113 quanta
838 3042 923 3098 esset
936 3051 1005 3096 cum
1015 3035 1112 3110 gratia

17 3134 21 3143 ·
133 3123 312 3184 auctoritas!
336 3138 425 3182 nemo
440 3121 522 3181 illam
537 3120 712 3193 amabilem,
734 3122 787 3196 qui
802 3138 863 3182 non
879 3120 970 3180 simul
985 3133 1111 3180 venera·

104 3206 222 3269 thirem
243 3205 368 3268 diceret.
412 3205 446 3266 Si
467 3206 537 3281 quis
555 3205 666 3264 viderit
684 3205 765 3265 hauc
780 3205 888 3267 faciem
903 3204 1043 3265 altiorem
1057 3203 1112 3264 fal·

133 3293 363 3367 gentioremque
381 3306 472 3365 quam
487 3289 570 3350 cemi
584 3289 662 3350 inter
676 3289 810 3349 humana
821 3285 993 3360 consuevit,
1009 3301 1113 3349 noune

133 3378 216 3436 velut
229 3375 362 3436 numinis
377 3390 510 3435 occursu
525 3373 758 3448 obstupefactus
772 3373 897 3434 resistat
910 3379 950 3444 et,
964 3378 1000 3433 ut
1010 3371 1059 3431 fas
1075 3369 1114 3435 sit

132 3458 260 3530 vidisse,
274 3459 385 3520 tacitus
399 3464 560 3535 praeeant
578 3465 643 3519 tum
657 3464 807 3518 evocante
825 3457 895 3534 ipsa
910 3456 1013 3517 voltus
1026 3453 1115 3519 bani·
