2468 3930
141 228 202 292 118
419 229 452 288 L.
471 227 619 287 ANNAEI
640 226 818 288 SENECAE

139 387 202 442 tata
214 380 292 441 inter
306 396 341 440 se
356 396 440 441 arma
455 377 584 454 agminis
599 378 702 454 densi,
723 395 784 440 non
799 377 883 440 urbis
898 379 1041 456 inpulsae
1055 382 1117 442 ira·

139 479 196 538 gor
211 464 341 524 territat:
362 462 411 523 hic
432 465 507 523 alter
527 463 675 538 inperitus
689 470 752 538 est,
773 464 867 524 rebus
887 463 953 524 suis
975 465 1060 526 timet
1075 465 1118 527 ad

140 562 260 607 omnem
283 547 429 622 crepiturn
452 561 679 621 expavescens,
705 562 796 623 quern
815 547 1033 621 unaquaelibet
1053 564 1118 609 vox
1222 592 1226 617 ,

140 645 195 705 pro
212 631 330 690 fremitu
344 637 472 705 accepta
487 630 611 702 deiecit,
627 645 718 705 quem
731 638 832 691 motus
848 629 996 692 levissimi
1009 633 1117 692 exani·
1222 634 1225 657 '

98 720 235 774 limant:
248 713 391 773 timidum
413 713 495 773 illum
516 714 655 773 sarcinae
675 713 799 774 iaciunt.
829 713 1061 789 Quemcumque
1075 731 1117 777 ex

139 797 206 857 istis
226 795 366 857 felicibus
382 797 526 871 elegeris,
550 797 643 856 multa
655 796 860 872 trahentibus,
881 798 975 858 multa
989 805 1115 873 portan-

137 879 235 952 tibus,
253 879 373 940 videbis
390 880 474 939 illurn

384 966 538 1039 comitique
551 964 691 1038 onerique
704 966 859 1024 dmentem.

137 1047 220 1106 Tunc
240 1062 314 1121 ergo
334 1055 365 1108 te
387 1047 463 1108 scito
485 1062 557 1106 esse
580 1046 788 1120 conpositum,
812 1062 881 1108 cum
901 1047 941 1108 ad
960 1055 992 1109 te
1012 1047 1115 1111 nudus
1218 1070 1221 1079 ·

138 1131 253 1191 clamor
267 1128 443 1204 pertinebit,
466 1146 534 1189 curn
548 1138 578 1190 te
591 1130 674 1189 nulla
688 1145 751 1190 vox
765 1128 819 1189 tibi
833 1130 982 1208 excutiet,
1003 1148 1066 1194 non
1088 1132 1115 1193 si

137 1212 322 1286 blandietur,
340 1229 401 1273 nan
417 1214 443 1273 si
458 1213 631 1286 minabitur,
652 1229 714 1274 non
729 1214 756 1272 si
771 1213 853 1274 inani
869 1229 948 1275 sono
962 1230 1043 1277 vana
1057 1215 1114 1277 cir·
1216 1292 1219 1297 .

96 1306 130 1359 15
139 1304 334 1372 cumstrepet.
356 1297 434 1370 Quid
449 1303 547 1371 ergo?
560 1313 621 1357 non
633 1297 799 1373 aliquando
815 1296 1007 1360 commodius
1022 1306 1072 1361 est
1085 1306 1115 1361 et
1216 1308 1219 1361 t

138 1395 242 1440 carere
257 1379 418 1441 convicio?
433 1381 539 1439 fateor.
562 1381 664 1455 itaque
676 1395 734 1455 ego
751 1395 792 1440 ex
808 1381 868 1441 hoc
883 1383 953 1442 loeo
965 1383 1111 1459 migrabo

138 1462 271 1537 experiri
291 1470 322 1522 et
341 1478 487 1523 exercere
506 1478 555 1522 me
574 1463 668 1524 volui.
698 1462 777 1537 Quid
792 1480 922 1527 neccsse
937 1473 986 1527 est
1001 1466 1113 1529 diutim
1216 1526 1219 1539 ‚

138 1546 290 1620 torqueri,
313 1561 380 1605 cum
402 1554 463 1606 tam
482 1547 572 1606 facile
592 1547 759 1608 remedium
774 1548 881 1610 Ulixes
906 1551 1002 1611 sociis
1024 1551 1114 1612 etiam

138 1628 288 1689 adversus
303 1627 429 1690 Sirenas
444 1630 614 1689 invenerit?
631 1631 720 1690 Vale.

441 1814 658 1872 EPISTULA
677 1817 712 1872 V.
735 1817 807 1889 (bi.)

389 1928 500 1981 Seneca
519 1930 630 1981 Lucumo
648 1940 699 1980 suo
717 1940 856 1982 susurru.

111 2073 124 2125 1
199 2046 272 2107 Cum
288 2047 403 2110 aBaiis
424 2048 568 2109 deberem
581 2046 740 2124 Neapolim
759 2056 915 2124 repetere,
937 2049 1027 2111 facile
1048 2064 1113 2111 cre·

137 2129 200 2190 didi
221 2137 433 2206 tempestatem
455 2149 542 2208 esse,
567 2149 606 2193 ne
627 2131 736 2193 iterum
758 2149 868 2193 navem
887 2134 1063 2208 experirerr
1083 2140 1115 2195 et

135 2221 250 2274 tantum
271 2216 325 2276 luti
347 2223 410 2276 tata
431 2217 479 2276 via
500 2217 570 2290 luit,
598 2223 631 2277 ut
656 2215 775 2291 passim
795 2214 892 2276 videri
917 2214 1113 2279 nihilominus

136 2298 309 2372 navigasse.
336 2306 433 2362 tatum
454 2301 633 2362 athletarum
654 2301 749 2360 latum
769 2299 842 2360 mihi
862 2297 914 2359 illo
936 2301 986 2361 die
1001 2315 1113 2376 perpe·

135 2381 270 2442 tiendum
284 2384 353 2445 luitr
378 2402 397 2444 a
411 2392 563 2445 ceromate
584 2399 642 2444 nos
658 2383 760 2459 haphe
775 2383 898 2458 excepit
912 2384 948 2443 in
971 2391 1113 2462 crypta

106 2466 403 2541 aNeapolitana.
434 2468 513 2528 Nihil
528 2469 579 2529 illo
596 2483 719 2527 carcere
734 2468 871 2542 longius,
892 2466 965 2526 nihil
986 2468 1047 2528 illis
1067 2468 1112 2528 ia·

136 2549 222 2609 cibus
239 2550 418 2622 obscurius,
444 2567 523 2626 quae
543 2550 633 2611 nobis
654 2557 813 2626 praestant
828 2566 889 2612 non
910 2557 944 2611 ut
960 2566 1016 2626 per
1028 2559 1113 2612 tene·

134 2631 206 2690 bras
223 2632 398 2705 videamus,
420 2635 522 2694 sedat
542 2635 638 2709 ipsas.
666 2641 800 2695 ceterum
823 2633 942 2695 etiamsi
955 2634 1044 2696 locus
1058 2633 1113 2695 ha·

135 2713 221 2773 beret
234 2717 347 2789 lucem,
363 2716 466 2792 pulvis
481 2719 628 2791 auferret,
644 2718 673 2778 in
689 2726 795 2792 aperto
809 2733 935 2794 quoque
945 2733 997 2778 res
1008 2717 1112 2793 gravis

135 2804 166 2856 et
188 2799 331 2858 molesta:
353 2799 427 2874 quid
448 2798 524 2875 illic,
545 2802 596 2862 ubi
613 2802 644 2860 in
665 2817 701 2861 se
714 2803 868 2864 volutatur
888 2808 933 2876 et,
953 2816 1023 2862 cum
1044 2799 1114 2863 sine

135 2880 198 2940 ullo
214 2880 399 2955 spiramento
415 2883 454 2942 sit
467 2885 619 2957 inclusus,
634 2885 665 2944 in
680 2884 784 2960 ipsos,
801 2903 819 2946 a
834 2885 945 2961 quibus
961 2886 1113 2947 excitatus

135 2971 196 3035 cst,
223 2965 353 3026 recidit?
378 2968 446 3028 Duo
472 2967 667 3029 incommoda
690 2967 768 3028 inter
790 2985 826 3030 se
847 2968 1000 3030 contraria
1020 2969 1113 3030 simul

136 3046 329 3122 pertulimus:
352 3053 459 3111 eadem
476 3053 539 3124 via,
559 3051 669 3113 eodem
685 3051 735 3112 die
750 3060 780 3113 et
800 3055 863 3114 luto
880 3061 910 3113 et
924 3053 1052 3128 pulvere
1067 3052 1113 3113 la·

106 3130 318 3194 sacravimus.
363 3135 522 3210 Aliquid
546 3143 643 3197 tamen
668 3135 757 3194 mihi
777 3137 847 3196 illa
867 3135 1111 3209 obscuritas,

135 3217 237 3290 quod
252 3219 480 3292 cogitarem,
498 3218 621 3280 dedit=
636 3220 721 3280 sensi
734 3221 897 3295 quemdam
911 3219 1004 3280 ictum
1019 3218 1114 3281 animi

134 3305 164 3356 et
175 3300 241 3359 sine
255 3311 336 3362 metu
347 3302 557 3380 mutationem,
575 3319 665 3378 quam
676 3303 818 3363 insolitae
829 3303 875 3364 rei
887 3303 1008 3365 novitas
1020 3303 1114 3364 simul

133 3396 169 3440 ec
184 3383 314 3445 foeditas
331 3387 453 3446 iecerat.
482 3386 548 3445 Non
571 3386 610 3446 de
630 3401 679 3445 me
693 3403 775 3447 nune
788 3395 889 3448 tecum
903 3387 1032 3462 loquor,
1056 3386 1113 3463 qul

131 3466 256 3526 multum
270 3467 308 3527 ab
329 3467 451 3529 bomine
471 3467 635 3542 tolerabili,
659 3470 772 3531 nedum
792 3487 811 3530 a
830 3471 968 3546 perlecto
989 3469 1113 3547 absum,
