2468 3930
194 225 257 288 412
484 225 517 283 L.
539 223 685 282 ΑΝΝΑΕΙ
705 220 880 281 SENECAE

154 393 187 448 11
196 378 313 454 Quanta
329 377 479 436 dementia
493 383 540 435 est
553 372 676 434 heredis
691 375 739 434 sui
752 390 803 434 res
820 389 985 449 procurare
1000 382 1032 436 et
1047 375 1107 437 sibi
1122 392 1178 436 ne·

196 477 269 538 gare
285 459 394 534 omnia,
411 467 443 519 ut
457 457 510 519 tibi
525 474 564 518 ex
578 459 675 519 amieo
689 457 841 518 inimicum
857 473 967 532 magna
982 459 1076 520 iaciat
1088 459 1177 521 here

197 546 295 605 ditas?
316 545 386 617 plus
404 543 483 603 enim
498 542 641 617 gaudebit
659 550 708 602 tua
725 548 830 617 morte,
846 557 908 617 quo
923 543 993 617 plus
1011 545 1178 620 acceperit.

194 628 275 689 Istos
290 627 393 687 tristes
410 633 441 686 et
455 626 675 701 superciliosos
690 628 807 686 alienae
821 627 903 686 vitae
919 641 1086 703 censores,
1102 644 1178 689 suae

195 710 316 784 hostes,
333 710 474 786 publicos
491 710 690 786 paedagogos
707 711 788 770 assis
804 724 843 769 ne
858 708 969 770 leceris
980 726 1042 770 nec
1057 711 1176 773 dubita·

196 795 277 856 veris
291 793 404 854 bonam
419 795 511 855 vitam
526 810 616 867 quam
633 793 807 869 opinionem
821 793 934 856 bonam
947 795 1069 854 malle.“

153 895 187 950 12
255 879 321 939 Hae
335 894 430 938 voces
449 894 510 937 non
525 878 611 936 aliter
625 876 787 952 fugiendae
804 885 874 938 sunt
889 893 982 952 quarn
997 877 1082 954 illae,
1099 896 1177 955 quas

194 963 300 1025 Ulixes
322 962 381 1022 nisi
402 962 551 1037 adligatus
572 961 763 1036 praetervehi
786 963 896 1023 noluit=
925 961 1007 1021 idem
1028 971 1177 1037 possunt.-

195 1047 352 1108 abducunt
364 1062 383 1105 a
395 1046 501 1121 patria,
518 1061 538 1104 a
551 1043 738 1120 parentibus,
755 1045 792 1105 ab
807 1044 923 1119 amicis,
939 1061 957 1105 a
971 1043 1134 1107 virtutibus
1148 1053 1178 1106 et

195 1130 272 1192 inter
283 1145 372 1206 spem
390 1128 525 1190 civitam
546 1127 689 1188 miseram
704 1127 764 1190 sita
777 1132 861 1204 turpi
879 1129 1034 1190 inluduntz
1062 1139 1176 1205 quanto

195 1215 291 1274 satius
306 1220 353 1274 est
366 1220 482 1273 rectum
497 1213 586 1287 sequi
600 1211 722 1271 limitem
740 1221 770 1274 et
783 1229 821 1272 eo
837 1228 872 1274 se
888 1212 1076 1287 perducere,
1092 1221 1126 1274 ut
1141 1230 1176 1277 ea

154 1299 316 1370 13demum
338 1297 399 1357 sint
418 1296 471 1356 tibi
491 1296 639 1369 iucunda,
662 1311 742 1371 quae
763 1295 912 1357 honestat
938 1296 1024 1371 quod
1046 1296 1175 1372 adsequi

195 1383 371 1457 poterimus,
391 1380 417 1440 si
432 1380 591 1440 scierimus
606 1380 668 1439 duo
683 1395 754 1439 esse
767 1395 882 1454 genera
895 1395 1006 1454 rerum,
1023 1397 1104 1455 quae
1119 1398 1176 1442 nos

196 1473 247 1526 aut
261 1464 387 1524 invitent
407 1471 459 1525 aut
476 1465 596 1538 lugent:
616 1463 744 1524 invitant
760 1465 813 1542 [ut]
831 1463 971 1538 divitiae,
993 1465 1178 1540 voluptates,

106 1615 108 1620 .
195 1551 307 1623 torma,
330 1547 463 1624 ambitio,
484 1555 586 1608 cetera
599 1547 713 1608 blanda
728 1554 757 1607 et
771 1547 956 1607 adridentia=
979 1547 1066 1622 lugat
1079 1549 1176 1623 labor,

196 1649 288 1705 mors,
308 1633 405 1708 dolor,
417 1632 591 1708 ignominia,
603 1630 702 1692 victus
715 1632 897 1693 adstrictior.
913 1631 1062 1692 debemus
1073 1629 1176 1707 itaqua

197 1718 334 1776 exerceri
350 1733 390 1776 ne
405 1716 482 1777 haec
495 1717 664 1789 timeamus,
680 1731 719 1774 ne
733 1716 785 1775 illa
798 1715 969 1790 cupiamus.
1006 1714 1040 1775 ln
1056 1723 1173 1776 eontra·

195 1800 272 1860 rium
296 1816 466 1875 pugnemus
488 1806 518 1860 et
537 1801 575 1860 ab
593 1799 790 1860 invitantibus
808 1799 1006 1873 recedamus,
1025 1798 1175 1862 adversus

157 1902 190 1957 14
196 1886 331 1962 petentia
348 1885 543 1945 concitemur.
587 1883 653 1942 Non
669 1883 773 1958 vides,
796 1899 888 1961 quam
910 1883 1051 1944 diversus
1066 1884 1108 1946 sit
1124 1884 1175 1944 de·

197 1969 407 2030 scendeotium
421 1967 541 2027 habitus
558 1973 589 2027 et
606 1967 880 2029 adscendentiumt
907 1965 958 2044 qui
972 1981 1029 2046 per
1042 1982 1176 2044 pronum

196 2060 277 2127 eunt,
292 2053 473 2127 resupinant
487 2067 627 2126 corpora,
645 2052 696 2127 qui
711 2052 741 2111 in
756 2053 894 2127 arduum,
903 2052 1090 2115 incumbunt.
1106 2071 1176 2115 nam

197 2137 224 2198 si
244 2137 433 2210 descendas,
457 2137 580 2211 pondus
602 2152 690 2197 suum
707 2135 737 2195 in
753 2137 886 2212 priorem
902 2145 1019 2213 partem
1034 2137 1125 2214 dare,
1149 2139 1176 2198 si

195 2221 386 2294 adscendas,
408 2226 489 2280 retro
505 2220 659 2281 abducere
673 2234 742 2281 oum
762 2219 851 2295 vitio,
868 2220 980 2295 Lucili,
1002 2220 1176 2284 consentire

195 2311 251 2365 est.
279 2305 314 2363 ln
331 2304 503 2379 voluptates
520 2303 726 2377 descenditur,
741 2304 770 2363 in
786 2320 898 2380 aspera
912 2312 942 2366 et
953 2304 1032 2366 dura
1042 2306 1175 2368 subeun-

154 2390 267 2452 15dum
283 2396 345 2450 est:
364 2387 414 2447 hie
428 2388 610 2463 inpellamus
626 2404 773 2464 corpora,
790 2388 851 2448 illic
864 2389 1066 2451 refrenemus.
1109 2390 1176 2450 Hoc

195 2489 276 2533 nunc
300 2488 349 2533 me
371 2472 527 2533 existimas
551 2472 667 2546 dicere,
690 2487 746 2533 eos
767 2478 882 2532 tantum
894 2471 1091 2548 perniciosos
1106 2488 1176 2533 esse

195 2556 319 2617 auribus
341 2556 468 2630 nostris,
496 2556 548 2631 qui
570 2557 757 2631 voluptatem
775 2557 909 2630 laudant,
937 2557 990 2631 qui
1008 2557 1133 2618 dolores
1148 2561 1177 2616 et

194 2647 309 2712 metus,
332 2656 388 2715 per
403 2655 438 2699 se
453 2639 660 2700 formidabiles
675 2655 741 2712 res,
764 2640 931 2701 incutiuntr
957 2639 1028 2702 illos
1052 2655 1176 2717 quoque

195 2737 308 2783 nocere
322 2722 412 2783 nobis
428 2723 578 2797 existimo,
596 2723 648 2796 qui
662 2739 721 2783 nos
738 2724 796 2783 sub
814 2724 919 2798 specie
934 2722 1059 2785 Stoicae
1072 2731 1176 2784 sectae
1202 2757 1206 2765 ·

195 2805 354 2866 hortantur
368 2806 408 2865 ad
422 2805 503 2865 vitia.
525 2805 585 2866 hoe
601 2806 680 2866 enim
695 2808 822 2868 iactant:
846 2808 946 2869 solum
960 2807 1134 2884 sapientem
1147 2814 1176 2868 et

196 2890 319 2950 doctum
343 2904 415 2950 esse
437 2896 612 2950 amatorem.
645 2892 757 2966 „solus
786 2899 875 2966 aptus
899 2891 939 2952 ad
964 2891 1044 2952 hane
1066 2898 1175 2952 amem·

195 2989 294 3050 aeque
310 2973 494 3034 conbibendi
509 2980 540 3034 et
554 2973 735 3035 convivendi
751 2976 875 3051 sapiens
894 2982 942 3036 est
956 2974 1175 3052 peritissimus:

195 3074 386 3135 quaeramus,
400 3058 543 3134 adquam
556 3075 656 3132 usque
670 3065 798 3119 aetatem
812 3060 940 3120 iuvenes
951 3059 1073 3120 amandi
1086 3059 1177 3121 sint.“

152 3144 277 3208 16Haec
294 3142 430 3204 Graecae
451 3143 666 3205 consuetudini
686 3142 756 3203 data
779 3142 853 3205 sint:
875 3159 933 3205 nos
954 3144 995 3204 ad
1008 3143 1060 3204 illa
1074 3143 1177 3220 potius

195 3244 288 3289 aures
314 3227 497 3303 dirigamus:
531 3227 644 3302 „Nemo
669 3234 719 3288 est
742 3243 818 3288 casu
841 3227 952 3289 bonus.
989 3227 1177 3291 discenda

194 3311 322 3373 virtus
345 3319 401 3373 est.
430 3312 617 3386 voluptas
638 3310 759 3373 humilis
780 3326 832 3372 res
853 3318 883 3372 et
902 3310 1015 3386 pusilla
1033 3318 1081 3372 est
1101 3313 1176 3373 etin

195 3397 279 3457 nullo
300 3397 442 3456 habenda
463 3396 576 3470 pretio,
599 3395 767 3456 communis
789 3411 858 3455 cum
877 3395 968 3455 mutis
984 3394 1177 3471 animalibus,

196 3479 351 3554 adquam
378 3479 500 3539 minime
521 3487 553 3539 et
577 3478 838 3555 contemptissima
863 3477 1018 3539 advolant
1048 3478 1177 3554 gloria
