2468 3930
226 235 395 298 EPISTUL.
410 235 504 297 MOR.
525 236 598 297 LlB.
609 238 673 299 XX.
695 237 755 300 ΕΡ.
767 247 794 302 6.
816 246 904 314 (123.)
990 239 1052 303 411

70 388 156 466 apud
181 405 238 448 nos
264 389 366 450 locum
390 397 473 451 tenet
497 362 601 463 error,
624 390 674 449 ubi
699 390 840 465 publicus
870 393 968 452 lactus
995 402 1052 455 εει.

71 472 184 534 Omnes
201 472 262 531 iam
282 472 327 534 sic
350 475 595 550 peregrinantur,
617 481 651 535 ut
663 474 732 534 illos
747 475 943 535 Numidarum
965 492 1082 552 prae-7

70 565 174 619 currat
197 557 366 633 equitatus,
392 565 426 618 ut
450 574 560 633 agmen
579 573 739 618 cursorum
760 559 933 619 antecedat:
964 567 1054 636 turpe

70 649 118 701 est
132 642 233 700 nullos
249 657 334 716 εεεε,
359 642 411 716 qui
426 641 615 703 occurrentis
631 642 681 702 via
697 640 844 716 deiciant,
864 649 917 702 aut
931 644 983 718 qui
997 644 1053 705 ho·

68 731 191 785 nestum
203 723 355 785 hominem
369 725 474 785 venire
485 741 596 800 magno
610 726 736 801 pulvere
749 726 921 787 ostendant.
945 743 1053 788 omncs

68 810 129 868 iam
150 808 249 868 mulos
269 808 396 882 hahent,
420 810 473 886 qui
495 810 672 887 crystallina
692 816 722 869 et
744 810 877 869 murrina
891 818 922 870 et
935 812 1054 873 caelata

67 906 249 967 magnorum
269 891 419 953 artificum
439 909 531 953 manu
551 899 690 968 portent:
714 900 802 967 turpe
824 900 872 953 cst
885 893 982 954 videri
998 911 1052 956 eas

67 984 98 1037 te
128 976 243 1036 habere
272 978 411 1037 sarcinas
440 985 535 1051 totas,
566 992 647 1053 quae
674 983 739 1037 tuto
771 976 892 1037 concuti
920 978 1050 1051 possint.

68 1059 203 1121 omnium
224 1061 417 1136 paedagogia
437 1061 530 1121 oblita
550 1061 628 1120 lacie
648 1060 813 1135 vehuntur,
836 1076 875 1120 ne
893 1060 961 1135 sol,'
978 1077 1052 1123 neve

67 1144 163 1218 lrigus
183 1150 318 1203 teneram
339 1152 439 1207 cutem
459 1145 575 1204 laedat:
594 1152 683 1220 turpe
699 1153 746 1204 est
766 1142 918 1204 neminem
933 1160 1005 1204 esse
1020 1146 1050 1205 in

66 1229 210 1289 comitatu
227 1243 401 1302 puerorum,
423 1229 510 1290 cuius
526 1229 602 1288 sana
616 1229 711 1288 facies
726 1227 980 1288 medicamentum
997 1228 1049 1288 de·

65 1312 189 1372 sideret.
233 1311 552 1374 Horumomnium
570 1328 695 1372 sermo
714 1311 897 1372 vitandus
918 1319 991 1372 est=
1013 1311 1079 1372 hi8

65 1403 169 1470 sunt,
185 1395 536 1470 quivitiatradunt
551 1397 679 1457 etalio
700 1395 860 1456 aliunde
876 1397 1048 1456 transle-

62 1487 160 1540 runt.
203 1478 373 1540 Pessimum
404 1496 502 1555 genus
532 1479 662 1558 [horum]
692 1479 847 1541 hominum
876 1479 1047 1552 videbatur,

65 1564 117 1638 qui
133 1563 228 1624 verba
242 1569 413 1637 gestarent:
436 1572 507 1625 sunt
523 1564 662 1640 quidam,
687 1565 739 1639 qui
754 1563 827 1624 vitia
840 1570 970 1637 gestant.
992 1563 1047 1624 ho·

62 1663 128 1708 rum
145 1662 247 1707 semro
262 1649 387 1708 multum
402 1655 502 1709 nocet.
531 1663 600 1707 nam
616 1648 813 1708 etiamsinon
828 1648 928 1707 statim
944 1649 1047 1723 prole-

34 1781 38 1786 .
62 1731 111 1804 cit,
127 1731 290 1791 seminam
305 1732 405 1792 auimo
420 1732 563 1807 relinquit
579 1733 781 1808 sequiturque
795 1747 852 1793 nos
870 1731 960 1792 etiam
977 1749 1046 1792 cum

60 1814 100 1873 ab
116 1814 175 1874 illis
188 1815 398 1891 discessimus,
413 1824 656 1877 resurrecturum
669 1824 780 1892 postea
790 1816 912 1876 nralum.
936 1816 1074 1891 Quem-9

60 1899 226 1958 admodum
249 1901 301 1974 qui
320 1900 483 1962 audierunt
504 1900 735 1979 symphoniam,
761 1900 862 1960 lerunt
883 1916 988 1961 secum
1013 1900 1044 1960 in

60 1982 185 2042 auribus
198 1984 435 2044 modulationem
446 1985 527 2045 illam
540 2001 576 2045 ac
589 1985 783 2045 dulcedinem
795 1991 947 2058 cantuum,
964 2000 1045 2058 quae

60 2066 260 2140 cogitationes
276 2068 393 2143 inpedit
406 2083 464 2127 nec
480 2068 520 2127 ad
536 2067 616 2128 seria
630 2069 743 2143 patitur
757 2067 888 2141 intendi,
907 2069 952 2128 sic
969 2068 1043 2128 adu·

58 2150 190 2210 latorum
211 2159 241 2211 et
261 2169 358 2227 prava
376 2150 563 2212 laudantium
584 2166 686 2211 sermo
702 2149 816 2211 diutius
831 2150 937 2211 haeret
953 2167 1043 2227 quam

58 2234 187 2295 auditur.
220 2251 278 2295 nec
303 2236 392 2295 facile
415 2242 462 2294 est
487 2236 588 2295 animo
609 2235 730 2295 dulcem
749 2249 859 2295 sonum
881 2241 1042 2295 excutere:

56 2318 256 2394 prosequitur
276 2327 306 2379 et
326 2318 416 2379 durat
437 2325 467 2378 ει
481 2334 520 2378 ex
534 2318 692 2378 intervallo
708 2318 844 2377 recurrit.
889 2317 963 2379 ldeo
980 2318 1043 2377 clu-

58 2401 178 2462 dendae
195 2409 267 2464 sunt
281 2419 372 2463 aures
387 2401 474 2462 malis
491 2402 619 2462 vocibus
637 2407 668 2461 et
682 2402 805 2476 quidem
817 2399 940 2476 primis:
962 2416 1042 2475 nam,

58 2499 127 2544 cum
142 2486 258 2548 initium
275 2489 413 2547 lecerunt
434 2484 652 2562 admissaeque
667 2484 808 2563 [in]sunt,
830 2485 901 2560 plus
916 2483 1040 2544 audent.

56 2568 128 2628 inde
143 2570 274 2632 adhaec
289 2570 587 2647 perveniturve1·ba=

119 2654 244 2725 „Virtus
266 2664 296 2716 et
315 2655 513 2731 philosophia
533 2661 564 2714 et
583 2654 697 2716 iustitia
719 2651 883 2713 verborum
904 2649 1040 2712 inanium
1049 2663 1083 2715 10

57 2736 191 2809 crepitus
218 2746 279 2798 est:
304 2756 367 2799 una
389 2740 517 2800 felicitas
540 2746 588 2799 est
611 2737 791 2799 bonevitae
812 2737 929 2797 lacere:
958 2751 1039 2812 esse,

54 2816 170 2890 bibere,
187 2819 244 2879 lrui
262 2823 453 2898 patrimonio,
468 2824 529 2883 hoc
547 2831 594 2884 est
609 2824 722 2896 vivere,
737 2821 798 2882 hoc
814 2828 862 2881 est
877 2835 913 2881 se
927 2827 1039 2882 morta·

53 2903 115 2961 lem
130 2915 202 2960 esse
223 2903 408 2965 meminisse.
436 2907 535 2968 fluunt
555 2907 622 2968 dies
638 2914 668 2967 ει
681 2905 892 2981 inreparabilis
908 2905 970 2965 vita
986 2904 1038 2963 de

53 2984 162 3044 currit=
179 2984 374 3047 dubitamusl
390 2990 462 3064 quid
475 2991 558 3050 iuvat
571 3006 682 3066 sapere
695 2997 725 3050 ει
735 2989 827 3050 aetati
840 3006 902 3050 non
915 3003 1039 3062 semper

52 3070 229 3143 voluptates
243 3076 423 3145 recepturae
437 3073 571 3146 interim,
597 3073 670 3134 dum
692 3078 809 3148 potest,
838 3071 909 3132 dum
926 3069 1036 3146 poscit,

52 3152 194 3227 ingerere
215 3154 416 3229 frugalitatem
437 3164 468 3215 et
488 3163 615 3216 mortem
630 3169 829 3230 praecurrere
844 3162 875 3214 ει
890 3151 1036 3229 quicquid

52 3236 104 3297 illa
119 3237 258 3298 ablatura
272 3245 328 3312 est,
340 3238 400 3298 iam
412 3237 471 3299 sibi
483 3238 685 3298 interdiceret
706 3238 773 3297 Non
785 3234 916 3296 amicam
928 3235 1035 3309 habes,

52 3337 114 3381 nou
130 3337 268 3398 puerum,
286 3320 338 3398 qui
353 3324 469 3384 amicae
480 3330 602 3383 moveat
612 3321 766 3382 invidiam.
789 3319 901 3381 cotidie
912 3319 1035 3379 sobrius

51 3405 168 3478 prodis.
190 3407 236 3468 sic
251 3423 365 3469 coenas
379 3416 534 3482 tamquam
550 3404 776 3481 ephemeridem
792 3404 871 3480 patri
883 3402 1035 3479 adproba-

50 3494 153 3550 turus=
183 3508 244 3552 non
266 3500 314 3553 cst
327 3493 410 3554 istud
424 3491 544 3564 maere,
572 3490 629 3551 sed
643 3490 760 3550 alienae
776 3488 857 3550 vitae
873 3487 1033 3549 interesse.
