2468 3930
206 241 375 304 EPISTUL.
389 240 482 303 MOR.
503 241 576 306 LIB.
588 242 638 300 IV.
660 241 718 301 ΕΡ.
732 249 774 302 11.
784 249 825 302 12.
843 249 899 316 (lo.
910 245 968 311 41.)
1030 239 1071 304 85

100 393 242 453 incessus
254 392 421 452 modestior
433 391 581 466 convenit,
596 392 638 452 ita
648 391 743 453 oratio
754 407 873 467 pressa,
888 408 950 453 non
961 391 1073 452 audax.

101 477 226 620 'Srzmma
238 491 319 618 {¹¹52
342 491 523 536 summarum
545 475 622 568 baec
643 477 712 536 erit:
739 475 943 552 tardiloquum
957 483 986 537 te
1001 491 1072 536 esse

100 578 132 621 ru
155 576 203 624 eo.
270 575 287 618 a
319 601 326 616 .

384 693 599 751 EPISTULA
622 695 681 751 llll.
709 698 781 767 (41.)

353 789 462 842 Sanucn
480 789 591 843 Lucrmo
611 803 662 843 suo
683 803 820 847 snturuu.

161 893 250 954 Facis
271 908 335 954 rem
358 892 502 969 optimam
523 901 552 954 et
572 894 624 954 tibi
645 895 821 969 salutarem,
844 896 884 968 si,
907 902 940 957 ut
954 897 1100 970 scribis,1

102 992 286 1055 perseveras
311 977 355 1036 ire
380 977 419 1036 ad
445 978 556 1038 bonam
581 984 726 1053 mentem,
761 994 850 1053 quam
878 981 999 1041 stultum
1027 991 1074 1041 εει

101 1071 224 1138 optare,
247 1076 316 1121 eum
336 1061 440 1136 possis
462 1077 480 1121 a
498 1069 528 1120 te
544 1061 704 1138 inpetrare.
734 1062 801 1120 Non
816 1068 888 1122 sunt
902 1064 942 1123 ad
956 1064 1073 1124 coelum

101 1145 270 1207 elevandae
289 1159 397 1205 manus
412 1160 469 1205 nec
484 1146 659 1206 exorandus
674 1144 828 1218 aedituus,
849 1153 882 1205 ut
896 1161 953 1205 nos
968 1147 1007 1206 ad
1020 1163 1073 1208 au-

100 1246 166 1290 rem
182 1228 347 1300 simulacri,
370 1229 457 1302 quasi
472 1227 569 1305 magis
585 1227 721 1290 exaudiri
735 1227 906 1303 possimus,
924 1229 1072 1290 admittat:

100 1329 225 1388 prope
247 1317 401 1373 estate
424 1313 535 1385 deus,
558 1319 682 1374 tecum
704 1319 776 1386 est,
799 1312 905 1373 intus
927 1319 994 1373 est.
1030 1314 1102 1374 ltua

102 1396 188 1468 dico,
210 1395 319 1456 Lucili=
343 1410 432 1456 sacer
445 1396 522 1456 intra
536 1411 595 1456 nos
607 1394 732 1471 spiritus
744 1395 845 1470 sedet,
861 1398 1008 1458 malorum
1019 1397 1073 1458 bo·

100 1495 273 1556 nasumque
288 1484 462 1541 nostrorum
477 1481 664 1555 observator,
688 1485 740 1553 [ει]
757 1488 872 1542 ειιειοε.
891 1480 941 1541 hic
954 1489 1074 1557 prouta
1174 1537 1176 1541 ,

101 1565 192 1625 nobis
213 1571 356 1624 tractatus
376 1570 437 1638 est,
459 1564 500 1624 ita
519 1580 577 1626 nos
594 1562 663 1640 ipse
677 1569 792 1624 ιιεειει.
824 1565 924 1625 bonus
938 1580 1012 1626 vero
1028 1566 1075 1625 vir

103 1646 171 1708 sine
184 1648 244 1708 deo
260 1662 350 1708 nemo
366 1654 426 1707 est:
449 1662 488 1706 an
502 1652 605 1723 potest
619 1644 728 1723 aliquis
744 1664 838 1722 supra
853 1648 1001 1710 lortuuam
1016 1649 1074 1709 nisi

103 1731 144 1791 ab
165 1730 214 1792 illo
236 1729 357 1792 adiutus
379 1738 567 1807 exsurgeret
592 1730 643 1793 ille
663 1731 715 1791 dat
728 1731 857 1792 consilia
869 1731 1031 1808 magnilica
1045 1741 1075 1793 et

104 1822 214 1876 erecta.
249 1815 279 1874 in
294 1829 483 1890 unoquoque
496 1815 631 1876 virorum
643 1813 792 1876 bonorum

281 1902 346 1975 quis
361 1899 433 1960 deus
446 1901 590 1960 incertum
602 1905 657 1973 est,
680 1900 795 1961 babtm
806 1900 887 1962 deus.

104 1982 136 2043 sl
151 1981 206 2043 tibi
220 1982 386 2043 occurrerit
398 1983 526 2043 vetustis
540 1982 700 2044 arboribus
715 1991 745 2044 et
759 1983 876 2044 solitam
889 1983 1073 2044 altitudinem
1085 1995 1103 2049 3

103 2065 240 2142 egressis
264 2067 409 2142 frequens
433 2068 521 2127 lucus
547 2073 577 2128 et
599 2074 796 2143 conspectum
822 2067 899 2128 coeli
922 2083 1075 2128 ramorum

102 2151 231 2212 aliorum
251 2150 329 2212 alios
348 2151 569 2227 protegentium
589 2151 695 2211 umbra
710 2151 911 2212 submovens:
941 2150 991 2210 illa
1005 2166 1074 2226 pro-

103 2234 215 2295 ceritas
240 2233 335 2295 silvac
356 2242 387 2295 et
410 2241 560 2296 secretum
584 2234 644 2295 loci
665 2241 695 2294 et
716 2234 873 2296 admiratio
895 2234 1020 2294 umbrae
1044 2234 1075 2293 in

104 2325 212 2394 aperto
237 2326 296 2378 tana
317 2319 433 2378 densae
458 2325 551 2396 atque
577 2316 737 2379 continuae
759 2317 851 2377 fidem
871 2316 925 2377 tibi
945 2317 1075 2377 numinis

103 2402 186 2462 tacit.
208 2408 239 2462 ει
251 2402 279 2462 si
294 2401 363 2477 quis
379 2417 492 2477 specus
510 2402 594 2463 saxis
610 2401 730 2477 penitus
745 2401 847 2461 exesis
862 2405 994 2460 montem
1008 2415 1077 2459 sus-

103 2486 259 2563 penderit,
288 2502 350 2546 non
374 2487 598 2561 manufactus,
626 2485 683 2546 sed
708 2484 894 2546 naturalibus
922 2479 1024 2543 causis
1045 2480 1076 2542 in

103 2576 219 2632 tanum
238 2569 391 2632 laxitatem
413 2578 595 2644 excavatus,
622 2568 754 2629 animum
774 2575 858 2629 tuum
880 2565 1009 2642 quadam
1028 2582 1076 2627 re-

104 2652 227 2730 ligionis
243 2652 419 2730 suspicione
435 2655 591 2728 percutiet.
612 2668 791 2728 magnorum
805 2651 962 2713 fluminum
977 2651 1077 2727 capita

105 2752 296 2797 veneramur.
317 2736 418 2798 subita
431 2752 471 2797 ex
484 2736 586 2798 abdito
601 2737 680 2798 vasti
695 2736 792 2798 amnis
807 2736 923 2812 eruptio
938 2751 1009 2796 aras
1023 2735 1076 2795 ha·

105 2821 167 2881 bet.
189 2821 328 2882 coluntur
344 2837 492 2898 aquarum
508 2821 668 2883 calentium
682 2822 797 2896 fontes,
818 2826 849 2882 et
861 2827 969 2895 stagna
984 2834 1076 2895 quae

106 2905 177 2964 dam
196 2907 246 2965 vel
267 2905 405 2981 opacitas
419 2905 468 2965 vel
482 2905 620 2967 inmensa
634 2904 758 2966 altitudo
773 2905 918 2965 sacravit:
940 2903 968 2963 si
981 2901 1107 2965 homi-4

104 3003 175 3049 nem
195 2988 308 3049 videris
330 2987 495 3051 interritum
515 2989 673 3064 periculis,
695 2989 839 3051 intactum
855 2986 1077 3063 cupiditatibus,

104 3071 184 3134 inter
197 3073 329 3134 adversa
346 3070 481 3146 felicem,
499 3073 528 3135 in
545 3073 653 3135 mediis
670 3071 900 3149 tempestatibus
915 3069 1076 3145 placidum,

105 3172 144 3216 ex
167 3157 328 3233 superiore
352 3157 421 3218 loco
442 3156 581 3217 homines
601 3157 772 3230 videntem,
800 3171 839 3216 ex
862 3169 962 3229 aequo
984 3152 1085 3212 deosa

105 3255 167 3300 non
189 3240 302 3302 subibit
317 3245 347 3300 te
362 3240 428 3300 eius
443 3239 619 3301 veneratior
646 3256 707 3300 non
722 3239 822 3300 dices=
844 3237 903 3297 istc
917 3251 967 3296 res
983 3234 1079 3294 maior

105 3332 154 3385 est
167 3324 316 3400 altiorque
332 3340 423 3398 quam
437 3331 471 3384 ut
484 3323 568 3384 credi
583 3323 688 3383 similis
703 3321 789 3397 huic,
810 3319 842 3381 in
858 3336 918 3395 quo
934 3326 989 3393 est,
1012 3333 1077 3379 cor-

106 3410 238 3482 pusculo
254 3407 375 3484 possim
409 3406 464 3468 Vis
480 3408 558 3469 istuc
573 3407 676 3466 divina
690 3404 857 3466 deseendit.
882 3403 1012 3463 animum
1027 3409 1108 3462 εει-5

107 3491 279 3568 pellentem,
295 3491 500 3567 moderatum,
516 3491 617 3552 omnia
628 3495 781 3566 tamquam
793 3488 910 3550 minora
921 3488 1078 3547 transeun-
