2468 3930
273 192 443 255 unsrun.
459 193 552 255 uon.
574 196 647 255 nro.
661 195 699 255 x.
720 195 778 255 ue.
794 205 819 256 1.
841 200 913 271 (n.)
1019 192 1080 260 193

104 346 274 424 peniculum
295 345 395 420 adire,
421 361 489 406 curn
508 345 655 407 incertum
675 354 773 420 esset,
800 364 838 406 an
862 364 946 408 mors
967 350 1080 411 domini

103 431 278 494 voluntaria
297 430 421 491 llu'sset:
449 431 583 506 alioquin
604 439 665 492 tam
680 432 750 492 mali
766 431 899 505 exempli
914 448 985 494 esse
999 434 1080 495 ocei-

103 517 180 577 dere
199 514 354 576 dominum
376 531 469 589 quam
485 514 660 591 prohibere.
703 515 822 577 Deinde
837 516 940 591 ipsum
954 517 1110 581 Marcel-8

103 603 199 660 linum
226 599 385 660 admonuit
410 616 472 659 non
492 614 564 660 esse
583 599 794 674 inhumanum,
823 602 1082 675 quemadmodum

104 699 203 746 coena
223 690 348 758 peracta
368 683 517 758 reliquiae
538 684 804 744 circumstantibus
827 684 1015 759 dividantur,
1036 687 1081 747 sie

104 774 230 844 peracte
248 766 312 827 vita
330 766 448 842 aliquid
463 767 578 843 porrigi
592 767 657 842 his,
680 769 732 840 qui
749 770 938 830 totiusvitne
953 771 1081 831 ministri

104 852 244 912 tuissent
272 857 338 916 erat
351 850 545 912 Marcellinus
561 850 659 911 facilis
673 851 764 912 animi
781 859 812 913 et
825 852 975 928 liberalis,
991 855 1081 914 etiam

104 952 175 997 cum
196 935 237 995 de
258 951 315 996 suo
337 934 437 995 fieretv
465 936 599 996 minutas
619 936 722 1010 itaque
743 938 910 996 summulas
929 938 1082 998 distribuit

103 1019 250 1081 flentibus
270 1019 369 1079 servis
390 1027 421 1079 el
442 1019 511 1080 illos
536 1021 614 1079 ultro
637 1021 814 1079 consolatus
836 1027 892 1080 εει.
935 1019 1003 1081 Non
1027 1021 1109 1086 iuit9

102 1105 146 1164 illi
161 1119 241 1178 opus
256 1104 352 1175 ferro,
374 1119 435 1163 non
452 1102 615 1177 sanguine:
638 1102 739 1163 triduo
761 1103 906 1163 abstinuit
920 1111 951 1164 ει
964 1106 994 1163 in
1010 1105 1080 1179 ipso

103 1186 247 1248 cubiculo
261 1187 334 1262 poni
349 1187 577 1247 tabernaculum
591 1185 690 1247 iussit.
713 1187 822 1247 solium
834 1186 945 1247 deinde
956 1188 1081 1248 inlatum

102 1279 167 1344 est,
188 1272 220 1331 in
242 1287 303 1347 quo
324 1271 377 1331 diu
392 1271 484 1331 iacuit
497 1279 528 1331 ει
543 1271 631 1330 calda
646 1270 777 1331 subinde
793 1271 922 1330 subtusa
936 1271 1081 1345 paulatim

102 1355 232 1428 deiecit,
246 1362 281 1416 ut
293 1354 408 1424 aiebat,
423 1372 486 1416 non
501 1355 568 1415 sine
583 1355 715 1430 quadarn
730 1356 902 1430 voluptate,
919 1371 1012 1430 quarn
1027 1357 1081 1415 ed·

102 1439 184 1499 terre
200 1439 278 1499 solet
292 1438 370 1498 lenis
387 1439 548 1500 dissolutio
564 1456 626 1499 non
640 1440 801 1515 inexperta
815 1438 914 1510 nobis,
933 1455 1012 1514 quos
1027 1440 1080 1500 ali·

103 1523 230 1599 quando
244 1523 331 1597 liquit
346 1523 475 1583 enimus.
510 1523 544 1581 In
562 1523 703 1586 fabellam
718 1523 841 1583 excessi
855 1540 916 1583 non
932 1525 1080 1598 ingratam
1089 1527 1123 1579 ιο

102 1606 166 1667 libi.
188 1607 303 1668 exitum
318 1608 397 1666 enim
417 1607 506 1667 amici
525 1608 569 1667 tui
585 1622 757 1682 cognosces
773 1623 836 1666 non
852 1607 1006 1668 difficilem
1023 1624 1080 1669 nec

102 1691 257 1752 miserum.
286 1689 427 1767 quamvis
442 1691 522 1752 enim
537 1697 665 1751 mortem
680 1691 738 1751 sibi
760 1692 957 1764 consciverit,
981 1699 1080 1752 tamen

101 1774 285 1836 mollissime
303 1779 439 1836 excessit
459 1783 489 1835 ει
510 1775 591 1835 vitae
605 1775 732 1850 elapsus
748 1782 805 1836 est.
832 1777 898 1836 ‘sed
914 1792 953 1836 ne
966 1776 1080 1836 inutilis

103 1858 227 1934 quidem
240 1860 318 1919 haec
334 1859 446 1919 labella
460 1859 563 1920 fuerit:
587 1875 682 1935 saepe
697 1859 775 1919 enirn
791 1861 863 1921 talia
875 1862 1017 1934 exempla
1028 1877 1080 1920 ne-

102 1943 234 2004 cessitas
249 1942 353 2018 exigit.
377 1959 472 2019 saepe
487 1942 634 2004 debemus
649 1946 726 2004 rnori
742 1960 800 2004 nec
815 1945 973 2005 volumnss
989 1943 1080 2004 mori-

101 2044 171 2088 mur
190 2043 248 2089 nec
268 2029 421 2088 volumus.
464 2028 559 2088 Nemo
581 2034 641 2088 tarn
662 2028 810 2102 inperitus
832 2035 895 2101 est,
916 2038 950 2089 ut
964 2027 1122 2089 nescietll

102 2112 294 2187 quandoque
313 2112 520 2173 moriendum=
542 2120 641 2172 tamen
657 2128 726 2171 curn
741 2127 839 2187 prope
853 2113 1006 2185 accessit,
1021 2121 1080 2173 ter·

100 2193 283 2272 giversotur,
297 2196 405 2271 tremit,
422 2197 531 2271 ploret.
574 2195 681 2256 Nonne
699 2195 752 2255 tibi
769 2196 922 2255 videbitur
936 2195 1079 2256 stultissi-

100 2296 171 2341 mus
186 2280 328 2352 omniurn,
347 2280 399 2355 qui
413 2279 507 2354 flevit,
524 2280 607 2354 quod
625 2286 695 2338 ante
710 2294 808 2338 annos
823 2278 904 2337 mille
919 2295 980 2340 non
995 2281 1079 2339 vixe-

100 2369 172 2424 rat?
197 2380 297 2439 aeque
319 2365 427 2424 stultus
449 2370 512 2436 est,
537 2362 678 2438 quidet,
700 2363 783 2438 quod
800 2369 871 2436 post
886 2377 985 2423 nnnos
1000 2363 1080 2422 mille

101 2463 164 2508 non
175 2446 267 2508 vivet.
289 2447 367 2508 haec
384 2449 472 2523 paria
486 2455 572 2508 sunt:
590 2463 650 2506 non
664 2448 791 2506 erisnec
803 2446 895 2507 suisti.
917 2454 1080 2520 utrumque

101 2539 223 2607 tempus
241 2533 372 2592 alienum
387 2540 443 2593 εει.
486 2531 594 2592 Inhoc
615 2538 728 2605 puncto
752 2531 908 2591 coniectus
924 2545 973 2603 es,
997 2529 1122 2605 quodla

101 2624 135 2676 ut
149 2616 309 2690 extendas,
325 2631 490 2692 quousque
502 2615 673 2676 extendes?
701 2614 777 2689 Quid
789 2615 869 2675 fles?
884 2614 956 2690 quid
970 2620 1080 2690 optast

102 2698 208 2775 perdis
226 2716 362 2776 operam.

123 2814 126 2818 ⁴
228 2786 330 2845 desine
341 2785 413 2858 soto
428 2784 514 2844 mm
524 2787 607 2858 flecti
618 2801 744 2860 sperare
755 2784 919 2860 precando.

100 2873 169 2928 ratu
188 2875 220 2929 et
239 2868 303 2927 fixa
318 2876 388 2929 sunt
404 2875 435 2927 ει
448 2882 560 2941 magna
575 2875 667 2943 atque
685 2874 809 2928 aeterna
824 2864 1009 2927 necessitate
1024 2867 1079 2926 du-

101 2958 221 3012 cuntur.
250 2949 377 3027 coibis,
399 2967 460 3028 quo
483 2951 585 3011 omnia
600 2959 680 3012 eunt.
708 2953 781 3027 quid
796 2953 849 3012 tibi
864 2951 937 3012 novi
952 2958 1019 3011 est?
1040 2949 1081 3011 ud

99 3035 182 3096 hanc
201 3037 301 3110 legem
319 3045 408 3097 natus
430 3051 475 3095 es.
503 3035 563 3096 hoe
584 3035 732 3110 patrituo
754 3036 879 3108 accidit,
903 3035 963 3094 hoc
983 3033 1079 3104 matri,

99 3119 161 3180 hoc
175 3118 352 3194 maioribus,
367 3120 427 3180 hoc
442 3118 583 3179 omnibus
598 3126 669 3179 ante
679 3125 718 3192 te,
732 3120 792 3179 hoc
805 3118 945 3178 omnibus
959 3123 1030 3192 post
1040 3124 1080 3176 ιε.

100 3203 200 3265 series
220 3203 334 3263 invicta
354 3212 383 3263 et
404 3203 487 3263 nulla
507 3201 659 3263 mutabitis
685 3218 745 3277 ope
769 3202 904 3275 inligavit
929 3215 966 3260 ae
992 3198 1083 3260 trahit

101 3293 221 3350 cunda
245 3287 381 3362 Quantus
391 3294 421 3347 te
434 3287 567 3362 populus
579 3286 792 3346 moriturorum
805 3291 972 3359 sequetur?
987 3287 1124 3358 quan-13

100 3378 152 3433 tus
166 3368 381 3432 comitabitur?
402 3372 517 3445 fortior,
533 3378 567 3430 ut
582 3369 705 3445 opinor,
722 3385 826 3440 esses,
851 3369 877 3427 si
893 3369 987 3428 multu
999 3365 1082 3427 milia

101 3455 155 3517 not
176 3460 453 3517 commorerenturz
482 3453 566 3530 atqui
587 3455 681 3514 multa
696 3453 779 3513 milia
794 3451 951 3513 hominurn
971 3459 1001 3514 et
1016 3448 1080 3511 ani·

143 3558 330 3599 annonam.
344 3543 389 3598 111.
880 3544 914 3599 13
