2468 3930
279 251 450 314 EPISTUL.
464 251 558 314 Mon.
579 254 699 312 LIB.II.
721 254 778 314 ΕΡ.
790 262 816 317 9.
839 260 910 331 (21.)
1039 253 1082 320 47

100 404 310 477 transtuleris,
338 403 419 463 idem
447 401 573 478 poterit=
602 404 629 463 si
655 404 701 465 vis
726 404 893 483 Pythoclea
918 405 1079 467 honestum

102 490 220 560 iacere,
244 504 305 547 non
321 485 491 547 honoribus
506 487 698 548 adiciendum
711 495 775 563 est,
793 489 850 550 sed
862 487 1079 564 cupiditatibus

102 571 334 634 detrahendum.
356 570 383 630 si
394 569 442 630 vis
453 570 620 648 Pythoclea
630 586 701 631 esse
712 571 742 631 in
754 578 904 647 perpetua
914 573 1079 648 voluptate,

102 672 160 715 non
184 653 393 730 voluptatibus
414 654 607 715 adimendum
629 661 690 728 est,
717 655 774 715 sed
795 656 1010 730 cupiditatibus
1027 658 1079 717 de·

102 739 292 800 trahendum.
323 738 351 798 si
370 737 417 798 vis
436 737 603 814 Pythoclea
621 753 725 798 senem
744 740 846 799 lacere
859 747 889 800 et
903 740 1020 815 inplere
1035 741 1079 801 vi-

101 831 176 896 tam,
194 839 258 882 non
279 821 367 882 annis
382 820 574 881 adiciendum
589 828 650 896 est,
673 822 729 881 sed
747 823 964 897 cupiditatibus
979 823 1078 884 detra-

101 906 245 987 bendum.
286 905 350 965 llas
373 920 466 965 voces
484 920 546 965 non
561 913 609 966 est
624 905 709 981 quod
722 905 845 981 Epicuri
860 922 932 966 esse
947 908 1107 973 iudices=9

101 990 244 1064 publicae
259 996 340 1049 sunt.
375 988 462 1062 Quod
477 988 542 1047 lieri
557 989 588 1048 in
604 998 712 1050 senatu
724 990 817 1062 solet,
836 990 1008 1049 faciendum
1020 1006 1078 1064 ego

101 1074 128 1132 in
156 1071 357 1148 philosophia
380 1088 503 1148 quoque
528 1071 689 1133 existimo:
724 1089 793 1132 cum
818 1073 935 1131 censuit
959 1073 1078 1148 aliquis,

102 1156 186 1231 quod
207 1172 248 1216 ex
269 1164 355 1231 parte
375 1155 445 1215 mihi
468 1157 600 1230 placeat,
630 1155 721 1216 iubeo
744 1156 825 1214 illum
846 1152 983 1213 dividere
1009 1172 1079 1214 sen-

102 1240 225 1300 tentiam
236 1247 267 1300 et
281 1255 405 1315 sequor.
439 1238 592 1313 Propheta]
609 1255 645 1299 eo
662 1237 805 1298 libentius
818 1236 941 1311 Epicuri
956 1239 1079 1312 egregia

101 1324 182 1384 dicta
197 1338 418 1397 commemoro,
432 1329 465 1383 ut
478 1322 542 1395 isti,
560 1324 611 1399 qni
627 1324 666 1382 nd
678 1323 729 1381 illa
741 1321 919 1395 confugiunt
930 1337 987 1395 spe
1001 1322 1079 1380 mala

101 1406 233 1486 inducti,
248 1404 301 1481 qui
313 1408 513 1468 velamentum
530 1408 617 1481 ipsos
629 1407 771 1467 vitiorum
782 1421 908 1466 suorum
919 1404 1076 1465 habituros
1106 1477 1111 1484 ¹

101 1490 290 1563 existimant,
318 1491 467 1566 probent,
495 1505 691 1566 quocumque
716 1490 820 1563 ierint,
849 1489 980 1550 honeste
1005 1502 1077 1549 esse

100 1573 278 1634 vivendum.
314 1573 388 1635 Cum
409 1574 519 1634 adieris
538 1574 677 1635 hortulos
693 1581 723 1634 ct
738 1572 918 1648 inscriptum
934 1573 1121 1636 hortulis=10

102 1656 269 1730 Hospes,
293 1673 356 1718 erc
376 1673 471 1717 esur:
491 1673 673 1729 nauseis,
695 1673 756 1718 mc
776 1672 932 1718 sunnon
952 1672 1078 1716 eonon

101 1754 296 1801 venerans
318 1757 400 1803 nem
422 1748 545 1818 paratus
561 1742 617 1804 erit
630 1741 716 1802 istius
732 1739 875 1803 domicilii
891 1748 1005 1814 eustoc,
1023 1741 1076 1800 ho-

102 1823 239 1898 spitalis,
263 1825 429 1900 humanus,
452 1832 483 1886 et
501 1832 531 1885 te
548 1828 670 1900 polenta
685 1823 818 1902 excipiet
832 1831 862 1884 et
874 1840 986 1900 aquam
1001 1840 1077 1898 quo·

103 1923 165 1981 que
178 1908 263 1983 large
277 1909 459 1972 ministrabit
472 1917 502 1970 et
515 1910 609 1969 dicet:
630 1909 762 1984 „ecquid
776 1909 855 1968 bene
865 1915 1010 1983 acceptus
1023 1914 1079 1968 est

102 2007 163 2051 non
184 1991 320 2066 inritant,
340 1993 452 2069 inquit,
473 1992 504 2052 hi
524 1994 634 2054 hortuli
649 1995 774 2065 samem,
798 1993 855 2052 sed
870 1992 1076 2067 exstinguunt.

102 2090 160 2134 nec
180 2075 326 2136 maiorem
342 2076 424 2154 'ipsis
444 2078 620 2152 potionibus
636 2077 714 2137 sitim
729 2077 856 2150 iaciunt,
878 2075 935 2135 sed
949 2075 1078 2136 naturali
1107 2146 1110 2153 ,

101 2164 130 2216 et
150 2159 281 2232 gratuito
302 2162 438 2222 remedio
461 2161 580 2222 sedant.
607 2162 636 2221 in
653 2161 712 2220 hac
728 2160 883 2235 voluptate
898 2160 1077 2220 consenui.“

100 2242 146 2301 De
163 2240 212 2302 his
227 2247 326 2304 tecum
342 2245 503 2305 desideriis
520 2245 646 2320 loquor,
670 2260 748 2318 quae
763 2243 1002 2304 consolationem
1016 2259 1078 2306 non
1088 2249 1119 2303 ll
1193 2311 1196 2315 ⁴

100 2323 266 2399 recipiunt,
289 2328 398 2403 quibus
413 2329 546 2389 dandum
565 2335 611 2387 est
627 2327 757 2401 aliquid,
777 2333 811 2386 ut
826 2325 980 2387 desinente
1006 2342 1077 2385 nam

102 2408 140 2467 de
155 2407 216 2469 illis
231 2412 495 2487 extraordinariis,
510 2428 589 2488 quae
605 2409 675 2471 licet
688 2410 824 2483 differre,
841 2409 912 2468 licet
926 2407 1077 2482 castigare

102 2498 131 2551 et
145 2492 336 2570 obprimere,
365 2495 425 2555 hoe
443 2512 536 2558 unum
552 2495 837 2557 commonefaciam
859 2492 919 2551 ista
934 2492 1077 2566 voluptas
1103 2519 1106 2523 ·

101 2576 247 2637 naturalis
267 2586 330 2653 est,
355 2580 539 2640 necessaria.
568 2579 638 2639 huic
658 2577 731 2638 nihil
753 2577 863 2637 debes:
893 2576 919 2634 si
941 2574 1014 2649 quid
1032 2575 1076 2639 in-

100 2659 229 2734 pendis,
257 2664 459 2724 voluntarium
484 2672 540 2725 est.
572 2669 678 2723 venter
704 2665 868 2737 praecepta
893 2675 956 2719 non
982 2659 1075 2720 audit.

101 2745 217 2819 poscit,
232 2744 376 2821 adpellat.
398 2764 460 2808 non
475 2754 635 2808 esttamen
650 2747 797 2808 molestus
810 2742 956 2804 creditor=
979 2759 1076 2817 parvo

100 2824 272 2903 dimittitur,
301 2831 328 2890 si
346 2832 439 2893 modo
461 2831 517 2893 das
534 2831 593 2903 illi,
617 2831 701 2904 quod
714 2830 824 2904 debes,
845 2845 907 2889 non
923 2827 1006 2903 quod
1020 2842 1076 2903 po-

100 2915 154 2971 tes.
189 2912 280 2974 Vale.
