2468 3930
181 240 244 306 478
420 240 422 244 ’
475 246 506 301 L.
530 244 670 302 ΑΝΝΑΕΙ
692 241 857 302 SENECAE

537 380 733 460 semrom
751 409 795 460 vr.

401 493 518 546 Senecas
534 509 565 546 sr
577 495 683 546 Lucrino
701 496 798 547 raucus
815 509 939 546 suusne.

244 601 285 657 De
300 601 361 670 his,
378 616 450 673 quae
465 601 533 656 mihi
549 603 720 675 scripsistis,
735 618 793 658 non
807 602 872 657 licet
886 600 1024 658 arundine
1043 607 1072 658 et
1086 608 1160 657 atra·

182 693 275 744 mento
297 686 405 756 eloqui,
427 701 545 757 quarum
566 688 655 742 altera
676 701 722 742 res
740 691 818 742 notat
838 692 864 742 et
887 685 1019 758 designat
1042 683 1159 755 aliquid,

182 773 270 828 altera
284 770 429 827 evidenter
440 769 570 838 ostendit,
584 770 738 843 praecipue
752 786 817 826 cunr
828 772 917 827 sciam
928 770 999 826 inter
1016 785 1069 826 voa
1082 784 1159 837 esse,

181 856 236 912 hoc
250 861 294 910 est
308 854 384 926 apud
396 870 449 911 vos
461 861 488 910 et
502 855 531 910 in
548 855 639 924 vobis,
657 855 704 926 qui
715 870 760 910 me
772 855 936 927 intelligant.
962 853 1059 909 Honor
1071 854 1160 907 omni-

181 942 234 997 bus
249 938 398 996 habendus
415 943 458 994 est
472 945 500 994 et
513 945 588 995 tanto
604 939 709 1012 magis,
731 943 834 1010 quanto
851 936 1017 1010 indignandi
1032 939 1159 993 occasio

182 1040 247 1080 nem
263 1028 385 1095 captant
412 1023 513 1094 quibus
528 1024 553 1079 si
566 1022 728 1096 patientiam
741 1021 850 1092 demus,
867 1020 1042 1078 omnimodo
1057 1036 1110 1076 eos
1124 1037 1161 1076 ex

183 1124 295 1181 quaqua
310 1114 390 1179 parte
409 1107 571 1176 vincemus,
596 1109 620 1163 si
640 1105 725 1163 modo
739 1106 770 1163 hi
790 1112 870 1175 sunt,
896 1105 943 1177 qui
957 1105 1159 1178 poenitentiam

184 1194 228 1249 sui
243 1197 343 1264 gerant
361 1191 440 1247 Beue
455 1193 558 1248 valete.

534 1320 731 1372 EPISTOLA
749 1322 807 1374 Vll.

322 1392 443 1444 Anninus
461 1389 563 1442 Ssusca
582 1390 665 1443 Panno
683 1406 715 1442 as
734 1390 882 1441 Tnsosuruo
900 1404 1025 1444 susurru.

246 1481 381 1538 Profiteor
403 1483 475 1538 bene
497 1497 542 1536 me
560 1486 707 1554 acceptum
726 1479 847 1537 lectione
869 1481 1022 1536 litterarum
1038 1484 1157 1548 tuarum,

183 1581 254 1636 quas
268 1565 390 1634 Galatis,
414 1563 581 1633 Corinthiis,
602 1563 725 1620 Achaeis
741 1564 857 1634 misisti,
880 1571 907 1620 et
921 1566 958 1620 ita
978 1563 1102 1619 invicem
1118 1563 1158 1617 vi·

183 1663 299 1718 samus,
323 1654 351 1706 ut
365 1650 449 1705 etiam
465 1665 528 1704 cum
548 1648 667 1704 horrore
686 1647 783 1704 divino
800 1665 865 1705 esse
884 1648 1012 1705 exhibes.
1043 1647 1158 1720 spiritus

183 1731 257 1786 enim
272 1739 387 1791 sauctus
410 1734 439 1789 in
456 1740 481 1788 le
500 1738 528 1788 et
542 1749 629 1804 super
652 1738 678 1787 te
700 1733 831 1788 excelsus
853 1732 1030 1790 sublimiores
1053 1731 1156 1788 sanctis

182 1817 360 1872 venerabiles
376 1832 478 1872 seusus
493 1817 631 1889 exprimit.
663 1816 774 1872 Vellem
789 1818 900 1889 itaque,
914 1832 998 1873 cures
1012 1821 1041 1871 et
1056 1822 1156 1887 celcra,

183 1905 213 1954 ut
233 1899 371 1956 maiestati
392 1915 489 1955 earum
510 1902 600 1956 cultus
622 1901 761 1957 sermonis
781 1917 838 1957 non
863 1900 946 1958 desit.
961 1949 964 1953 .
978 1901 1013 1957 Et
1032 1916 1069 1957 ne
1090 1898 1158 1972 quid

182 1983 245 2050 tibi,
267 1983 365 2052 irater,
389 1982 539 2056 surripiam
557 1989 605 2039 aut
618 1985 811 2041 conscientiae
828 2000 908 2042 meae
924 1984 1051 2054 debeam,
1071 1983 1158 2041 conli-

181 2071 242 2122 teor
254 2066 415 2139 Augustum
430 2068 562 2126 sensibus
577 2070 632 2125 tuis
649 2074 763 2126 motum.
791 2071 837 2127 cui
859 2071 931 2125 lecto
953 2069 1065 2126 virtutis
1086 2069 1116 2124 in
1133 2075 1158 2123 te

182 2148 299 2206 exordio
317 2152 372 2208 ista
386 2168 444 2209 vox
459 2153 523 2210 luit:
540 2154 635 2210 mirari
656 2169 720 2209 eum
734 2170 836 2226 posse,
858 2161 887 2211 ut
902 2152 1019 2225 quinon
1035 2153 1158 2226 legitime

181 2235 302 2291 imbutus
322 2237 371 2306 sii,
396 2238 486 2293 taliter
502 2239 612 2294 sentiat.
658 2239 707 2296 Cui
724 2255 778 2311 ego
797 2237 951 2311 respondi,
973 2239 1066 2294 solere
1088 2237 1159 2293 deos

183 2336 233 2375 ore
251 2321 440 2378 innocentium
456 2321 551 2391 effari,
573 2322 653 2380 haud
670 2339 782 2394 corum,
809 2325 856 2396 qui
871 2323 1071 2395 praevaricare
1092 2320 1158 2378 doc-

181 2405 253 2461 trina
269 2421 321 2462 sua
336 2405 404 2479 quid
423 2408 541 2479 possint.
573 2414 601 2463 ct
624 2407 689 2464 dato
710 2408 737 2462 ei
755 2408 884 2480 exemplo
902 2407 1016 2463 Votieni
1035 2405 1158 2462 hominis

181 2490 322 2558 rusticuli,
348 2491 394 2547 cui
419 2490 473 2547 viri
497 2491 552 2547 duo
579 2491 776 2564 apparuissent
800 2493 830 2548 in
857 2507 926 2564 agro
948 2490 1083 2560 Reatino,
1112 2490 1158 2561 qui

181 2580 282 2646 postea
298 2573 397 2631 Castor
418 2580 446 2630 et
459 2575 558 2632 Pollux
573 2582 638 2632 sunt
652 2575 804 2644 nominati,
828 2575 896 2632 satis
910 2575 1064 2633 instructus
1080 2574 1159 2631 vide·

181 2662 235 2713 tur.
278 2657 360 2713 Vale.

527 2739 733 2791 EPISTOLA
751 2741 819 2794 Vlll.

481 2809 579 2860 Parrus
595 2808 714 2860 Sarnous
733 2823 856 2862 sanorem.

246 2909 323 2966 Licct
341 2926 397 2967 non
412 2912 541 2986 ignorem
557 2914 707 2973 Caesarem
724 2921 883 2972 nostrarum
898 2930 992 2971 rerum
1008 2913 1157 2971 admirato·

181 3009 257 3064 rem,
279 2996 433 3069 siquando
456 2998 568 3056 deficiet
590 3005 742 3056 amatorem
758 3015 838 3069 esse,
861 2999 1005 3071 permittes
1022 3004 1115 3054 lamen
1132 3005 1158 3053 tc

182 3094 239 3136 non
254 3079 328 3137 laedi
344 3082 398 3139 sed
413 3082 575 3141 admoneri:
596 3089 664 3155 puto
681 3085 755 3140 enirn
770 3089 797 3140 te
811 3084 936 3157 graviter
950 3076 1064 3153 iecisse,
1083 3081 1158 3155 quod

182 3164 209 3221 ci
230 3165 259 3221 in
278 3168 405 3224 notitiam
420 3170 544 3240 perterre
567 3168 681 3224 voluisti
704 3167 748 3237 d,
773 3167 850 3241 quod
868 3167 932 3224 ritui
946 3173 973 3224 et
992 3166 1158 3240 disciplinae

182 3250 244 3306 eius
259 3250 295 3305 sit
313 3252 491 3311 centrarium.
519 3269 583 3310 curn
598 3252 674 3308 enim
688 3252 736 3308 ille
754 3253 881 3325 gentium
896 3252 967 3309 deos
982 3253 1071 3320 colat,
1091 3249 1159 3324 quid

181 3333 229 3390 tibi
241 3334 334 3391 visum
349 3338 393 3405 sit,
410 3343 439 3392 ut
452 3336 508 3394 hoc
523 3338 596 3394 scira
612 3351 674 3394 oum
691 3337 789 3409 velles,
812 3353 869 3393 non
886 3337 980 3406 video,
1000 3336 1055 3392 nisi
1070 3336 1157 3392 nimio

181 3434 277 3474 amore
298 3436 362 3476 meo
388 3423 482 3479 lacere
504 3419 531 3480 te
549 3421 604 3478 hoc
624 3421 763 3479 existimo.
792 3420 873 3494 Rogo
897 3422 1057 3492 defuturo,
1077 3417 1159 3476 naid

179 3517 261 3576 agas.
290 3506 449 3562 cavendum
464 3513 507 3562 est
522 3507 606 3576 enim,
627 3522 662 3561 ne
681 3506 747 3563 dum
762 3523 806 3564 me
823 3505 928 3580 diligis,
949 3504 1091 3564 offensum
1107 3502 1157 3560 do·
