2468 3930
192 222 255 288 278
353 251 357 256 .
468 223 503 282 L.
525 221 673 282 ΑΝΝΑΕΙ
693 219 869 280 SENECAE

195 378 279 454 quod
300 392 358 437 nos
379 373 541 450 prohibeat
561 373 628 433 eius
651 372 815 447 adspectu,
840 371 870 430 in
888 379 1059 447 operaest,
1084 388 1177 435 eursu

194 479 253 523 suo
273 462 377 520 fertur.
410 457 554 533 quotiens
576 457 654 516 inter
674 456 778 516 nubila
799 456 890 530 tuxit,
912 471 974 515 non
995 462 1044 516 est
1064 471 1175 520 sereno

194 547 306 616 minor,
340 558 379 602 ne
401 542 517 602 tardior
541 541 677 616 quidem,
711 540 854 616 quoniam
887 540 1014 600 muitum
1040 540 1177 615 interest,

152 636 295 701 1gutrum
315 626 432 701 aliquid
452 626 553 685 obstet
568 631 695 696 tantum,
717 639 755 683 an
772 623 916 698 inpediat.
949 623 1067 684 Eodem
1083 626 1176 686 modo

194 713 294 772 virtuti
309 707 452 784 obposita
472 708 546 767 nihil
567 707 742 767 detrahunt:
771 723 834 768 non
853 714 901 767 est
915 707 1028 783 minor,
1051 709 1108 769 sed
1124 710 1177 769 mi·

193 813 253 856 nus
272 795 376 868 fuiget
414 791 505 852 nobis
526 792 654 852 forsitan
676 807 737 851 non
758 807 859 866 aeque
878 792 1007 866 adparet
1031 807 1067 852 aa
1088 794 1176 854 nitet=

194 880 252 941 sibi
267 878 374 938 eadem
390 884 437 936 est
451 884 481 936 et
494 892 580 936 more
595 875 671 935 sotis
687 875 809 935 obscuri
830 873 859 934 in
881 878 1000 937 occulto
1012 876 1074 936 vim
1091 893 1177 938 suam

193 968 326 1023 exercet.
354 962 421 1020 Hoc
437 961 542 1034 itaque
556 959 707 1019 adversus
722 959 861 1018 virtutem
878 967 1011 1034 possunt
1026 961 1177 1022 catamita—

194 1041 240 1107 tes
255 1053 285 1105 et
298 1045 411 1104 damna
425 1053 456 1104 et
470 1044 613 1117 iniuriae,
629 1043 712 1117 quod
727 1043 878 1102 adversus
895 1045 993 1104 sotem
1007 1051 1111 1121 potest
1126 1062 1177 1105 ne-

152 1151 185 1208 19
195 1130 276 1191 buia.
312 1129 481 1200 Invenitur,
503 1127 554 1203 qui
569 1127 651 1187 dieat
662 1127 831 1201 sapientem
844 1142 975 1202 corpore
986 1145 1094 1203 parum
1106 1145 1178 1205 pro·

196 1229 289 1288 spero
311 1228 400 1273 usum
422 1228 478 1271 neo
497 1212 642 1271 miserum
663 1226 735 1271 esse
750 1225 808 1270 nee
821 1210 959 1271 beatum=
988 1212 1037 1273 hie
1052 1229 1178 1291 quoque

194 1298 315 1358 fallitur.
345 1302 498 1371 exaequat
515 1295 594 1353 enim
616 1294 739 1354 fortuita
761 1294 920 1355 virtutibus
941 1302 972 1356 et
991 1297 1178 1357 tantumdem

193 1381 298 1441 tribuit
317 1379 455 1440 honestis
474 1385 619 1452 quantum
637 1378 799 1439 honestate
820 1379 1004 1440 carentibus.
1036 1381 1110 1455 quid
1125 1397 1177 1441 aa·

193 1471 254 1524 tent
275 1463 410 1536 foedius,
434 1462 509 1537 quid
531 1462 685 1537 indignius
708 1478 799 1539 quam
820 1465 983 1538 conparari
1002 1465 1179 1524 veneranda

193 1547 398 1623 contemptis?
426 1546 603 1606 veneranda
618 1544 698 1606 enim
713 1553 785 1606 sunt
799 1546 927 1620 iustitia,
952 1548 1066 1622 pietas,
1087 1548 1177 1622 fides,

193 1631 353 1703 tortitudo,·
376 1630 553 1705 prudentius
582 1631 766 1690 econtrario
787 1631 859 1691 viiia
874 1637 960 1704 sunt,
983 1647 1064 1706 quae
1082 1646 1178 1707 saepe

194 1716 372 1788 contingunt
386 1714 524 1789 pleniora
538 1714 705 1787 vilissimis,
724 1730 795 1774 crus
809 1715 942 1775 solidum
957 1721 987 1775 et
1001 1716 1134 1779 lacertus
1149 1723 1176 1776 et

150 1799 304 1860 audentes
324 1796 485 1858 ethorum
506 1799 621 1858 sanitas
641 1797 839 1873 firmitasque.
867 1799 987 1859 Deinde
1000 1799 1026 1859 si
1041 1800 1178 1873 sapiens,

195 1882 244 1942 eui
265 1897 379 1956 eorpus
401 1884 562 1943 molestum
583 1890 645 1955 est,
666 1897 725 1942 nee
744 1882 838 1942 miser
856 1880 1017 1942 habebitur
1032 1897 1089 1942 neo
1105 1884 1178 1942 bea-

192 1971 257 2039 tus,
281 1967 338 2026 sed
353 1970 384 2027 ia
399 1967 501 2026 medio
515 1965 718 2041 relinquetur,
740 1966 803 2027 vita
824 1982 948 2042 quoque
966 1966 1033 2025 eius
1049 1981 1107 2025 neo
1123 1966 1178 2024 ad-

193 2050 327 2124 petenda
352 2051 408 2110 erit
433 2067 491 2110 nea
516 2050 674 2125 fugienda:
704 2050 778 2125 quid
799 2059 899 2111 autem
923 2056 984 2110 tam
1009 2049 1176 2110 absurdum

195 2149 287 2208 quam
309 2133 459 2209 sapientis
480 2135 574 2195 vitam
595 2134 800 2209 adpetendam
820 2151 882 2194 non
904 2139 996 2194 esset
1030 2141 1083 2194 aut
1104 2133 1177 2208 quid

193 2223 254 2277 tarn
266 2225 353 2278 extra
368 2220 459 2279 iidem
472 2233 643 2294 quamesse
655 2218 788 2292 aliquam
798 2217 891 2278 vitam
904 2233 962 2278 nee
973 2217 1177 2292 adpetendam

193 2316 252 2362 nea
265 2303 463 2377 fugiendam?
493 2303 611 2363 Deinde
632 2302 658 2362 si
674 2301 785 2361 damna
800 2303 940 2376 corporis
954 2302 1100 2363 miserum
1116 2317 1176 2360 uon

193 2385 321 2460 iaciunt,
336 2387 457 2448 beatum
473 2403 545 2447 esse
559 2385 723 2461 patiuntur.
753 2401 822 2445 nam
839 2385 950 2460 quibus
967 2386 1102 2461 potentia
1116 2399 1175 2443 non

147 2495 149 2499 ·
194 2476 243 2530 est
256 2470 285 2529 in
302 2472 438 2545 peiorem
460 2470 664 2530 transterendi
680 2477 806 2542 statum,
828 2485 867 2528 ne
881 2469 1095 2543 interpellandi
1111 2469 1176 2543 qui·

150 2552 265 2620 aldem
280 2554 435 2628 optimum.
465 2554 654 2628 „Frigidum
673 2553 784 2629 inquit,
801 2551 917 2629 aliquid
932 2560 963 2612 et
978 2553 1109 2613 calidum
1124 2567 1176 2612 no·

194 2636 303 2697 vimus.
337 2639 413 2696 inter
438 2644 601 2712 utrumque
621 2637 757 2711 tepidum
777 2644 840 2697 est=
869 2637 914 2696 sio
936 2635 1046 2711 aliquis
1068 2636 1177 2696 beatus

193 2726 256 2791 est,
278 2719 389 2793 aliquis
411 2720 519 2793 miser,
541 2721 651 2796 aliquis
673 2735 731 2780 neo
752 2721 860 2780 beatus
874 2734 931 2779 nee
947 2721 1069 2780 miser.“
1097 2719 1177 2780 Volo

192 2802 273 2861 hana
289 2811 395 2862 eontra
410 2819 467 2863 nos
483 2805 615 2877 positam
631 2805 791 2878 imaginem
806 2811 965 2864 excuteres
980 2802 1007 2863 si
1019 2803 1124 2878 tepido
1136 2803 1177 2861 iiii

193 2887 264 2960 ptus
280 2886 380 2960 frigidi
395 2885 572 2962 ingessere,
595 2888 648 2947 fiet
661 2888 811 2962 trigidum.
842 2888 868 2947 si
889 2889 960 2963 plus
978 2887 1068 2946 oatidi
1091 2886 1177 2946 adiu·

193 2968 284 3044 doro,
314 2969 368 3030 fiet
392 2970 559 3032 novissime
585 2972 724 3031 calidum.
762 2979 793 3031 at
816 2971 888 3031 huie
906 2986 963 3031 neo
984 2969 1097 3030 misero
1120 2984 1178 3028 nea

192 3053 282 3114 beato
304 3062 585 3131 quantumcumque
605 3056 645 3116 ad
665 3054 805 3115 miserias
826 3055 986 3127 adiecero,
1006 3053 1101 3113 miser
1116 3069 1176 3112 non

193 3137 256 3211 erit,
273 3140 528 3214 quemadmodum
545 3138 660 3199 dicitis:
676 3155 749 3214 ergo
762 3139 862 3214 imago
877 3139 937 3200 ista
951 3137 1108 3198 dissimilis
1121 3142 1178 3196 est.

148 3231 187 3284 at
196 3222 313 3282 Deinde
327 3225 414 3284 trado
430 3224 482 3284 tibi
497 3223 649 3283 hominem
664 3238 722 3283 nee
732 3223 875 3282 miserum
887 3238 945 3283 nee
957 3221 1089 3282 beatum.
1108 3220 1179 3281 huic

193 3305 294 3366 adicio
311 3307 502 3368 eaecitatem:
526 3322 587 3367 non
605 3306 641 3367 tit
652 3305 755 3366 miser.
784 3306 884 3366 adieio
900 3305 1100 3366 debilitatem:
1115 3320 1177 3364 noo

192 3389 227 3449 tit
242 3389 345 3450 miser.
380 3392 480 3452 adicio
495 3391 620 3452 dolores
638 3391 799 3452 eonunuos
815 3398 845 3451 et
858 3405 985 3464 gravese
1008 3389 1102 3448 miser
1115 3403 1178 3448 non

192 3472 234 3531 iit.
269 3490 360 3548 quem
382 3483 443 3536 tam
464 3475 557 3534 multa
576 3475 656 3535 muta
676 3474 707 3533 in
728 3474 869 3534 miseram
890 3473 980 3532 vitam
1003 3488 1065 3533 non
1080 3479 1179 3533 trans-
