2468 3930
155 265 219 330 306
445 264 479 323 L.
500 262 649 322 ANNAEl
669 261 845 323 SENECAE

156 418 347 497 propiusque
370 416 562 489 admovisse,
589 414 646 474 nisi
667 430 780 474 usurae
802 430 910 475 manus
925 415 1142 490 expediuntur.

154 505 195 566 Ut
209 502 249 562 ad
264 508 443 577 praccepta,
460 515 540 573 qnae
555 499 679 573 damuS,
697 499 797 573 possit
811 499 930 558 animus
946 499 999 572 ire,
1016 502 1140 562 solven-

109 588 214 654 sudus
235 591 292 646 εει.
335 584 481 643 Putemus
502 579 634 657 aliquem
656 583 773 656 iacere,
800 584 883 657 quod
911 591 1046 658 oportet:
1079 602 1140 647 non

155 671 246 731 saciet
259 667 405 739 adsidue,
423 682 485 727 non
501 668 593 727 iaciet
606 667 783 741 aequaliter.
805 667 923 728 nesciet
937 667 1027 743 caim,
1044 685 1141 744 quare

154 754 254 814 iaciat.
287 751 390 827 aliqua
409 752 459 810 vel
480 767 556 811 casu
576 753 624 810 vel
651 748 868 812 exercitatione
894 751 1021 811 exibunt
1045 762 1140 830 recta,

153 839 288 899 sednon
306 836 362 896 crit
377 836 407 894 in
423 851 515 895 manu
529 836 644 908 regala,
661 836 700 894 ad
716 850 806 910 qaam
823 834 992 909 exigantur,
1010 836 1060 896 cui
1075 853 1138 899 cre-

154 923 206 982 dat
219 929 304 983 reeta
318 935 398 995 esse,
414 935 494 995 qaae
509 919 588 979 iecit.
617 918 685 978 Nou
702 919 855 994 promittet
869 935 904 979 se
918 920 1007 980 tatem
1022 921 1053 980 in
1069 938 1137 998 per·

111 1022 145 1076 40
152 1014 294 1082 petuam,
323 1003 376 1080 qui
400 1005 500 1063 bonus
527 1018 603 1063 casu
625 1010 683 1063 est,
725 1002 843 1063 Deinde
865 1003 1067 1077 praestabunt
1086 1007 1138 1066 tibi

153 1091 287 1151 sortasse
306 1096 489 1164 praecepte,
511 1094 544 1147 ut
559 1087 643 1162 quad
659 1094 781 1163 oportet
796 1087 902 1160 facias,
921 1102 984 1148 aon
998 1097 1136 1164 praesta-

152 1175 236 1247 bunt,
251 1182 285 1234 ut
296 1172 552 1248 quemadmodum
569 1177 704 1246 oportet:
726 1172 753 1231 si
766 1170 826 1231 hoc
839 1188 900 1232 non
915 1178 1083 1248 praestant,
1099 1174 1137 1233 ad

152 1259 293 1318 virtutem
319 1273 380 1317 nou
408 1256 587 1330 perducunt.
620 1255 711 1314 iaciet
736 1255 821 1331 quod
847 1262 968 1331 oportet
994 1257 1137 1332 monitus,

153 1342 306 1402 conceda:
329 1339 387 1400 sed
401 1340 432 1398 id
447 1355 556 1414 pamm
570 1345 626 1413 cst,
643 1339 787 1414 quoniam
803 1340 926 1413 quidem
938 1355 1001 1400 non
1013 1338 1046 1400 in
1057 1340 1136 1403 iacto

108 1436 140 1488 41
152 1426 219 1487 taus
235 1432 297 1498 est,
314 1421 414 1483 sedin
430 1439 484 1496 ea,
502 1423 760 1499 quemadmodum
775 1423 837 1483 fiat.
882 1422 960 1497 Quid
976 1432 1025 1486 est
1040 1439 1137 1486 coena

152 1517 334 1585 sumptuosa
348 1505 530 1580 flagitiosius
546 1514 577 1567 et
591 1514 766 1583 equestrem
779 1523 904 1568 censum
917 1515 1137 1570 consumente?

153 1593 227 1668 quid
241 1600 302 1653 tam
318 1591 442 1664 dignum
456 1593 599 1651 censoria
613 1598 701 1665 nata,
725 1592 751 1651 si
768 1593 846 1667 quis,
867 1599 900 1652 ut
913 1591 963 1652 isti
978 1607 1135 1667 ganeones

150 1677 325 1752 loquuntur,
342 1673 400 1733 sibi
414 1672 473 1734 hoc
486 1681 516 1734 ει
527 1675 617 1749 genio
631 1691 688 1736 suo
701 1682 857 1750 praestata
870 1682 901 1735 ct
910 1676 1024 1736 totiens
1036 1683 1134 1738 tamen

151 1759 293 1820 sestertio
315 1758 453 1818 aditiales
475 1774 590 1819 coenae
605 1759 818 1833 frugalissimis
835 1759 908 1819 viris
925 1762 1135 1822 constiterunt.

151 1844 258 1904 eadem
273 1859 334 1915 res,
350 1843 377 1902 si
392 1842 482 1917 gulae
497 1843 594 1914 datar,
609 1843 707 1918 turpis
723 1852 779 1917 cst,
795 1844 822 1904 si
834 1843 953 1919 honori,
968 1844 1134 1921 reprehen-

150 1930 269 1988 sionem
289 1925 404 2001 effugit.
431 1942 492 1986 non
514 1926 592 1986 enim
609 1928 743 1999 lunaria,
767 1928 824 1987 scd
840 1927 971 2003 inpensa
986 1929 1133 1990 solemnis

106 2018 207 2076 orest.
235 2011 361 2072 Mullum
376 2011 506 2086 ingentis
523 2010 639 2070 formae
649 2044 693 2056 -
704 2027 800 2087 quare
815 2020 916 2072 autem
932 2027 992 2072 non
1008 2012 1134 2088 pondus

149 2095 250 2157 adicio
272 2104 302 2157 et
323 2096 493 2170 aliquorum
511 2095 612 2170 gulam
634 2096 746 2156 inritat
768 2102 899 2169 quatuor
914 2097 1018 2173 pondo
1040 2103 1071 2158 ει
1085 2112 1133 2157 εε-

148 2179 255 2239 libram
271 2180 368 2241 inisse
384 2178 706 2240 aiebant-Tiberius
719 2181 832 2240 Cacsar
846 2179 974 2241 missum
989 2180 1049 2241 sibi
1065 2197 1134 2241 etun

149 2263 180 2323 in
201 2266 361 2325 macellum
383 2264 495 2325 deterri
515 2272 545 2325 ει
566 2263 670 2324 venire
689 2263 848 2324 iussisset:
877 2263 1003 2339 „amiei‚
1025 2265 1133 2341 inquit,

150 2349 252 2409 omnia
271 2365 320 2408 me
341 2348 462 2422 fatiunt,
484 2347 544 2408 nisi
565 2348 657 2416 istum
678 2348 802 2408 mullum
817 2354 870 2409 out
882 2347 1013 2425 Apicius
1027 2348 1134 2410 emerit

149 2441 202 2494 aut
220 2433 252 2492 P.
276 2431 452 2494 Octavius.“
483 2432 562 2494 nitra
586 2447 673 2507 spem
694 2432 736 2492 illi
763 2433 938 2494 coniectura
963 2431 1132 2509 processit:

148 2517 252 2577 licitati
277 2523 357 2578 sunt.
388 2516 461 2577 vicit
482 2515 625 2576 Octavius
650 2523 680 2576 et
700 2516 854 2591 ingentem
876 2524 1063 2578 consecutus
1085 2523 1132 2578 cst

63 2665 67 2669 ,
147 2599 224 2660 inter
238 2616 314 2660 suos
325 2600 461 2674 gloriam,
478 2615 546 2660 cum
558 2601 693 2676 quinque
705 2600 855 2661 sestertiis
867 2601 994 2662 emisset
1003 2601 1131 2678 piscem,

148 2699 238 2756 quem
254 2684 367 2743 Caesar
381 2683 574 2757 vendiderat,
590 2699 630 2743 ne
645 2684 773 2759 Apicius
789 2685 912 2760 quidem
927 2693 1052 2747 emerat
1075 2701 1130 2744 nu·

146 2782 264 2826 merare
279 2772 394 2828 tautum
410 2765 535 2828 Octavio
557 2767 613 2828 tuit
626 2775 729 2843 turpe:
759 2784 830 2827 nam
850 2769 915 2843 iiic,
938 2768 990 2843 qui
1005 2774 1128 2843 emerat,

146 2857 177 2909 ut
190 2849 311 2910 Tiberio
328 2851 466 2925 mitteret,
483 2868 668 2928 quamquam
683 2852 765 2913 ilium
782 2867 908 2928 qaoque
921 2851 1128 2929 reprehende-

145 2935 216 3010 rim,
239 2935 405 2996 admiratus
426 2942 475 2996 est
494 2952 573 3009 rem,
596 2953 657 3012 qua
677 2936 794 3012 putavit
808 2938 969 2997 Caesarem
992 2935 1128 3011 dignum.

103 3018 252 3081 tannaco
270 3019 379 3096 aliquis
394 3036 487 3096 aegro
502 3021 638 3081 adsidet:
662 3021 838 3095 probamus.
860 3027 891 3080 at
904 3019 964 3081 hoc
976 3019 1128 3080 haredita-

145 3105 183 3165 tis
199 3120 294 3165 causa
308 3104 395 3167 iacit:
419 3108 520 3166 vultur
534 3112 590 3181 est,
606 3105 738 3165 cadaver
748 3110 917 3181 exspectat.
948 3103 1066 3164 Eadem
1077 3110 1129 3165 aut

144 3190 243 3265 turpia
258 3197 329 3252 sunt
345 3198 397 3252 eut
409 3190 555 3250 honesta:
575 3189 676 3261 reiert,
695 3205 790 3265 quare
805 3194 857 3251 ant
869 3187 1129 3264 quemadmodum

144 3274 227 3334 fiant.
249 3275 351 3336 omnia
364 3282 464 3336 autem
478 3274 610 3336 honesta
623 3273 706 3348 fient,
722 3271 749 3334 si
760 3273 891 3335 honesto
904 3287 963 3333 nos
973 3268 1127 3333 addixeri-

144 3375 212 3418 mus
232 3359 327 3435 idque
346 3376 440 3421 unum
460 3359 491 3419 in
512 3359 605 3420 rebus
627 3355 767 3419 humanis
788 3358 903 3419 bonum
927 3353 1126 3417 indicarimus

101 3451 285 3518 utquaeque
310 3459 349 3502 ex
370 3459 407 3504 eo
429 3450 514 3504 sunt:
543 3450 644 3504 cetera
664 3442 695 3502 ia
716 3443 795 3503 diem
815 3442 897 3503 bona
919 3448 999 3501 sant
1042 3438 1126 3516 Erga

135 3525 256 3604 infigi
278 3525 392 3587 debet
411 3525 619 3602 persuasio
643 3527 689 3588 ad
710 3533 827 3588 totam
848 3522 1125 3602 pertineasvi·
