2468 3930
419 409 455 490 h.
478 409 618 495 lllllllll
640 412 912 500 ctnlbutllstt

233 524 408 600 (MARTlNl
428 530 638 593 DUMIENSIS
658 535 829 598 EPISCOPI
848 540 901 600 AD
924 539 1106 606 minorum

477 615 615 676 REGEM
634 617 855 695 GALLICIAE)

342 716 390 782 llll
414 718 610 788 llllllllllhll
634 722 849 794 hbllsrll
870 728 992 798 virli

396 823 488 891 [VEL
506 826 563 882 DE
586 827 745 887 VERBOR
753 832 810 890 UM
828 834 940 892 COPIA

634 933 700 974 vra

173 1007 231 1063 DE
245 1005 426 1076 QUATUOR
450 1010 695 1073 VIRTUTIBUS
710 974 1013 1093 cantitamus]
1026 1024 1158 1083 LIBER.

234 1274 256 1328 Ι.
278 1275 488 1335 Gronrosrssruo
509 1297 546 1338 nc
567 1302 808 1351 mnuomrmssruo
829 1305 864 1345 ur
877 1307 973 1347 msrorn
989 1308 1158 1352 camonicha

179 1367 248 1406 riom
282 1367 417 1408 unisono
449 1370 562 1410 amram
595 1357 697 1412 Minori
729 1372 792 1412 nrsr
828 1374 976 1416 cornorum
1009 1367 1154 1425 btnnrrnus

180 1450 338 1494 arrscorus.

237 1516 300 1572 Non
317 1516 433 1588 ignoro,
450 1519 748 1587 clementissimam,
765 1514 1012 1589 flagrantissimam
1023 1513 1106 1570 animi
1119 1513 1158 1569 tui

175 1600 249 1654 sitim
265 1601 420 1671 sapientiae
432 1601 624 1660 insatiabiliter
635 1603 744 1674 poculis
756 1600 864 1657 inhiare
878 1614 968 1671 eaque
979 1603 1007 1654 te
1018 1597 1159 1667 ardenter,

175 1683 275 1754 quibus
293 1685 406 1740 moralis
424 1685 557 1742 scientiae
575 1686 659 1743 rivuli
678 1692 808 1754 manant,
828 1683 936 1740 fluenta
946 1683 1108 1754 requirere,
1132 1687 1160 1737 et

175 1767 210 1823 ob
227 1764 282 1821 hoc
298 1766 481 1823 humilitatem
497 1786 589 1826 meam
603 1770 657 1825 tuis
668 1771 783 1843 saepius
795 1767 893 1825 litteris
903 1766 1056 1837 admones,
1072 1771 1102 1822 ut
1117 1766 1159 1822 di·

175 1850 300 1923 gnotioni
315 1856 381 1906 tuae
398 1853 497 1908 crebro
516 1852 621 1925 aliquid
637 1869 690 1925 per
702 1854 849 1927 epistolam
861 1852 986 1909 scribens
998 1857 1046 1907 aut
1056 1867 1159 1906 conso-

175 1933 284 1990 lationis
301 1941 348 1992 aut
360 1933 560 1993 exhortationis
572 1938 689 1994 alicuius
703 1943 730 1993 et
741 1937 954 2009 qualiacumque
966 1935 1020 1991 sint
1031 1933 1107 1991 dicta
1118 1936 1159 1990 ol·

175 2020 273 2074 leram.
290 2016 350 2076 Se'd
361 2021 489 2091 quamvis
500 2020 581 2078 hoca
592 2039 637 2078 me
648 2022 744 2094 exigat
755 2020 895 2078 landabile
907 2025 971 2077 tuae
979 2019 1090 2093 pietatis
1100 2025 1159 2074 stu-

175 2103 267 2174 dium,
286 2104 355 2160 soito
373 2111 468 2161 tamen
483 2106 613 2162 tenuitati
628 2121 709 2162 meae
720 2106 888 2161 insolentem
899 2104 1030 2160 continuo
1043 2119 1060 2160 a
1071 2104 1160 2160 cantis

180 2192 297 2265 impingi
310 2193 491 2263 proterviam,
505 2193 529 2246 si
540 2191 644 2262 regalis
653 2192 831 2246 reverentias
845 2192 1011 2262 gravitatem
1023 2195 1071 2247 aut
1081 2191 1154 2246 assi·

181 2276 245 2333 duis
258 2282 306 2334 aut
316 2275 425 2345 vilibus,
446 2281 476 2330 ut
487 2276 563 2332 libet.
574 2274 656 2331 dictis
668 2274 812 2346 attingam.
832 2280 859 2329 et
870 2273 935 2330 ideo
947 2291 982 2330 ne
995 2278 1044 2330 aut
1054 2289 1108 2346 ego
1122 2273 1155 2329 li-

182 2363 275 2416 centia
285 2360 350 2432 piae
360 2359 532 2418 invitationis
543 2359 671 2415 abuterer
681 2358 825 2430 loquendo
837 2364 885 2413 aut
895 2364 990 2415 vestro
1002 2357 1093 2431 magis
1105 2355 1154 2412 de·

184 2443 289 2500 siderio
301 2445 468 2500 obsisterem
478 2441 631 2510 reticendo,
643 2443 766 2499 libellum
775 2442 851 2498 hunc
862 2443 938 2498 nulla
950 2441 1154 2514 sophismatum

176 2527 360 2584 ostentatione
376 2525 493 2597 politum
508 2524 561 2580 sed
575 2522 689 2596 planitie
703 2538 792 2595 purae
803 2518 985 2592 simplicitatis
999 2522 1161 2588 excerptum

176 2610 327 2682 capacibus
348 2609 468 2664 fidenter
487 2609 601 2664 auribus
618 2607 705 2663 obtuli
724 2605 907 2662 recitandum.
937 2617 1021 2673 quem
1037 2616 1095 2656 non
1109 2616 1162 2656 ve·

177 2697 252 2749 strae
269 2693 428 2764 specialiter
443 2692 556 2747 instituo
573 2692 721 2764 potestati,
744 2690 788 2746 cui
805 2688 938 2745 naturalis
949 2685 1104 2758 sapientiae
1116 2699 1161 2739 sa·

177 2776 284 2849 gacitas
301 2781 414 2848 praesto
433 2781 489 2844 est,
508 2776 560 2832 sed
579 2775 749 2848 generaliter
766 2773 811 2829 his
831 2771 1002 2844 conscripsi,
1021 2785 1093 2841 quos
1110 2766 1161 2823 mi-

176 2860 297 2917 nisteriis
315 2859 369 2915 tois
387 2858 530 2916 adstantes
547 2860 620 2917 haec
638 2858 770 2916 convenit
784 2858 898 2930 legere,
914 2855 1070 2927 intelligere
1082 2857 1110 2910 et
1120 2857 1161 2907 te·

178 2961 255 3004 nere.
287 2945 393 3001 Titulus
408 2950 501 3001 autem
512 2945 596 3001 libelli
608 2949 651 3001 est
663 2958 793 2999 nonnum
807 2957 889 3000 virne
903 2954 1060 3008 honrem,
1077 2951 1162 3008 quem

178 3030 283 3087 idcirco
301 3031 349 3086 tali
366 3029 444 3088 volni
460 3028 600 3087 vocabulo
617 3028 805 3101 superscribi,
821 3027 959 3098 quianon
975 3024 1023 3079 illa
1034 3021 1124 3078 ardua
1136 3026 1163 3076 et

177 3118 314 3188 perlecta,
328 3128 400 3184 quae
415 3115 539 3182 apaucts
554 3118 581 3166 et
594 3111 792 3184 [perJegregiis
808 3110 925 3167 deicolis
943 3111 1102 3183 patrantur,
1120 3105 1163 3161 in·

179 3201 279 3270 stituit,
300 3198 353 3256 sed
370 3215 405 3255 ea
421 3199 512 3270 magis
530 3201 703 3266 commonet,
719 3212 792 3268 quae
804 3201 832 3252 et
846 3195 908 3250 sine
921 3193 1081 3251 diuinarum
1092 3189 1162 3245 scri·

177 3290 323 3358 pturarum
343 3282 503 3357 praeceptis
525 3281 644 3339 naturali
665 3286 771 3337 tantum
796 3279 938 3336 humanae
959 3275 1162 3348 intelligentiae

176 3371 242 3441 lego
262 3369 345 3425 etiam
363 3383 380 3423 a
397 3367 475 3423 laicis
493 3372 569 3424 recte
585 3366 761 3437 honesteque
774 3364 935 3423 viventibus
945 3363 1062 3420 valcant
1072 3357 1162 3418 adim-

131 3444 135 3450 ’
176 3453 256 3529 pleri.
