2468 3930
188 229 257 292 ‘284
485 228 518 288 L.
540 227 688 287 ANNAEI
710 226 886 287 SENECAE

193 399 272 459 quoe
287 397 381 444 causa
394 381 520 441 inducet
531 387 660 450 noctem,
676 379 895 453 quaeredueat
906 374 1002 437 diem:
1018 377 1090 438 illuc
1102 392 1179 438 eun-

150 475 184 528 10
191 467 263 528 darn
278 472 334 536 est,
351 465 402 526 ubi
413 466 472 525 ista
488 464 618 539 propius
631 461 798 536 adspicias.
819 467 899 534 [nec]
914 462 980 522 Hae
998 477 1065 536 spe,
1079 461 1178 537 inquit

192 550 317 625 sapiens
333 549 392 620 ille,
413 547 522 609 fortius
534 563 622 618 exeo,
640 546 725 619 quod
740 552 845 620 patere
859 545 932 605 mihi
943 546 984 605 ad
996 545 1073 605 deos
1088 562 1177 607 meos

191 636 247 700 iter
268 633 380 692 iudico.
410 631 506 693 merui
531 631 653 704 quidem
674 628 790 689 admitti
811 636 841 690 et
861 629 921 688 iarn
942 629 1019 691 inter
1043 628 1112 690 illos
1134 629 1178 691 lui

191 718 386 791 animumque
401 715 452 775 ilio
470 731 570 775 meum
586 713 655 774 misi
670 721 700 773 et
717 713 823 772 adme
843 713 885 771 ilii
909 729 997 773 suurn
1015 713 1172 774 miserant.

191 800 248 861 sed
262 800 326 859 tolli
341 814 390 858 me
405 799 556 859 demedio
573 805 646 873 puta
662 804 692 858 et
707 803 778 871 post
794 803 922 857 mortem
938 797 1009 856 nihil
1023 813 1062 856 ex
1079 797 1175 858 homi-

192 901 231 944 ne
247 891 381 943 restare:
405 898 505 957 aeque
527 897 669 956 magnum
687 882 819 941 animum
832 880 948 954 habeo,
970 881 1088 941 etiamsi
1103 898 1176 942 nus-

153 980 287 1049 thuam
310 966 492 1028 transiturus
514 966 643 1026 excedo.
674 965 761 1039 „Non
782 971 843 1024 tarn
864 965 965 1024 multis
988 965 1064 1024 vixit
1087 965 1176 1026 aunis

196 1069 288 1128 quarn
306 1050 432 1126 potuit.“
461 1051 500 1110 Et
510 1058 679 1124 paucorum¹
692 1065 839 1109 versuum
854 1048 929 1108 liber
948 1056 995 1108 est
1010 1049 1176 1124 etquidem

191 1136 363 1196 laudandus
385 1141 477 1209 etque
498 1134 595 1193 utilis:
617 1134 744 1193 annales
758 1131 881 1192 Tanusii
901 1132 963 1192 scis
985 1149 1077 1207 quarn
1099 1149 1176 1208 pon-

191 1220 295 1280 derosi
310 1221 370 1281 sint
385 1225 414 1278 et
426 1219 499 1293 quid
511 1223 667 1278 vocentur.
683 1216 743 1277 hac
756 1224 804 1276 est
819 1217 880 1277 vila
894 1216 1097 1291 quorumdam
1111 1218 1176 1278 lon-

151 1314 237 1378 ltga,
253 1311 284 1364 et
299 1304 382 1378 quod
394 1301 516 1363 Tanusii
532 1299 671 1376 sequitur
682 1302 818 1360 annales.
837 1299 991 1375 Numquid
1009 1301 1176 1362 feliciorem

192 1389 309 1448 iudicas
329 1403 413 1459 eum,
442 1387 493 1460 qui
516 1401 634 1445 summo
655 1384 704 1444 dle
718 1384 869 1458 muneris,
901 1400 992 1459 quarn
1012 1399 1095 1459 eum,
1125 1385 1175 1459 qui

191 1471 292 1532 medio
316 1470 485 1530 occiditur?
512 1467 661 1544 numquid
682 1469 814 1543 aliquem
837 1475 898 1528 tarn
918 1469 1007 1531 stulte
1029 1467 1175 1544 cupidum

192 1571 263 1615 esse
277 1556 356 1615 vitae
373 1561 480 1628 putas,
505 1559 538 1613 ut
558 1553 686 1628 iugulari
708 1552 738 1611 in
756 1551 904 1626 spoliario
923 1568 1015 1627 quam
1035 1552 1066 1611 in
1082 1568 1175 1613 arena

191 1640 294 1699 malit?
307 1654 368 1697 non
384 1637 498 1697 maiore
510 1637 611 1711 spatio
624 1638 700 1697 alter
713 1636 840 1695 alterurn
852 1636 1076 1711 praecedimus.
1090 1635 1174 1697 Mors

193 1738 248 1796 per
265 1736 371 1783 omncs
386 1723 423 1783 it:
440 1722 492 1797 qui
507 1719 627 1795 oceidit,
644 1720 843 1794 consequitur
858 1721 1003 1781 occisum.
1020 1719 1174 1781 minimum

192 1813 247 1880 est
264 1807 303 1866 de
319 1821 381 1881 quo
397 1804 613 1865 sollicitissime
628 1803 736 1878 agitur.
767 1804 842 1879 quid
855 1813 956 1865 eutem
972 1805 1090 1865 adrem
1107 1820 1174 1880 per-

192 1889 273 1964 linet
291 1906 382 1965 quam
397 1889 450 1949 diu
466 1888 559 1961 viles,
578 1887 662 1962 quod
677 1888 791 1948 evitare
808 1905 869 1949 non
889 1888 1014 1964 possis?
1042 1888 1132 1949 Vale.

494 2023 711 2082 EPISTULA
739 2026 773 2080 il.
803 2026 875 2096 (94.)

445 2119 557 2172 Sennea
573 2119 685 2171 Luornro
706 2131 758 2170 suo
778 2131 919 2170 sacurem.

166 2242 180 2294 1
255 2225 343 2283 Earn
368 2231 514 2299 partem
546 2223 842 2299 philosophiae,
875 2239 973 2299 quae
1000 2223 1064 2284 dat
1092 2240 1176 2300 pro·

192 2308 275 2383 pria
291 2307 434 2384 cuique
451 2324 646 2383 personae
659 2316 871 2383 praecepta
886 2324 943 2368 uec
958 2307 1175 2369 inuniversum

192 2393 338 2467 conponit
352 2392 519 2464 hominem,
547 2393 604 2453 sed
621 2391 728 2452 marito
744 2392 872 2465 suadet,
893 2393 1049 2467 quomodo
1072 2407 1107 2452 se
1123 2407 1175 2466 ge·

191 2484 238 2537 rat
253 2477 405 2537 adversus
420 2492 558 2549 uxorem,
576 2476 661 2551 patri,
681 2476 837 2551 quomodo
852 2477 963 2536 educet
976 2474 1101 2550 liberos,
1120 2475 1173 2535 do·

191 2559 288 2632 mino,
305 2560 461 2634 quomodo
477 2576 585 2620 servos
608 2565 708 2633 regat,
741 2557 895 2634 quidam
920 2560 1044 2620 solam
1070 2574 1175 2620 rece

193 2649 342 2716 perunt.
379 2650 496 2703 ceteras
520 2643 610 2718 quasi
631 2649 719 2702 extra
734 2643 891 2704 utilitatem
909 2650 1045 2703 nostram
1061 2659 1175 2718 vagan-

192 2734 237 2784 tes
254 2725 454 2798 reliquerunt,
478 2733 633 2801 tamquam
654 2728 723 2801 quis
746 2734 855 2802 pessel
877 2728 916 2787 de
931 2733 1018 2803 parte
1032 2726 1175 2799 suadere,

161 2808 249 2867 anisi
266 2808 317 2882 qui
336 2823 484 2868 summam
500 2810 584 2884 prius
603 2809 695 2870 totius
710 2811 790 2871 vitae
812 2812 984 2885 conplexus
1000 2817 1056 2872 est.
1101 2809 1175 2872 Sed

190 2891 352 2954 Ariston
370 2891 525 2954 Stoicus
540 2894 578 2972 [c]
595 2894 746 2954 contrario
769 2894 867 2954 hanc
884 2903 1031 2970 partem
1051 2897 1176 2954 levem

191 2974 392 3036 existimat
408 2984 439 3036 et
454 2993 533 3051 quae
548 2994 609 3038 non
625 2977 793 3038 descendat
813 2978 843 3037 in
864 2987 974 3053 pectus
996 2994 1105 3054 usque.
1138 2977 1176 3038 ad

190 3059 272 3120 illam
293 3059 454 3121 habentem
486 3070 652 3137 praecepta
675 3063 838 3136 plurimum
858 3060 899 3123 ait
927 3062 1080 3138 prolicere
1105 3059 1176 3136 ipsa

192 3144 1176 3221 decretaphiiosophiaeconstitutionemquesummiboni,quam

193 3228 244 3304 qui
256 3229 335 3288 bene
345 3227 500 3303 intellexit,
513 3246 549 3290 ac
561 3230 675 3303 didicit,
691 3229 766 3306 quid
778 3231 807 3289 in
820 3245 943 3305 quaque
958 3242 992 3290 re
1003 3230 1176 3290 iaciendum

162 3313 244 3384 esit,
264 3312 322 3372 sibi
337 3312 406 3388 ipse
428 3315 594 3389 praecepit.
626 3314 887 3388 Quemadmodum
911 3314 963 3388 qui
984 3313 1111 3373 iaculari
1131 3313 1176 3372 di·

193 3395 259 3468 scit,
273 3395 456 3456 destinatum
469 3399 568 3458 locum
582 3404 684 3473 captat
695 3406 725 3458 el
737 3414 858 3458 manum
871 3398 982 3458 format
992 3397 1033 3457 ad
1044 3396 1177 3472 dirigen-

193 3479 241 3551 da,
260 3495 339 3552 quae
354 3480 454 3552 mittit,
476 3496 544 3540 cum
565 3481 645 3542 hano
661 3481 722 3540 vim
738 3497 778 3541 ex
799 3480 962 3556 disciplina
982 3487 1014 3542 ct
1027 3481 1176 3542 exercita·
