2468 3930
464 255 696 313 FRAGMENTA„
1013 252 1076 322 443

101 413 143 462 est
158 412 215 462 tam
232 408 315 479 longe
331 407 491 463 venientem
509 425 566 463 non
583 407 719 464 detinere.
741 408 833 480 itaque
853 414 880 465 et
900 408 956 465 hoc
974 425 1009 465 ex
1030 410 1076 466 illa

100 491 173 547 serie
190 506 283 545 rerum
301 489 509 552 cohaerentium
527 508 678 564 excerpam
695 497 723 548 ct
734 493 758 548 si
770 508 825 563 qua
836 498 917 549 erunt
927 493 1075 562 eiusmodi,

100 591 156 630 non
175 575 318 645 quaerenti
335 574 382 629 tibi
399 575 468 630 ultro
490 575 604 631 mittam.
627 574 705 642 Quae
724 575 876 646 sinthaec,
897 577 1075 648 interrogas?

100 674 172 729 quae
183 659 256 713 scire
266 657 356 729 magis
367 658 445 715 iuvat
458 673 541 729 quam
554 659 684 731 prodest,
702 658 850 728 sicuthoc,
867 659 905 714 de
922 675 1074 731 quoquae-

100 758 154 796 r1s=
172 744 295 812 „bonum
306 756 342 797 an
353 758 456 815 corpus
472 742 535 798 sit.“
887 800 889 805 ,

162 826 199 881 id.
212 828 289 898 epist.
302 828 366 894 108,
379 831 405 882 1.
421 828 465 884 39.
498 825 546 896 ld,
563 825 599 882 de
618 841 673 896 quo
687 825 815 895 quaeris,
827 842 864 880 ex
873 825 918 882 his
931 833 988 896 est,
1000 842 1073 898 quae
1082 839 1132 895 117

100 910 171 964 scire
184 914 287 965 tanturn
303 924 352 978 eo,
364 915 395 964 ut
405 909 494 977 scias,
510 909 638 980 pertinet.
657 908 709 963 sed
719 908 912 978 nihilominus,
931 910 996 980 quia
1007 926 1072 981 per-

100 994 179 1062 tinet,
195 1007 332 1065 properas
343 1007 396 1048 nec
408 992 452 1047 vis
465 998 628 1063 exspectare
645 991 775 1062 libros,
790 1008 860 1064 quos
878 1007 941 1048 cum
954 993 1074 1048 maxime

99 1077 214 1145 ordino,
242 1075 470 1131 continentes
493 1082 600 1131 totam
622 1077 790 1131 moralem
811 1074 1074 1147 philosophiae

98 1167 250 1232 partem:
274 1159 364 1214 statim
376 1157 534 1230 expediam.
546 1186 590 1200 ·-
609 1159 752 1216 desiderio
763 1164 810 1215 tuo
826 1159 996 1215 satisfaciam
1009 1159 1074 1218 etin

98 1245 214 1300 alteram
234 1244 380 1315 epistulam
397 1243 551 1314 integrum,
573 1242 649 1314 quod
668 1244 1013 1315 exegeras,transleram,
1037 1257 1073 1298 ne

97 1327 135 1383 ad
149 1344 209 1383 rem
221 1330 365 1398 spinosam
377 1331 404 1381 et
414 1327 526 1382 auribus
539 1326 639 1382 erectis
650 1326 824 1398 curiosisque
835 1325 1005 1382 audiendam
1017 1326 1072 1380 las-

98 1428 146 1468 sus
165 1411 296 1467 accedas.
339 1409 426 1483 Epist.
451 1415 560 1481 109,1.
598 1409 668 1480 „An
684 1411 798 1483 sapiens
820 1408 938 1484 sapienti
956 1408 1073 1482 prosit,“
1082 1425 1133 1480 113

99 1495 171 1550 scire
182 1495 339 1550 desideras.
370 1494 433 1550 idid
445 1497 514 1561 514.
536 1493 661 1551 Necesse
679 1499 721 1549 est
737 1510 772 1550 ex
782 1493 837 1549 hac
851 1493 1014 1565 quaestione
1025 1507 1071 1548 ar·

99 1579 221 1650 gumenti
233 1595 318 1634 causa
331 1578 360 1632 in
374 1578 489 1633 alteram
501 1585 651 1633 transeam.
672 1578 813 1648 quaeritur
826 1578 915 1648 enim,
935 1593 992 1646 „an
1003 1575 1072 1634 deli-

96 1667 243 1718 beraturus
272 1663 307 1717 sit
331 1661 460 1733 sapiens,
495 1679 530 1718 an
556 1663 585 1717 in
608 1661 753 1717 consilium
775 1663 897 1733 aliquem
919 1660 1072 1717 advocatu-

98 1747 173 1800 rus.“
205 1746 268 1802 ibid.
287 1752 304 1813 s
323 1748 365 1804 17.
386 1746 512 1804 Persolvi
530 1745 607 1817 quod
621 1761 775 1818 exegeras,
800 1761 968 1817 quamquam
983 1743 1012 1798 in
1027 1759 1072 1800 or·

98 1829 355 1900 dinererumerat,
377 1846 447 1900 quas
469 1830 616 1886 moralis
637 1829 898 1902 philosophiae
917 1827 1072 1886 volumi·

97 1913 200 1969 nibus
215 1915 432 1986 complectimur.

159 1996 284 2054 ductant.
303 1997 536 2054 instttt.tib.1..c.
554 2001 602 2067 16,
620 2001 663 2056 10.
690 1996 753 2054 Non
774 1997 888 2070 illepide
907 1994 1017 2056 Seneca
1037 1995 1131 2054 inll9

97 2081 203 2135 libris
223 2081 371 2135 moralis
392 2079 666 2151 philosophiaez
726 2127 728 2132 ,

159 2163 252 2232 „Quid
264 2178 332 2235 ergo
347 2169 404 2232 est,
415 2162 517 2233 inquit,
529 2178 615 2232 quare
628 2163 704 2234 apud
713 2169 813 2234 poetas
826 2162 1016 2218 salacissimus
1027 2162 1072 2216 Iu-

96 2247 169 2318 piter
187 2246 301 2301 desierit
317 2247 420 2301 liberos
442 2246 561 2301 tolleret
583 2250 676 2301 utrum
698 2246 901 2316 sexagenarius
920 2246 1008 2300 lactus
1031 2251 1074 2299 est

98 2335 124 2385 et
135 2330 173 2384 illi
184 2331 231 2385 lex
241 2329 328 2401 Papia
339 2328 452 2384 fibulam
462 2328 614 2399 imposuit?
626 2345 662 2384 an
678 2329 836 2400 impetravit
852 2329 895 2383 ius
911 2327 992 2382 trium
1003 2327 1071 2381 libe·

98 2417 211 2470 rorum?
224 2430 260 2469 an
277 2413 439 2469 tandcmilli
451 2412 566 2469 venitin
579 2418 713 2468 mentem=

289 2500 324 2554 ab
337 2498 390 2553 alio
404 2501 565 2568 exspectes,
583 2497 662 2553 alteri
674 2495 751 2569 quod
761 2494 861 2550 leceris

97 2586 123 2636 et
135 2581 225 2651 timet,
237 2599 272 2638 ne
288 2583 349 2654 quis
362 2582 414 2637 sibi
425 2581 522 2651 saciat,
534 2580 610 2652 quod
622 2581 683 2653 ipse
700 2577 820 2636 Saturno
828 2582 843 2634 t
852 2579 869 2608 ‘⁶

157 2664 452 2723 locutiuncula.
470 2663 518 2731 ΙΙ,
537 2680 561 2722 a.
572 2667 605 2735 2,
623 2668 666 2722 14.
700 2662 787 2720 Recte
808 2663 891 2734 igitur
906 2659 1016 2718 Seneca
1038 2661 1131 2722 inlto

93 2738 425 2806 librismoralibusr

157 2829 346 2902 „Simulacra,
369 2834 471 2904 inquit,
492 2833 612 2889 deorum
632 2836 812 2890 venerantur.
839 2831 892 2886 illis
914 2829 1073 2901 supplicant

97 2930 172 2985 genu
185 2915 293 2987 posito,
310 2917 357 2972 illa
368 2917 498 2986 adorant,
509 2917 562 2972 illis
573 2934 625 2990 per
635 2923 722 2973 totum
735 2914 865 2972 adsident
876 2915 951 2970 diem
963 2918 1010 2968 aut
1021 2911 1071 2967 ad·

96 3003 183 3067 stant,
199 2999 251 3052 illis
263 3000 362 3071 stipem
373 3000 489 3068 iaciunt,
498 3000 625 3056 victimas
637 2999 770 3055 caedunt=
794 3003 821 3052 et
832 3012 916 3068 quum
928 2995 1000 3052 haec
1011 3002 1071 3049 tan-

96 3090 193 3153 topere
206 3083 373 3155 suspiciant,
391 3084 500 3151 fabros,
518 3084 565 3153 qui
581 3084 629 3138 illa
641 3084 750 3152 iecere,
771 3081 977 3135 contemnunt“

47 3206 53 3212 -
156 3166 227 3222 Ibid.
242 3184 265 3221 c.
282 3169 424 3235 4,13.14.
460 3163 523 3220 Non
538 3166 653 3223 videbat
672 3165 747 3221 enim
764 3164 904 3233 (Persius)
925 3162 1073 3217 simulacra
1081 3173 1128 3227 ῃ]

95 3251 157 3320 ipsa
169 3258 196 3306 ct
208 3250 316 3322 effigies
329 3247 566 3306 deorum—nihil
577 3249 653 3306 aliud
665 3265 729 3304 esse
740 3263 824 3319 quarn
835 3245 958 3317 grandes
969 3254 1070 3317 pupas,
1140 3268 1143 3273 ·

95 3349 152 3390 non
165 3352 181 3390 a
192 3336 363 3407 virginibus,
376 3350 493 3406 quarum
500 3333 607 3388 lusibus
618 3333 703 3390 venia
718 3331 779 3388 dari
792 3335 899 3403 potest,
917 3328 969 3385 sed
979 3345 996 3384 a
1006 3329 1071 3383 bar·

94 3419 165 3474 batis
181 3419 340 3481 hominibus
353 3424 541 3476 consecratas.
559 3417 657 3473 merito
677 3417 760 3488 igitur
779 3415 862 3470 etiam
873 3428 972 3470 senum
984 3411 1070 3469 stulti-

95 3502 160 3557 tiam
171 3501 281 3560 Seneca
295 3504 416 3561 deridet:
763 3519 767 3526 ’
