2468 3930
134 204 197 268 104
423 205 457 265 L.
475 204 623 265 ANNAEI
646 202 820 264 SENECAE

132 357 205 433 pelli
220 364 250 417 et
263 357 417 418 exturbari
430 363 575 431 possunt:
597 355 728 415 fideliter
739 355 863 428 sedent,
880 370 959 430 quae
970 355 1000 414 in
1011 355 1116 421 locum

136 458 223 502 suurn
236 441 371 501 veniunt.
391 441 487 500 virtus
499 439 669 500 secundum
680 445 818 498 naturam
831 446 892 498 est:
908 439 981 498 vitia
993 438 1117 503 inimica

104 531 166 586 let
189 523 300 584 infesta
326 530 404 584 sunt.
448 523 509 584 Sed
537 522 793 598 quemadmodum
819 521 945 583 virtutes
969 530 1116 598 receptae

135 608 220 668 exire
235 624 296 668 non
312 613 444 681 possunt
460 606 620 681 facilisque
635 620 739 665 earum
754 607 847 665 tutela
861 611 923 679 ost,
944 603 986 664 ita
997 606 1115 668 initium

135 691 175 752 ad
189 691 258 750 illas
274 691 365 750 eundi
383 691 528 762 arduum,
550 688 695 763 quiahoc
712 687 840 762 primum
854 687 1016 749 inbecillae
1029 707 1116 757 meur

134 774 173 837 tis
188 781 280 849 alque
291 790 401 849 aegrae
414 781 476 846 est,
493 771 656 834 lormidare
666 773 835 846 inexperta.
857 771 960 847 itaque
973 775 1115 847 cogenda

135 864 182 918 est
203 863 329 930 [mens],
350 865 383 917 ut
397 856 539 932 incipiat·
563 857 674 916 deinde
689 872 750 916 non
766 862 813 915 est
827 856 939 916 acerba
953 856 1115 917 medicina.

134 943 274 1016 protinus
291 943 370 1001 enim
384 942 528 1014 delectat,
545 941 616 999 dum
628 946 725 1000 sanat
760 939 897 998 Aliorum
908 939 1115 1002 remediorum

135 1034 207 1100 post
227 1027 387 1086 sanitatem
406 1027 549 1098 voluptas
564 1029 626 1083 est=
649 1022 845 1096 philosophia
860 1023 974 1096 pariter
989 1029 1019 1083 et
1032 1025 1114 1087 selu·

133 1110 207 1171 laris
223 1116 253 1169 et
267 1109 365 1170 dulcis
380 1117 436 1169 est.
468 1108 555 1166 Vale

432 1242 647 1300 EPISTULA
666 1242 713 1296 Xl.
734 1242 804 1314 (51.)

290 1396 292 1400 ,
386 1337 495 1389 Seneca
512 1338 624 1388 Lucum
644 1349 696 1388 suo
716 1349 855 1388 sacurem.

107 1460 122 1510 1
198 1442 357 1514 Quomodo
380 1440 512 1515 quisque
534 1446 650 1515 potest,
678 1440 718 1498 mi
738 1438 848 1500 Lucili:
878 1444 911 1500 tu
932 1438 1000 1499 istic
1016 1439 1112 1503 nabes

135 1528 263 1584 Aetnam
277 1524 371 1596 [illum
383 1522 604 1584 nobilissimum
618 1523 737 1584 Siciliae
748 1528 891 1594 montem]
902 1527 1008 1597 (quem
1017 1539 1113 1598 quare

136 1608 246 1668 dixerit
259 1608 405 1667 Messalla
419 1608 586 1681 unicum,
610 1608 675 1666 sive
689 1607 832 1680 ValgiuS‚
853 1607 936 1680 apud
951 1614 1112 1684 utrumque

135 1689 214 1750 enim
230 1693 304 1764 legi,
320 1708 380 1752 non
392 1691 529 1764 reperio,
545 1708 612 1752 cum
628 1689 755 1766 plurima
766 1691 836 1752 loca
847 1697 991 1752 evomant
1001 1692 1112 1766 ignem,

134 1791 195 1835 non
217 1781 331 1835 tantum
353 1775 447 1847 edita,
474 1776 558 1850 quod
579 1777 716 1836 crebrius
738 1777 853 1850 evenit,
878 1776 1020 1836 videlicet
1040 1775 1112 1851 quia

134 1859 212 1932 ignis
235 1859 264 1917 in
289 1859 466 1918 altissimum
482 1859 614 1933 effertur,
637 1860 695 1919 sed
710 1862 799 1920 etiam
814 1858 972 1930 iacentia)=
994 1875 1052 1920 nos
1066 1866 1111 1919 ut·

135 1957 267 2016 cumque
289 1957 471 2016 possumne,
500 1944 631 2003 contenti
649 1959 755 2004 sumus
772 1942 870 2016 Baiis,
894 1959 971 2018 quas
985 1949 1110 2018 postero

134 2026 184 2085 die
204 2041 294 2099 quam
317 2028 483 2100 adtigeram
503 2026 627 2101 reliqui,
649 2029 749 2087 locum
769 2028 809 2088 ob
829 2027 889 2086 hoc
904 2026 1109 2098 devitandum,

134 2125 202 2168 cum
219 2109 331 2170 habeat
346 2110 494 2185 quasdam
509 2113 661 2170 naturales
677 2111 781 2184 dotes,
804 2111 874 2184 quia
889 2111 972 2170 illum
987 2107 1047 2169 sibi
1061 2124 1110 2170 ce·

104 2192 311 2253 alebrandum
332 2194 450 2254 luxuria
471 2194 650 2269 desumpsit.
686 2194 783 2268 „Quid
800 2199 896 2268 ergo?
916 2193 969 2254 ulli
983 2195 1053 2254 loco
1066 2193 1110 2253 in-

133 2275 295 2337 dicendum
317 2286 365 2338 est
380 2278 523 2340 odiumt“
551 2279 690 2338 minime=
714 2278 770 2339 sed
786 2278 1043 2352 quemadmodum
1056 2277 1109 2337 ali·

133 2377 194 2434 qua
215 2363 310 2422 vestis
332 2363 461 2438 sapienti
483 2379 519 2423 ac
541 2364 639 2438 probo
660 2361 727 2422 viro
749 2363 845 2436 magis
862 2361 1005 2422 convenit
1019 2377 1110 2434 quam

132 2445 249 2520 aliqua,
271 2463 329 2506 nec
350 2449 444 2506 ullum
464 2449 597 2508 colorem
614 2447 664 2506 ille
681 2446 759 2518 odit,
784 2446 839 2505 sed
857 2444 988 2520 aliquem
1003 2459 1110 2520 pamm

131 2538 217 2603 putat
230 2538 335 2604 aptum
353 2546 423 2591 esse
438 2532 640 2605 frugalitatem
655 2532 814 2604 professo:
838 2529 883 2589 sic
898 2529 1005 2603 regio
1021 2544 1109 2604 quo·

132 2628 205 2685 que
232 2620 305 2685 est,
335 2630 445 2688 quam
468 2615 626 2688 sapiens
647 2613 705 2672 vir
725 2621 788 2672 aut
808 2614 856 2672 nd
877 2612 1109 2687 sapientiam

131 2695 296 2755 tendens
318 2696 490 2755 declinet
510 2705 701 2770 tamquam
722 2696 886 2756 alienam
902 2696 1018 2757 bonis
1039 2710 1109 2756 mo·

102 2776 249 2836 tribus.
291 2777 397 2852 ltaque
417 2779 456 2838 de
475 2795 603 2840 secessu
620 2781 757 2853 cogitans
774 2796 937 2854 numquam
952 2779 1110 2854 Canopum

131 2859 236 2934 eliget,
260 2860 400 2936 quamvis
421 2864 571 2923 neminem
593 2863 736 2937 Canopus
758 2878 829 2924 esse
851 2865 929 2938 lrugi
951 2869 1045 2937 vetet,
1070 2877 1109 2923 ue

130 2943 222 3005 Baias
239 2945 377 3020 quidem:
398 2944 600 3008 diversorium
612 2946 752 3008 vitiorum
765 2963 836 3007 esse
848 2955 1026 3022 coeperunt
1048 2945 1110 3006 illic

131 3028 190 3088 sibi
210 3027 371 3104 plurimum
392 3029 511 3091 luxuria
536 3031 694 3106 permittit,
722 3032 797 3104 illic,
825 3038 981 3106 tamquam
1006 3030 1111 3104 aliqua

102 3112 250 3174 llicentia
267 3112 414 3174 debeatur
434 3115 520 3187 loco,
543 3116 640 3188 magis
656 3114 793 3176 solvitur.
829 3114 895 3174 Non
910 3121 1026 3174 tantum
1041 3129 1109 3173 cor·

130 3198 213 3272 pori,
242 3199 298 3258 sed
320 3198 408 3258 etiam
429 3198 565 3259 moribus
587 3199 740 3259 salubrem
761 3199 861 3258 locum
881 3198 995 3272 eligere
1016 3196 1109 3258 debe·

129 3296 208 3343 mus.
246 3283 503 3358 quemadmodum
523 3281 602 3342 inter
619 3291 751 3344 tortores
771 3282 908 3342 habitare
929 3281 1037 3354 nolim,
1063 3278 1110 3341 sic

129 3378 170 3424 na
188 3365 267 3425 inter
281 3366 413 3441 popinas
430 3366 563 3441 quidem.
591 3367 697 3427 videre
712 3365 815 3426 ebrios
833 3380 887 3439 per
902 3364 991 3425 litora
1004 3378 1110 3424 erran·

128 3453 177 3508 tes
193 3456 224 3510 et
237 3450 478 3510 comessationes
499 3450 706 3524 navigantium
722 3455 752 3508 et
768 3448 1021 3528 symphoniarum
1036 3461 1110 3509 cau·
