2468 3930
296 215 465 278 EPISTUL.
477 215 572 278 Mota.
593 216 665 277 LlB.
677 218 701 277 Ι.
722 215 780 276 ΕΡ.
792 225 819 280 9.
836 226 877 278 to.
1038 215 1079 281 19

101 370 237 444 iustitia]
254 367 365 441 virtus,
389 367 620 449 [temperantia]
640 368 815 444 prudentia,
833 368 893 429 hoc
913 368 1015 443 ipsum
1031 369 1077 430 ni-

100 453 145 515 hil
158 454 273 514 bonum
289 459 410 526 putare,
435 452 519 527 quod
537 453 614 528 eripi
636 450 744 527 possit.
774 451 920 512 Miramur
934 452 1077 513 animalia

103 537 270 614 quaedam,
292 550 372 611 quae
390 549 445 609 per
466 535 584 596 medios
606 537 693 610 ignes
718 535 785 597 sine
805 552 887 596 noxa
908 552 1074 612 corporum

101 627 277 683 transeunt=
304 625 417 694 quanto
438 618 488 678 hic
499 618 664 680 mirabilior
685 619 747 693 vir,
769 620 820 693 qui
842 635 897 694 per
917 620 1031 682 terrum
1046 627 1077 682 et

101 705 207 767 ruinas
219 711 250 764 et
260 703 347 778 ignes
363 699 490 762 illaesus
501 709 532 763 et
544 702 695 762 indemnis
708 702 821 763 evasit!
839 697 941 776 uides,
959 713 1074 778 quanto

101 787 221 849 facilius
234 787 274 848 sit
283 793 377 847 totam
386 791 507 859 gentem
520 802 611 860 quam
621 802 715 846 unum
725 787 825 846 virum
836 787 981 847 vinceret
992 789 1076 848 Haec

100 887 165 932 vox
180 869 224 932 illi
239 869 408 930 communis
428 876 475 930 est
498 884 566 929 cum
583 869 697 931 Stoico.
725 885 824 944 aeque
845 877 875 930 et
893 869 943 929 hio
963 868 1077 932 intacta

102 955 184 1017 bona
196 969 252 1029 per
263 958 473 1013 concrematas
486 953 579 1012 urbes
598 955 664 1013 lert.
688 969 722 1013 se
737 954 816 1014 enim
828 953 897 1028 ipso
914 962 1076 1017 contentus

102 1045 159 1099 est.
181 1037 242 1097 hoc
257 1037 428 1097 felicitatem
440 1051 527 1096 suam
541 1037 602 1096 line
617 1037 766 1110 designat.
787 1037 831 1095 Ne
844 1036 1002 1098 existimes
1017 1054 1119 1108 nosco

103 1121 189 1183 solos
203 1135 358 1195 generosa
370 1120 464 1180 verba
476 1119 603 1179 iactarez
619 1120 729 1193 etipse
741 1117 887 1178 Stilbonis
901 1120 1077 1195 obiurgator

100 1204 254 1280 Epicurus
277 1203 404 1264 similem
417 1203 459 1262 illi
474 1218 583 1263 vocem
598 1202 712 1276 emisit,
735 1217 825 1276 quam
840 1208 894 1274 [tu]
910 1202 983 1262 boni
1004 1220 1076 1264 cou-

102 1290 178 1363 sule,
194 1287 313 1348 etiamsi
324 1286 404 1347 hunc
416 1286 495 1347 diem
509 1286 570 1346 iam
582 1286 727 1360 expunxi.
744 1284 798 1360 „si
813 1284 876 1361 cui,
892 1285 1002 1360 inquit,
1020 1303 1078 1347 sua

102 1387 164 1433 non
180 1370 321 1432 videntur
335 1369 537 1445 amplissima,
558 1371 629 1431 licet
643 1371 735 1430 totius
750 1369 855 1428 mundi
870 1370 1011 1431 dominus
1027 1369 1076 1444 sit,

103 1461 203 1517 tamen
217 1452 311 1515 miser
326 1459 403 1514 est.“
425 1454 475 1512 vel
494 1455 521 1513 si
535 1454 595 1515 hoc
613 1454 705 1514 modo
721 1452 774 1513 tibi
791 1453 900 1515 melius
916 1455 1075 1515 enuntiare

102 1539 244 1599 videatur
261 1572 297 1581 -
320 1537 352 1597 id
366 1538 446 1597 enim
461 1538 627 1614 agendum,
649 1545 758 1597 utnon
774 1535 876 1598 verbis
895 1539 1075 1613 serviamus,

102 1623 158 1683 sed
178 1621 321 1684 sensibus
340 1643 398 1703 ει
427 1620 547 1695 „Miser
563 1627 624 1693 est,
652 1621 758 1696 quise
779 1636 841 1679 non
868 1621 1075 1682 beatissimum

101 1703 231 1779 iudicat,
246 1705 316 1765 licet
329 1706 459 1780 imperet
478 1704 622 1765 mundo.“
646 1705 686 1764 Ut
707 1705 788 1764 scias
811 1712 910 1764 autem
931 1705 989 1765 hos
1005 1711 1115 1766 sen-21
1156 1730 1159 1735 ·

102 1805 156 1849 sus
174 1803 353 1849 communes
374 1803 460 1860 esse,
477 1794 584 1848 natura
597 1786 713 1848 scilicet
731 1785 878 1862 dictante,
901 1790 985 1863 apud
999 1805 1073 1864 poe-

103 1880 162 1933 tam
176 1872 326 1933 comicum
340 1869 495 1931 invenies=

280 1956 347 2017 Non
358 1962 402 2016 est
414 1956 530 2028 heatus,
548 1972 610 2016 esse
624 1973 656 2015 se
670 1959 723 2030 qui
734 1972 792 2016 oon
801 1963 898 2031 potat.

103 2039 177 2115 quid
197 2038 277 2098 enim
297 2040 404 2113 relert,
430 2039 529 2113 qualis
548 2045 644 2100 status
666 2047 736 2099 tuus
759 2039 812 2110 sit,
840 2038 866 2099 si
888 2039 941 2100 tibi
956 2040 1076 2100 videtur

102 2124 222 2184 maiust
254 2122 361 2197 „Quid
381 2129 477 2197 ergot
507 2121 626 2197 inquis,
648 2121 675 2182 si
696 2123 816 2183 beatum
842 2139 877 2184 se
901 2123 1011 2185 dixerit
1026 2124 1117 2190 illesa

101 2207 227 2283 turpiter
248 2205 334 2266 dives
350 2213 380 2266 et
393 2206 443 2265 ille
457 2206 618 2267 multorum
635 2206 777 2267 dominus
792 2207 849 2267 sed
863 2209 993 2283 plurium
1011 2223 1075 2266 ser-

101 2308 174 2362 vus,
200 2289 309 2351 beatus
335 2306 393 2350 sua
413 2290 563 2350 sententia
582 2290 682 2350 liett“
709 2290 776 2349 Non
799 2290 873 2364 quid
899 2291 992 2364 dicat,
1020 2291 1076 2349 sed

102 2373 175 2451 quid
194 2373 320 2446 sentiat,
341 2374 443 2433 refert.
477 2389 534 2433 nec
551 2372 624 2448 quid
640 2388 700 2433 uno
715 2372 764 2431 die
779 2373 902 2445 sentiat,
925 2374 982 2432 sed
1002 2373 1077 2446 quid

101 2457 240 2518 adsidue.
273 2473 335 2518 non
350 2463 398 2518 est
412 2463 527 2530 autem,
544 2457 628 2532 quod
642 2454 793 2528 verearis,
809 2472 848 2514 ne
864 2456 904 2514 ad
918 2454 1075 2530 indignum

100 2555 148 2601 res
163 2547 248 2602 tanta
262 2539 433 2615 perveniat:
455 2540 513 2599 nisi
528 2540 658 2617 sapienti
673 2555 730 2600 sua
743 2555 804 2599 non
818 2540 947 2614 placent.
976 2537 1075 2599 omnis

100 2623 226 2685 stultitia
239 2624 358 2685 laborat
371 2621 492 2684 fastidio
508 2624 565 2684 sui.
597 2625 684 2683 Vale.

446 2759 665 2818 EPISTULA
684 2761 720 2815 X.

350 2854 460 2908 Ssuncn
476 2857 588 2909 Lucrrro
608 2868 659 2908 suo
681 2869 819 2908 saturnu.

163 2957 282 3020 Sicest.
304 2975 366 3020 non
378 2967 460 3020 muto
472 2961 668 3022 sententiam:
684 2962 773 3035 fuge
785 2961 1073 3035 multitudinem,
1091 2964 1106 3017 1

98 3043 187 3119 luge
214 3042 465 3119 paucitatem,
490 3045 581 3119 luge
602 3044 713 3104 etiam
736 3061 857 3106 unum.
888 3045 1073 3118 nonhabec,

99 3142 167 3187 eum
186 3141 248 3200 quo
270 3133 300 3186 te
322 3127 575 3189 communicatum
595 3128 695 3187 velim.
727 3127 770 3200 Et
783 3128 868 3201 vide,
892 3129 976 3203 quod
997 3126 1073 3187 iudi-

99 3210 177 3271 cium
192 3225 294 3269 meum
309 3209 439 3271 habeas=
468 3211 592 3273 audeo
615 3218 651 3271 te
667 3211 738 3271 tibi
759 3210 928 3271 credere.
959 3209 1073 3284 crates,

99 3301 129 3355 ut
144 3295 244 3368 aiunt,
258 3292 351 3354 buius
365 3292 463 3369 ipsius
479 3293 624 3356 Stilbonis
639 3294 773 3368 auditor,
788 3294 875 3354 cuius
889 3295 1074 3354 mentionem

99 3377 191 3453 priori
209 3377 343 3452 epistula
356 3377 429 3450 leci,
449 3394 519 3439 cum
531 3379 661 3439 vidisset
674 3378 936 3438 adulescentulum
954 3385 1074 3439 secreto

99 3461 318 3535 ambulantem,
340 3461 552 3538 interrogavit,
576 3463 650 3539 quid
665 3463 726 3522 tttic
739 3464 818 3522 sotus
836 3459 977 3534 faceret?
1004 3463 1074 3526 Me·

880 3545 919 3606 2*
