2468 3930
251 269 422 332 EPISTUL.
439 270 534 333 lton.
552 272 626 333 LIB.
639 272 734 334 XVII.
750 273 808 335 ΕΡ.
823 284 850 337 h.
868 281 958 352 (lot.)
1027 275 1091 341 335

107 422 186 488 rium
203 423 318 484 bonum
332 431 395 498 est,
413 425 498 499 quod
513 426 590 499 grati
604 434 691 502 sunt,
705 426 761 487 sed
776 432 807 486 et
821 441 932 489 meum.
952 427 995 490 ita
1011 429 1091 492 enirn

109 509 211 572 animo
227 507 408 582 conpositus
423 524 506 580 sum,
522 515 555 569 ut
568 511 696 570 aliorum
709 509 824 571 bonum
838 527 938 572 meum
950 510 1092 588 iudicem,

108 593 213 668 utique
228 608 349 666 eorum,
366 593 478 667 quihus
494 592 562 668 ipse
579 610 648 654 sum
661 593 734 654 boni
749 610 852 654 causa.
872 603 920 657 est
933 596 1016 658 istud
1027 599 1133 659 lau-19

109 675 246 740 dantium
259 676 390 749 honum,
411 676 522 737 virtute
539 679 618 738 enim
633 678 763 752 geritur:
799 680 898 739 omnis
914 688 1014 741 autem
1028 680 1089 742 vir-

107 761 179 825 tutis
200 761 281 822 actio
295 760 409 820 bonum
424 768 481 821 est.
508 760 568 821 hoc
583 761 761 837 contingere
774 761 835 821 illis
850 780 912 823 non
928 764 1089 840 potuisset,

108 845 168 908 nisi
183 859 242 920 ego
257 844 327 905 talis
344 859 456 905 essem.
476 845 583 920 Itaque
598 847 757 921 utriusque
771 844 887 906 bonum
902 855 965 922 est,
982 848 1089 911 merito

107 928 241 1004 laudari,
260 935 322 989 tam
342 928 534 989 mehercules
550 947 641 1005 quam
662 930 742 989 hene
756 929 911 991 iudicasse
927 932 1089 994 iudicantis

107 1015 220 1076 honum
236 1020 285 1074 est
298 1020 329 1072 et
342 1012 419 1087 eius,
435 1014 605 1074 secundum
622 1029 712 1089 quem
729 1013 892 1074 iudicatum
908 1022 964 1075 est.
999 1016 1089 1075 Num-

108 1098 182 1175 quid
205 1097 343 1169 dubitas,
366 1098 438 1171 quin
458 1095 571 1158 iustitia
585 1105 615 1159 et
632 1095 773 1158 habentis
787 1098 900 1157 bonum
916 1099 955 1158 sit
968 1107 999 1161 et
1012 1101 1087 1173 eiuS,

107 1182 157 1243 cui
178 1181 314 1242 debitum
334 1182 446 1243 solvitl
473 1190 636 1243 merentem
656 1182 783 1242 laudare
803 1182 916 1244 iustitia
931 1190 992 1243 este
1014 1199 1088 1258 ergo

106 1266 267 1341 utriusque
281 1266 394 1326 bonum
411 1271 466 1325 est.

159 1348 1130 1424 Cavillatoribusistisabunderesponderimus.ao

107 1436 164 1496 sed
186 1450 248 1494 non
269 1434 360 1494 debet
378 1433 437 1494 hoc
458 1433 547 1492 nobis
569 1448 641 1494 esse
656 1434 847 1508 propositum
868 1443 975 1509 arguta
990 1435 1088 1495 disse-

106 1535 174 1581 rere
192 1525 224 1579 et
243 1517 469 1593 philosophiam
492 1518 522 1576 in
546 1517 602 1576 has
623 1519 780 1592 angustias
799 1534 839 1577 ex
860 1534 916 1578 sua
931 1519 1088 1580 maiestate

106 1601 280 1664 detrahere:
303 1608 415 1677 quanto
437 1601 532 1663 satius
549 1608 596 1661 est
610 1599 654 1660 ire
669 1609 775 1676 aperta
788 1601 839 1662 via
853 1609 883 1663 et
896 1610 980 1663 recta
997 1619 1087 1677 quam

106 1687 164 1748 sihi
183 1686 286 1761 ipsum
307 1686 407 1746 flexus
428 1686 609 1762 disponere,
634 1701 713 1760 quos
734 1702 802 1747 cum
823 1701 934 1761 magna
947 1687 1086 1748 molestia

105 1770 221 1832 debeas
233 1771 390 1846 relegeret
409 1785 510 1844 neque
526 1771 604 1830 enim
621 1770 784 1845 quicquam
798 1771 878 1831 aliud
892 1772 969 1832 istae
981 1771 1087 1846 dispu-

106 1854 236 1916 tationes
250 1862 323 1916 sunt
338 1870 426 1930 quarn
442 1855 520 1914 inter
536 1870 571 1914 so
586 1855 683 1928 perite
699 1855 882 1931 captantium
897 1857 994 1915 lusus.
1019 1856 1126 1920 Dtoat

104 1938 250 2014 potius,
267 1937 683 2014 quamnaturalesitin
699 1938 913 2000 inmensum
928 1945 1085 2000 mentem

105 2039 209 2084 suam
237 2023 458 2083 extendere.
496 2038 630 2097 magna
659 2031 694 2082 et
722 2038 916 2097 generosa
939 2039 1001 2083 res
1028 2030 1088 2084 est

104 2106 291 2168 humanus
316 2108 482 2167 animus:
516 2107 646 2167 nullos
671 2105 747 2165 sibi
767 2107 863 2181 ,poni
885 2106 963 2167 nisi
984 2123 1084 2166 com-

103 2206 236 2252 munes
257 2198 392 2252 etcum
410 2192 480 2250 deo
502 2191 687 2250 terminos
709 2191 863 2264 patitur.
885 2188 1100 2265 primumhu·'

102 2276 204 2336 mitem
225 2292 287 2336 non
308 2276 419 2350 accipit
439 2273 582 2350 patriam,
608 2273 765 2348 Ephesum
787 2280 838 2334 aut
857 2274 1084 2346 Alexandriam,

102 2367 154 2422 aut
169 2360 196 2420 si
216 2360 300 2436 quod
316 2367 365 2421 est
379 2360 551 2419 etiamnunc
567 2357 755 2432 frequentius
771 2357 899 2432 incolis,
918 2356 1027 2418 laetius
1042 2364 1084 2418 te

103 2446 158 2505 ctis
173 2445 292 2505 solum=
319 2444 414 2519 patria
435 2451 483 2504 est
504 2443 560 2514 illi,
582 2442 800 2517 quodcumque
816 2457 960 2515 suprema
975 2447 1006 2500 et
1020 2440 1086 2500 uni-

102 2545 193 2590 verso
205 2528 333 2589 circuitu
347 2542 404 2587 suo
417 2527 522 2602 cingit,
535 2526 596 2587 hoo
607 2542 697 2586 omne
711 2541 899 2599 convexum,
911 2525 989 2584 intra
1001 2524 1086 2600 quod

101 2613 202 2674 iacent
220 2613 317 2672 maria
338 2629 407 2672 curn
427 2613 531 2684 terris,
552 2612 630 2671 intra
652 2611 735 2686 quod
757 2626 810 2670 aer
825 2609 965 2670 humanis
983 2608 1086 2669 divina

102 2712 269 2758 secernens
291 2695 380 2756 etiarn
402 2695 572 2770 coniungit,
593 2694 671 2756 intra
693 2695 777 2769 quod
801 2693 953 2770 disposita
975 2700 1019 2755 tot
1038 2696 1083 2754 lu·

101 2781 184 2841 mina
203 2781 232 2840 in
254 2787 341 2841 actus
363 2797 439 2841 suos
455 2780 618 2840 excubant.
639 2780 757 2840 Deinde
772 2787 867 2839 artam
882 2785 1012 2839 aetatem
1026 2777 1127 2838 sibila

102 2866 168 2925 dari
190 2881 250 2925 non
266 2864 352 2925 sinit=
375 2881 523 2939 „omnes
539 2865 650 2939 inquit,
668 2871 738 2924 ante
755 2870 811 2937 [ma
826 2867 911 2936 anne]
927 2861 988 2923 mei
1003 2869 1084 2924 sunt,

101 2949 217 3009 nullum
237 2950 374 3009 seculum
390 2950 507 3024 magnis
522 2948 652 3023 ingeniis
669 2949 787 3009 clusum
810 2956 871 3020 est,
893 2948 1008 3008 nullum
1023 2963 1085 3005 non

102 3031 278 3108 cogitationi
299 3033 438 3109 pervium
461 3040 593 3107 tempus.
622 3047 691 3093 curn
712 3030 831 3092 venerit
848 3031 916 3090 dies
941 3030 1008 3101 ille,
1033 3029 1085 3103 qui

101 3117 229 3178 mixtum
242 3117 303 3178 hoc
318 3117 412 3178 divini
430 3117 617 3191 humanique
638 3123 792 3187 secernat,
814 3130 928 3189 eorpus
949 3113 1014 3186 hio,
1032 3111 1085 3172 ubi

100 3201 221 3275 inveni,
240 3203 427 3277 relinquam,
444 3203 512 3277 ipse
534 3216 584 3260 me
606 3200 654 3260 dis
670 3199 807 3258 reddam.
840 3212 899 3257 nec
915 3212 997 3257 nunc
1018 3195 1085 3256 sine

100 3283 161 3345 illis
183 3302 268 3361 sum,
289 3288 345 3347 sed
365 3286 451 3362 gravi
472 3294 656 3358 terrenoque
677 3283 815 3342 detineor
841 3284 994 3340 carcere.“
1029 3279 1128 3341 Pertss

99 3367 159 3431 has
186 3371 324 3432 mortalis
352 3371 420 3432 aevi
450 3385 552 3431 moras
577 3366 620 3428 illi
644 3367 760 3426 meliori
785 3364 866 3425 vitae
892 3361 1085 3439 longiorique

100 3454 285 3531 proluditur.
320 3454 578 3530 quemadmodum
603 3452 709 3512 decem
735 3449 893 3510 mensibus
918 3455 1001 3510 tenet
1025 3463 1084 3508 nos

101 3543 259 3601 maternus
280 3546 385 3601 uterus
407 3546 437 3599 et
458 3544 623 3616 praeparat
639 3553 700 3597 non
716 3535 790 3611 sibi,
814 3535 871 3595 sed
884 3532 927 3593 illi
942 3534 1029 3609 loeo,
1053 3531 1084 3592 in
