2468 3930
139 246 181 308 92
367 247 370 254 ’
419 245 452 304 L.
474 245 621 306 ΑΝΝΑΕΙ
643 244 817 348 structu

108 406 207 466 tvota
226 405 331 459 nostra
353 412 421 457 cum
442 399 537 471 votis,
559 397 686 457 consilia
700 412 769 456 cum
785 397 929 456 consiliis.
964 397 1108 460 Adulatio

136 499 228 558 quam
243 480 348 540 similis
362 487 409 541 est
420 481 582 540 amicitiae!
603 496 665 540 non
675 479 807 540 imitatur
817 487 932 541 tantum
943 479 1034 555 illam,
1051 483 1110 542 sed

135 565 228 625 vincit
248 571 279 624 et
298 564 448 638 praeterit.
483 562 595 639 apertis
616 579 653 623 ac
669 562 808 639 propitiis
823 564 946 623 auribus
961 563 1109 640 recipitur

136 657 165 710 et
184 648 215 707 in
238 648 417 723 praecordia
434 647 497 706 ima
521 646 692 720 descendit,
719 661 756 706 eo
781 647 851 722 ipso
872 647 1021 722 gratiosa,
1045 664 1107 723 quo

136 730 241 792 laeditz
268 730 347 791 doce
372 730 625 806 quemadmodum
645 730 724 789 lianc
744 730 966 790 similitudinem
988 732 1107 806 possim

135 816 306 875 dinoscere.
337 815 430 874 Venit
442 814 483 874 ad
496 829 545 873 mc
559 829 615 889 pro
630 813 727 873 amico
742 812 872 874 blandus
887 813 1035 876 inimicus.
1063 814 1108 874 vi-

135 899 176 959 tia
195 897 284 959 nobis
306 896 362 957 sub
381 897 524 958 virtutum
546 897 667 957 nomine
687 896 847 972 obrepunt.
883 898 1034 960 temeritas
1049 899 1107 958 sub

135 983 219 1044 titulo
241 981 423 1042 fortitudinis
442 983 522 1043 latet.
554 979 722 1041 moderatio
741 986 869 1041 vocatur
885 981 1015 1056 ignavia.
1049 997 1107 1057 pro

67 1091 70 1097 ¹
136 1073 223 1127 cauto
245 1065 367 1125 timidus
389 1065 549 1140 accipitur=
570 1063 602 1123 in
618 1063 666 1123 his
680 1078 790 1138 magno
805 1063 941 1139 periculo
959 1080 1107 1126 erramus.

107 1149 182 1211 tihis
203 1155 300 1210 certas
323 1155 411 1209 notas
433 1147 570 1224 inprime.
603 1147 745 1208 cetemm
766 1147 818 1223 qui
837 1147 1047 1223 interrogatur,
1069 1164 1107 1208 an

136 1249 251 1294 cornua
273 1232 396 1304 habeat,
425 1247 486 1291 non
512 1237 560 1293 est
582 1239 643 1292 tam
667 1229 792 1306 stultus,
820 1237 853 1290 ut
872 1231 1001 1292 frontem
1022 1247 1108 1292 snam

135 1323 275 1393 temptet,
301 1332 358 1376 nec
376 1331 484 1376 rursus
504 1324 565 1377 tam
586 1314 707 1390 ineptus
729 1321 779 1375 aut
799 1313 912 1390 hebes,
934 1320 969 1377 ut
982 1314 1108 1390 nesciat,

137 1402 163 1460 si
177 1408 209 1461 tu
223 1398 265 1459 illi
277 1399 474 1459 subtilissima
486 1399 664 1459 collectione
675 1399 877 1474 persuaseris.
908 1397 959 1459 Sic
969 1399 1029 1460 ista
1040 1398 1108 1459 sine

137 1499 220 1543 noxa
240 1481 408 1556 decipiunt,
437 1482 590 1556 quomodo
614 1481 875 1556 praestigiatorum
900 1483 1059 1544 acetabula
1078 1490 1107 1543 et

139 1563 262 1638 calculi,
288 1566 318 1624 in
344 1565 453 1640 quibus
475 1581 523 1624 me
541 1565 661 1626 fallacia
682 1564 751 1641 ipsa
771 1564 908 1626 delectat.
940 1567 1044 1642 cilice,
1064 1574 1107 1640 ut,

139 1648 292 1723 quomodo
311 1647 377 1721 fiat,
403 1648 589 1723 intellegamt
615 1648 734 1725 perdidi
754 1665 854 1710 usum.
885 1649 965 1710 idem
987 1651 1027 1710 de
1041 1651 1108 1711 istis

139 1732 328 1806 captionibus
343 1730 439 1793 dicos
450 1749 510 1806 quo
526 1732 605 1793 enim
618 1731 739 1794 nomine
751 1733 852 1808 potius
866 1749 909 1793 so
917 1733 1109 1809 phismata

108 1815 309 1890 aadpetlanm
335 1831 392 1875 nec
408 1814 559 1892 ignoranti
571 1825 683 1877 nocent
695 1832 753 1876 nec
768 1817 913 1878 scientem
926 1817 1040 1878 iuvant.
1076 1816 1107 1877 Si

137 1898 242 1973 utique
254 1897 300 1959 vis
310 1899 474 1961 verborum
484 1896 694 1974 ambiguitates
707 1900 863 1974 diducere,
880 1899 939 1962 hoc
950 1917 1008 1962 nos
1020 1902 1108 1976 doce,

138 1983 259 2043 beatum
278 1999 340 2043 non
362 1998 430 2042 eum
450 1998 536 2057 esse,
560 1999 651 2058 quem
668 1983 778 2059 volgus
793 1983 940 2059 adpellat,
960 1983 1108 2060 adquam

140 2066 271 2141 pecunia
282 2081 392 2142 magna
407 2065 569 2140 confluxit,
590 2067 761 2140 sedilium,
783 2067 832 2128 cui
846 2067 960 2128 bonum
971 2083 1063 2128 onina
1079 2069 1108 2128 in

139 2148 239 2210 animo
260 2157 321 2224 est,
343 2157 476 2211 erectum
497 2159 528 2211 et
547 2152 703 2211 excelsum
724 2158 753 2211 ct
770 2148 917 2211 mirabilia
933 2152 1107 2226 calcantem,

141 2233 193 2308 qui
212 2233 361 2293 neminem
379 2235 476 2306 videt,
500 2251 567 2295 cum
589 2252 649 2310 quo
672 2251 706 2295 se
727 2241 929 2296 conmutatum
947 2236 1033 2310 velit,
1056 2236 1108 2311 qui

138 2317 290 2380 hominem
311 2333 347 2379 ea
368 2319 435 2379 sola
450 2325 536 2393 parte
551 2318 702 2393 aestimat,
726 2334 787 2393 qna
799 2317 890 2379 homo
905 2326 966 2394 cst,
989 2318 1041 2394 qui
1055 2335 1107 2405 na·

138 2411 205 2466 tura
224 2403 366 2478 magistra
383 2402 483 2476 utitur,
504 2403 544 2463 ad
558 2402 639 2463 iltius
654 2403 739 2476 leges
754 2403 943 2478 conponitur,
965 2402 1010 2463 sic
1025 2400 1106 2476 vivit,

140 2488 294 2563 quomodo
309 2486 360 2546 illa
374 2487 586 2562 praescripsit,
604 2484 653 2547 cui
667 2487 748 2546 bona
763 2501 820 2546 sua
831 2486 913 2547 nulla
925 2485 974 2547 vis
986 2483 1108 2560 excutit,

140 2570 192 2646 qui
215 2571 295 2630 mala
318 2569 347 2628 in
372 2569 485 2630 bonnm
504 2569 609 2643 vertit,
636 2574 736 2630 certus
756 2567 873 2644 iudicii,
895 2569 1108 2643 inconcussus

140 2653 318 2726 intrepidus,
336 2667 427 2727 quem
442 2650 604 2726 aliquavis
618 2659 729 2726 movet,
745 2654 827 2714 nulla
839 2653 1003 2727 perturbat,
1019 2668 1107 2728 quem

141 2737 274 2808 fortuna,
307 2735 390 2805 cnm,
422 2734 506 2808 quod
535 2733 641 2796 habuit
667 2737 757 2796 telum
785 2735 1050 2810 nocentissimum,
1078 2735 1110 2794 vi

141 2818 271 2878 maxima
284 2818 416 2890 intorsit,
441 2818 560 2896 pungit,
582 2820 804 2894 convulnerat,
826 2818 1019 2882 ethocrarm
1040 2834 1110 2878 num

142 2908 243 2961 cetera
256 2898 322 2961 eius
336 2902 410 2975 tela,
425 2902 535 2976 quibus
546 2917 644 2977 genus
655 2902 819 2964 hamanum
830 2903 1006 2978 debellatur,
1021 2916 1110 2980 gran-

141 2984 220 3044 dinis
241 2999 326 3046 mora
341 2983 515 3059 dissultant,
538 3003 618 3062 quae
631 2987 756 3049 incussa
769 2987 856 3048 tectis
871 2987 937 3047 sine
949 2989 1012 3049 ullo
1026 2985 1111 3046 habi·

102 3079 133 3131 to
140 3067 245 3129 tatoris
265 3068 457 3130 incommodo
475 3069 602 3145 crepitat
615 3086 651 3130 ac
666 3072 802 3132 solvitur.
839 3068 916 3144 Quia
929 3085 979 3131 me
993 3069 1111 3131 detines

141 3152 171 3213 in
193 3168 246 3226 eo,
268 3167 359 3228 quem
378 3154 497 3229 tuipse
516 3146 723 3233 ψευδόμενον
741 3155 894 3230 adpeltas,
917 3155 956 3215 de
970 3169 1032 3230 quo
1045 3160 1112 3212 tan·

141 3243 203 3297 tum
223 3236 367 3298 librorum
387 3237 580 3312 conpositum
600 3244 667 3298 esti
698 3253 771 3298 ecce
791 3244 854 3299 tota
866 3237 938 3298 mihi
952 3237 1015 3299 vita
1029 3251 1112 3297 men-

141 3322 225 3381 titur=
253 3320 332 3380 hanc
346 3334 491 3394 coarguo,
521 3320 600 3381 hanc
621 3322 800 3396 adrerum,
824 3320 851 3381 sl
871 3330 977 3382 acutus
995 3336 1044 3393 cs,
1065 3333 1113 3380 re-

143 3405 222 3479 dige.
257 3401 438 3463 Necessaria
458 3402 585 3479 iudicat,
606 3419 734 3479 qnorum
754 3420 865 3480 magna
880 3420 952 3479 pars
967 3418 1113 3480 superva-

145 3500 202 3547 cua
216 3493 272 3546 est.
303 3485 393 3546 etiam
408 3501 487 3561 quae
504 3503 565 3548 non
580 3495 629 3549 est
642 3504 847 3563 supervacua,
867 3487 940 3548 nihil
954 3489 984 3549 in
998 3504 1034 3550 se
1049 3502 1115 3548 mo·
