2468 3930
148 237 212 302 252
440 237 474 297 L.
494 237 641 296 ANNAEI
661 235 836 296 SENECAE

145 398 246 450 tamen
264 388 303 448 ad
317 387 458 447 virtutem
475 402 536 447 non
557 384 697 460 pertinet.
740 386 822 460 ligna
847 387 917 446 navi
933 385 1008 446 nihil
1028 387 1132 448 conie-

145 479 228 546 runt‚
245 470 385 547 quamvis
401 486 463 530 non
479 470 532 529 fiat
546 470 634 529 navis
655 470 769 528 nisiex
790 470 896 544 lignis=
921 487 983 531 non
1004 477 1066 545 cst,
1088 471 1133 530 in·

148 572 248 631 quam,
264 571 319 615 cur
332 553 448 628 aliquid
463 561 552 628 putes
568 553 634 613 eius
651 554 800 614 adiutorio
816 554 892 628 fieri,
910 554 978 614 sine
993 571 1054 629 quo
1069 571 1132 616 non

103 643 249 715 32potest
267 638 343 698 fieri.
385 638 520 697 Potest
541 637 693 711 quidem
713 638 828 698 etiam
848 637 924 699 illud
946 638 1021 710 dici,
1049 639 1133 699 sine

144 721 383 783 liberalibus
405 721 549 781 studiis
571 720 760 781 veniriad
777 722 1010 797 sapientiam
1026 738 1132 797 posse.

34 873 37 876 ,
145 806 286 882 quumvis
301 805 380 863 enim
397 805 492 864 virtus
514 805 664 865 discenda
683 805 737 878 sit,
760 811 860 864 tamen
886 822 949 865 non
975 822 1030 880 per
1054 806 1132 866 haec

145 888 281 950 discitur.
327 889 399 964 quid
421 895 605 963 astantem,
626 904 722 964 quare
736 887 907 949 existimem
921 905 983 949 non
999 891 1131 951 futurum

145 973 315 1048 sapientem
336 988 422 1044 eum,
445 970 497 1047 qui
511 972 615 1032 literas
630 973 743 1047 nescit,
765 987 834 1032 curn
849 971 1000 1048 sapientia
1017 974 1133 1034 nonsit

144 1057 175 1117 in
190 1057 306 1117 literis‘l
344 1071 395 1116 res
410 1056 509 1131 tradit,
525 1072 585 1116 non
605 1056 708 1128 verba,
723 1062 755 1116 et
767 1055 873 1117 nescio
890 1073 928 1116 an
945 1058 1056 1117 certior
1069 1073 1131 1117 me-

103 1141 242 1204 33moria
257 1139 311 1214 sit,
327 1155 405 1214 quae
418 1141 533 1200 nullum
549 1148 635 1201 extra
649 1155 685 1199 se
698 1139 869 1200 subsidium
885 1140 983 1202 habet
1022 1141 1134 1215 Magna

147 1231 178 1285 et
202 1224 341 1300 spatiosa
364 1239 415 1283 res
437 1231 484 1284 est
504 1223 663 1299 sapientia.
704 1240 802 1284 vacuo
824 1223 867 1283 illi
886 1225 955 1284 loco
971 1241 1051 1299 opus
1068 1232 1132 1283 est:
1151 1270 1160 1286 .

147 1309 187 1368 de
202 1307 312 1368 divinis
328 1306 531 1382 humanisque
546 1307 726 1368 discendum
740 1315 802 1378 est,
830 1307 869 1366 de
882 1309 1069 1382 praeteritiS,
1092 1309 1132 1367 de

147 1394 266 1467 tuturis,
281 1393 321 1452 de
338 1390 473 1465 caducis,
495 1393 533 1450 de
548 1392 689 1466 aeternis,
712 1391 751 1449 de
767 1397 913 1464 tempore,
935 1391 974 1450 de
991 1407 1052 1465 quo
1068 1407 1132 1450 uno

146 1475 218 1536 vide
244 1491 335 1552 quam
360 1475 453 1534 multa
474 1484 672 1549 quaerantur:
698 1473 827 1550 primum
849 1490 887 1533 an
902 1489 958 1549 per
972 1489 1008 1533 sc
1023 1472 1062 1534 sit
1077 1474 1131 1532 ali-

147 1560 230 1634 quid.
272 1558 384 1618 deiude
404 1575 442 1617 an
464 1559 579 1634 aliquid
600 1566 670 1619 ante
692 1567 814 1632 tempus
834 1558 874 1618 sit
895 1557 962 1617 sinc
982 1565 1132 1633 tempore.

145 1658 213 1704 cum
239 1642 352 1703 mundo
374 1641 511 1717 coeperit
532 1659 570 1702 an
593 1644 684 1704 etiam
705 1647 774 1702 ante
793 1642 939 1702 mundum
956 1640 1027 1716 quia
1041 1640 1134 1702 luerit

104 1730 137 1786 tl
145 1726 269 1801 aliquid,
286 1725 375 1786 luerit
389 1733 419 1785 et
432 1733 574 1800 tempus?
594 1725 834 1787 Innumerabiles
848 1725 1046 1801 quaestiones
1061 1733 1133 1786 sunt

146 1810 185 1869 dc
199 1810 300 1869 animo
315 1815 446 1868 tantum:
474 1809 555 1870 unde
569 1809 623 1883 sit,
646 1810 745 1884 qualis
761 1807 815 1882 sit,
832 1810 957 1884 quando
972 1825 1043 1870 esse
1058 1810 1131 1869 inci·

145 1894 223 1968 piat,
245 1892 390 1967 quamdiu
409 1892 457 1952 sit.
492 1892 615 1951 aliunde
630 1893 689 1952 alio
707 1899 840 1952 transeat
854 1899 885 1952 et
898 1892 1052 1953 domicilia
1066 1909 1130 1953 mu·

144 1984 188 2037 tet
202 1976 332 2048 adulias
348 1975 521 2035 animalium
536 1977 651 2036 lormas
668 1976 806 2050 aliasque
820 1977 997 2051 coniectus,
1013 1993 1052 2036 an
1069 1993 1130 2037 non

146 2060 276 2135 amplius
302 2075 393 2136 quam
419 2061 513 2119 semel
535 2060 649 2121 serviat
669 2066 699 2119 et
713 2059 844 2120 emissus
858 2067 988 2135 vagetur
1006 2062 1037 2121 in
1057 2067 1129 2122 toto.

145 2153 246 2206 utrum
267 2159 380 2219 corpus
402 2144 492 2204 sitan
511 2160 571 2203 non
589 2143 637 2204 sit.
680 2142 754 2219 quid
769 2144 808 2204 sit
823 2144 973 2218 tacturus,
989 2161 1058 2205 cum
1076 2159 1131 2220 per

146 2245 205 2290 nos
219 2226 336 2304 aliquid
350 2229 452 2288 lacere
466 2228 599 2302 desierit,
611 2227 768 2303 quomodo
779 2227 919 2289 libertate
933 2245 991 2289 sua
1005 2245 1128 2299 usurus,

146 2328 215 2374 cum
241 2328 280 2372 ex
300 2313 359 2372 hac
378 2311 519 2386 effugerit
536 2327 641 2372 cavea.
683 2329 723 2372 an
739 2310 935 2372 obliviscatur
950 2313 1086 2387 priorum
1102 2318 1145 2371 et·

145 2395 207 2457 illic
222 2413 317 2458 nosse
332 2412 367 2457 se
381 2396 514 2471 incipiat,
523 2395 576 2457 ubi
588 2396 711 2471 corpori
725 2395 876 2456 abductus
891 2394 921 2456 in
937 2395 1067 2457 sublime
1081 2411 1129 2456 se·

102 2481 247 2543 lacessit.
287 2481 514 2556 Quamcumque
535 2487 651 2555 partem
673 2495 774 2540 rerum
795 2479 993 2540 humanarum
1014 2479 1129 2540 divina·

145 2580 277 2639 rumque
298 2563 574 2640 conprehenderis,
598 2562 711 2639 ingenti
727 2563 817 2638 eopia
832 2563 1080 2638 quaerendorum
1094 2578 1130 2622 ac

147 2647 363 2708 discendorum
379 2646 563 2722 fatigaberis.
600 2648 685 2706 Haec
699 2653 759 2707 tam
776 2649 884 2721 multa,
897 2654 958 2708 tam
974 2662 1084 2721 magna
1098 2654 1132 2707 ut

145 2730 260 2790 habere
273 2731 395 2804 possint
410 2730 538 2790 liberum
552 2729 735 2805 hospitium,
759 2746 953 2805 supervacua
974 2746 1013 2790 ex
1029 2731 1130 2790 animo

145 2813 282 2873 tollenda
296 2821 376 2874 sunt
418 2830 479 2874 non
500 2814 584 2874 dabit
599 2829 634 2874 se
653 2814 684 2873 in
705 2813 760 2874 has
776 2815 933 2890 angustias
949 2815 1061 2875 virtus=
1087 2815 1129 2874 la·

146 2912 220 2956 xum
240 2897 374 2971 spatium
394 2913 445 2957 res
467 2913 578 2972 magna
601 2897 765 2958 desiderat.
811 2899 1003 2974 expellantur
1018 2899 1129 2957 omnia.

102 2987 239 3046 ddtotum
258 2987 365 3057 pectus
380 2981 423 3041 illi
436 2988 535 3042 vacet.
577 2983 650 3053 „At
675 2983 773 3042 enim
798 2983 971 3044 delectat
992 2981 1129 3041 artium

146 3065 288 3127 notitia
312 3066 545 3126 multarum.“
574 3067 735 3127 Tantum
755 3066 888 3142 itaque
907 3083 953 3128 ex
972 3064 1128 3125 illis-re-

145 3149 353 3222 tineamus,
375 3158 559 3226 quantum
579 3151 847 3211 necessarium
864 3159 932 3212 est
965 3165 1003 3208 an
1017 3155 1051 3210 tu
1065 3148 1128 3208 exi-

146 3234 253 3295 stimas
267 3234 567 3310 reprehendendum,
584 3235 636 3308 qui
650 3250 844 3310 supervacua
858 3234 966 3296 usibus
981 3240 1131 3309 conparat

147 3324 177 3377 ct
188 3319 390 3393 pretiosarum
404 3334 506 3379 rerum
521 3334 665 3394 pompam
679 3319 710 3378 in
726 3319 818 3379 domo
832 3318 980 3394 explicat:
996 3334 1058 3379 non
1073 3334 1129 3393 pu·

146 3408 194 3461 tas
216 3416 300 3474 cum,
331 3402 384 3479 qui
404 3410 573 3478 occupatus
594 3409 642 3463 est
658 3403 688 3461 in
702 3418 895 3478 supervacua
909 3402 1063 3463 literarum
1078 3418 1129 3462 su-

146 3485 320 3560 pellectitet
361 3487 433 3547 Plus
448 3487 528 3546 scire
549 3488 736 3562 vellequam
753 3487 794 3547 sit
812 3486 903 3561 satis,
925 3485 1130 3562 intemperan-
