2468 3930
169 195 232 260 248
456 197 490 256 L.
513 195 660 255 ANNAEl
684 195 859 256 SENECAE

169 366 238 410 mus
254 350 373 409 iuturus
389 353 444 417 est
460 346 486 405 si
500 354 645 419 quantum
660 346 785 422 habeat,
800 362 856 422 per
870 362 905 407 se
920 357 1086 424 conputare
1100 367 1151 411 eo·

124 442 265 510 ilgetur.
309 431 387 505 Quid
409 428 479 489 mihi
504 431 632 504 prodest
652 430 732 491 seire
755 431 886 505 agellum
906 431 935 490 in
957 442 1060 506 partes
1076 433 1151 494 divi·

169 518 257 591 dere,
278 516 305 574 si
320 513 425 573 neseio
441 513 617 574 cumfratre
633 512 793 575 divideret
825 514 899 589 quid
920 518 1049 589 prodest
1068 518 1151 578 culli·

168 615 240 674 gere
266 596 415 658 subtiliter
438 595 535 669 pedes
559 596 654 670 iugeri
683 605 713 657 el
736 596 988 672 conprehendere
1014 601 1102 660 etium
1124 601 1151 660 si

169 681 244 758 quid
261 679 481 754 decempedam
496 678 618 754 elingit,
638 678 666 739 si
684 680 802 741 tristem
822 695 871 740 me
886 681 958 741 lauit
973 684 1092 744 vlumus
1107 686 1151 744 in·

168 773 278 841 polens
294 770 324 823 et
338 761 453 837 aliquid
470 777 509 821 ex
523 779 592 824 meo
608 763 781 824 abradens?
817 764 908 825 docet
930 769 1085 840 quomodo
1107 769 1150 828 ni·

169 849 210 909 hil
224 848 351 924 perdam
366 863 405 908 ex
419 845 532 907 finibus
546 847 639 907 meis:
656 855 687 909 ut
700 863 758 922 ego
774 847 879 908 doceri
893 850 978 923 vulo,
995 853 1150 925 quomodo

128 940 250 993 inlotos
266 931 371 992 hilaris
387 929 528 991 emittam.
568 929 718 1004 „Putemo
734 947 807 1006 agro
823 939 854 991 et
867 932 958 1006 avito,
976 934 1081 1010 inquit,
1099 951 1151 994 ex-

169 1017 297 1093 pellor.“
329 1013 428 1089 Quid?
449 1020 518 1073 ante
530 1029 620 1074 urum
630 1022 715 1075 tuum
727 1016 797 1091 quis
813 1015 902 1076 istum
917 1032 1023 1091 ugrum
1038 1019 1153 1078 tenuit?

169 1101 271 1172 euius,
288 1115 351 1159 non
365 1098 434 1159 dieo
455 1097 604 1172 hominis,
619 1099 676 1158 sed
692 1100 797 1175 populi
812 1100 915 1173 luerit,
934 1101 1080 1176 expedire
1096 1119 1150 1178 po·

168 1190 236 1245 test
256 1199 318 1243 nun
333 1183 474 1243 dominus
490 1183 564 1256 isto,
581 1181 639 1243 sed
655 1183 784 1243 eolouus
799 1183 926 1244 intrasti.
965 1186 1053 1246 euius
1068 1187 1150 1246 rolo-

168 1284 227 1328 nus
243 1273 298 1328 est
319 1267 346 1328 si
361 1267 438 1326 bene
452 1272 551 1326 leeum
565 1266 678 1341 agitur,
696 1266 828 1327 heredis.
866 1267 984 1342 Negant
1002 1269 1151 1329 iuriscon-

169 1351 238 1413 sulti
255 1351 418 1427 quiequum
433 1348 571 1424 usurarii,
588 1350 672 1425 quod
686 1350 839 1424 publicum
853 1358 915 1410 est:
933 1351 1087 1425 publicum
1103 1359 1151 1412 est

167 1436 236 1510 hoe,
265 1434 348 1511 quod
370 1441 466 1508 tenes,
493 1434 577 1508 qnod
593 1441 677 1494 tuum
693 1433 785 1493 dieis:
811 1433 964 1509 publicum
979 1442 1069 1495 estet
1084 1435 1149 1510 qui-

103 1517 238 1580 -lidem
258 1517 380 1594 generis
398 1516 531 1577 humani.
575 1516 770 1592 Oegregiam
791 1525 901 1578 erlem:
935 1518 997 1577 seis
1020 1519 1151 1578 rotunda

167 1601 275 1663 metiri.
307 1600 337 1660 in
355 1600 535 1675 quadratum
549 1601 663 1676 redigis
679 1616 902 1677 quemeumque
918 1602 1075 1676 acceperis
1090 1604 1150 1663 lor-

168 1702 257 1745 mum.
290 1685 447 1745 intervalla
461 1683 596 1745 siderum
612 1683 700 1744 dieis.
728 1684 801 1745 nihil
816 1692 871 1759 esi,
888 1685 971 1761 quod
986 1686 1016 1745 in
1029 1700 1151 1746 mensu·

167 1786 232 1830 ram
247 1776 328 1829 tuam
343 1783 405 1828 non
422 1768 526 1828 cudat:
562 1767 589 1827 si
603 1768 712 1827 artifex
734 1783 784 1842 es,
810 1769 915 1828 metire
935 1768 1066 1828 huminis
1088 1771 1151 1830 uni·

168 1870 258 1914 mum.
301 1852 365 1926 die,
391 1866 481 1927 quam
504 1856 633 1926 magnus
659 1849 713 1923 sit,
742 1851 806 1924 die,
833 1867 923 1926 quum
946 1852 1076 1926 pusillus
1104 1853 1151 1914 sil.

168 1934 253 2011 Seis,
279 1950 358 2010 quae
371 1941 456 1995 rectu
471 1932 511 1997 sil
524 1935 618 1995 tinem
641 1934 715 2008 quid
728 1933 782 1995 tibi
800 1935 942 2010 prodest,
969 1937 1011 2010 si,
1034 1937 1107 2012 quid
1120 1937 1151 1995 in

130 2020 358 2081 levitereetum
373 2019 420 2091 sil,
436 2019 582 2093 ignoras?
622 2017 745 2078 Venio
766 2033 868 2078 nune
883 2018 1064 2094 edilium,
1086 2020 1151 2095 qui

169 2102 402 2164 coelestium
423 2102 559 2163 notitia
578 2101 785 2176 gloriatum

317 2187 438 2261 frluida
452 2185 579 2247 Saturni
589 2203 652 2247 sese
666 2203 723 2261 quo
738 2190 823 2248 stella
836 2193 973 2262 receptet,

319 2287 392 2347 uuus
405 2274 483 2346 tauns
497 2273 572 2332 coeli
583 2270 732 2347 Cyllenius
744 2276 826 2332 erret
837 2272 869 2330 iu
882 2271 975 2331 orbes.

167 2354 234 2415 Hoe
252 2357 332 2416 seire
347 2355 421 2430 quid
436 2354 594 2429 proderit?
615 2361 648 2415 ul
664 2354 812 2415 sellicitus
827 2353 901 2428 sim,
916 2370 985 2414 eum
1000 2353 1151 2416 Saturnus

169 2445 198 2498 et
217 2439 300 2500 Mars
319 2455 359 2500 ex
380 2439 532 2499 contrario
553 2438 677 2500 stabunt
690 2446 743 2500 aul
757 2454 826 2498 eum
839 2437 1008 2498 Mercurius
1025 2454 1150 2514 vesper·

169 2521 263 2583 linum
281 2524 371 2584 laeiet
386 2539 530 2584 oreusum
544 2523 668 2582 vidente
682 2520 829 2593 Saturno,
852 2519 955 2595 polius
979 2539 1070 2597 quam
1092 2522 1151 2582 hoe

168 2605 294 2678 discam,
311 2606 495 2682 ubicumque
509 2613 579 2666 sunl
594 2607 660 2675 isla,
677 2605 809 2681 propitia
819 2619 890 2665 esse
904 2621 962 2665 nee
977 2621 1072 2680 posse
1086 2622 1150 2665 mu·

130 2696 159 2748 15
168 2690 245 2749 luri?
278 2688 349 2764 Agit
363 2688 413 2749 illu
427 2689 588 2750 continuus
604 2688 680 2750 ordo
698 2690 828 2750 latorum
842 2694 873 2748 et
885 2687 1067 2750 inevitabilis
1084 2705 1151 2749 eur-

169 2788 232 2832 sus.
267 2789 323 2848 per
344 2779 439 2832 status
459 2773 543 2832 vices
562 2779 700 2833 remeant
712 2780 743 2833 el
757 2771 886 2833 effeetus
899 2788 1001 2833 rerum
1018 2774 1151 2834 omnium

168 2864 220 2917 aut
234 2862 359 2916 movent
371 2861 424 2915 aut
438 2862 558 2916 nolunt=
579 2857 636 2916 sed
650 2857 717 2915 sive
732 2856 880 2932 quiequid
893 2857 1010 2931 evenit,
1027 2857 1149 2927 luriunt,

169 2941 243 3016 quid
256 2937 438 3000 inmutabilis
453 2939 497 2998 rei
508 2939 614 3001 notitia
625 2941 784 3015 proficiet?
804 2939 871 3000 sive
883 2939 1064 3015 significent,
1076 2938 1150 3014 quid

167 3025 261 3085 refert
286 3021 450 3100 previdere
472 3024 556 3099 qued
576 3022 713 3098 effugere
733 3041 796 3086 non
817 3025 944 3099 possis?
978 3024 1059 3084 seius
1081 3022 1149 3095 ista,

168 3109 306 3170 neseiasz
321 3108 403 3167 fient.

129 3199 160 3254 l6
292 3192 327 3253 Si
338 3209 407 3253 uero
421 3196 510 3254 solem
525 3194 569 3253 ud
579 3194 721 3269 rapidum
735 3196 891 3267 stellasque
904 3198 1055 3267 sequenter

293 3278 398 3338 ordine
410 3280 564 3353 respicies,
581 3294 739 3352 numquam
753 3286 781 3338 le
794 3280 927 3338 crastiua
937 3276 1029 3351 fellet

293 3363 368 3422 horu
382 3378 436 3422 uec
450 3363 568 3422 lusidiis
580 3364 673 3422 noetis
685 3365 807 3438 cupiere
819 3376 951 3422 serenae.

168 3442 231 3504 Sed
246 3452 314 3505 unte
329 3443 404 3505 sutis
420 3445 606 3520 abundeque
619 3445 778 3521 previsum
792 3452 853 3516 est,
869 3452 903 3504 ut
916 3442 954 3503 ab
970 3442 1090 3503 insidiis
1104 3448 1150 3503 lu-
