2468 3930
455 380 510 463 b.
530 378 671 464 illiti
692 378 864 467 truncti

467 548 469 552 Α
539 534 591 584 An
607 531 803 602 nummum,
909 553 912 560 -

276 650 1044 778 :nrtsrmmunnonnuun
1158 707 1160 711 ι

539 819 791 888 ,tiana-xm.

491 1091 711 1151 EPISTULA
731 1095 786 1166 L(
823 1094 845 1162 .)

412 1216 415 1221 ,
434 1187 547 1240 Snnnon
561 1189 673 1241 Lucrmo
693 1201 746 1242 suo
764 1201 906 1243 saturnu.

152 1331 167 1383 1
240 1308 280 1369 ln
314 1308 400 1384 ipsa
436 1307 641 1383 Scipionis
680 1310 860 1372 Africani
898 1309 993 1370 villa
1025 1309 1162 1368 iacens

177 1393 272 1454 haec
288 1390 360 1453 tibi
380 1389 512 1454 scribo
528 1394 663 1456 adoratis
678 1392 818 1457 monibus
829 1393 900 1454 eius
915 1398 945 1452 et
959 1407 1047 1467 arca,
1070 1407 1162 1465 quam

177 1475 374 1551 sepulchrum
398 1491 470 1536 esse
495 1475 570 1536 tanti
593 1477 651 1538 viri
678 1479 830 1553 suspicor.
878 1474 1010 1537 animum
1037 1475 1160 1550 quidem

177 1559 245 1622 eius
259 1559 289 1619 in
305 1560 432 1634 eoelum,
448 1575 486 1618 ex
505 1577 567 1635 quo
583 1569 656 1635 erat,
671 1563 793 1624 redisse
808 1559 982 1636 persuadeo
996 1557 1084 1634 mihi,
1099 1575 1161 1619 non

178 1644 251 1719 qna
269 1657 398 1719 magnos
408 1644 574 1707 'exercitus
595 1645 697 1720 duxit,
716 1645 776 1707 hos
791 1645 916 1707 enimet
931 1641 1100 1722 Cambyses
1116 1644 1162 1703 in-

176 1728 278 1790 riosus
299 1742 337 1786 ao
359 1728 462 1791 lurore
483 1727 610 1790 feliciter
630 1746 707 1791 usus
729 1729 849 1803 habuit,
870 1728 927 1789 sed
949 1727 988 1788 ob
1009 1727 1162 1801 egregiam

177 1808 417 1875 moderationem
431 1811 654 1889 pietatemque,
676 1818 793 1890 [quam]
808 1813 905 1887 magis
920 1812 950 1872 in
966 1811 1017 1870 illo
1033 1809 1161 1871 admira·

177 1892 277 1972 bilem,
294 1910 364 1957 cum
380 1895 501 1971 reliquit
513 1895 652 1973 patriam,
668 1913 760 1973 quam
775 1913 844 1959 cum
858 1892 1009 1957 defendit:
1031 1901 1084 1955 aut
1099 1894 1162 1954 Soi-

148 1979 228 2056 2pio
246 1979 365 2054 Rornae
380 1982 493 2041 deesse
507 1979 638 2043 debebat
658 1988 709 2044 aut
722 1981 820 2043 Roma
834 1980 898 2041 sina
911 1978 1058 2038 libertate.
1092 1978 1162 2053 „Ni-

176 2063 227 2139 hit,
242 2063 349 2140 inquit,
364 2066 435 2126 volo
451 2064 600 2141 derogare
613 2065 743 2142 legibus,
758 2064 833 2126 nihii
849 2061 1002 2127 institutis.
1030 2076 1162 2137 aequum

175 2147 253 2208 inter
268 2163 377 2211 omnes
391 2149 475 2210 cives
496 2146 545 2211 ius
564 2148 612 2212 sit.
650 2156 735 2211 utere
754 2149 822 2210 sine
841 2164 891 2209 me
909 2145 1059 2208 beneflcio
1083 2161 1162 2221 meo,

176 2231 284 2308 patria.
306 2248 404 2296 causa
420 2231 474 2294 tibi
487 2231 635 2296 libertatis
649 2233 702 2309 lui,
718 2249 771 2295 ero
786 2240 817 2294 et
833 2237 1058 2307 argumentum:
1073 2244 1162 2303 exeo,

149 2314 205 2377 asi
225 2317 296 2393 plus
315 2315 370 2378 tibi
383 2333 484 2393 „quarn
505 2317 646 2394 expedit,
669 2317 782 2378 crevi.“
824 2316 933 2391 Quidni
951 2329 1009 2389 ego
1031 2313 1163 2374 admirer

176 2399 257 2462 hanc
270 2399 509 2477 magnitudinem
524 2401 623 2473 animi,
640 2418 702 2477 qua
714 2402 744 2464 io
757 2401 879 2462 exilium
894 2397 1099 2461 voluntarium
1113 2411 1161 2457 se-

177 2485 272 2546 cessit
287 2491 318 2544 et
333 2483 484 2545 civitatem
505 2485 703 2545 exoneravit?
739 2500 776 2544 eo
799 2483 947 2558 perducta
967 2498 1019 2543 res
1034 2489 1113 2553 erat,
1130 2487 1163 2540 ut

176 2574 229 2628 aut
249 2568 373 2627 libertas
395 2566 531 2643 Scipioni
552 2576 604 2628 aut
619 2566 722 2640 Scipio
737 2566 867 2627 libertati
883 2567 997 2625 laceret
1011 2563 1161 2626 iniuriam.

176 2657 316 2710 neutrum
337 2650 383 2709 ias
406 2657 484 2710 arat=
503 2650 606 2726 itaque
627 2652 726 2710 locum
742 2648 826 2709 dedit
839 2648 958 2724 legibus
974 2656 1004 2710 et
1018 2665 1054 2709 se
1068 2649 1162 2708 Litor-

176 2747 248 2792 num
271 2732 386 2806 recepit
407 2739 469 2794 tam
494 2749 583 2794 suurn
611 2733 734 2793 exilium
758 2733 945 2809 reipublicae
969 2733 1162 2809 inputaturus
1217 2775 1219 2781 »

148 2824 268 2891 dquam
281 2815 470 2875 Hannibalis.
502 2816 573 2877 Vidi
586 2817 689 2878 villam
709 2824 854 2879 structam
877 2817 980 2891 lapido
1001 2815 1161 2892 quadrato,

175 2915 292 2958 murum
306 2898 525 2961 circumdatum
547 2898 658 2976 silvae,
675 2908 776 2962 turres
799 2917 924 2978 quoque
938 2901 968 2960 in
984 2914 1160 2976 propugna-

177 2983 279 3045 culum
292 2983 383 3045 villae
397 2982 550 3060 utrimque
572 2985 746 3059 subrectaS,
775 2986 937 3047 cisternam
954 2978 1160 3044 aediliciis'ao

175 3066 325 3128 viridibus
347 3068 512 3143 subditam,
534 3085 614 3144 quae
634 3069 778 3130 sufficere
792 3070 822 3129 in
837 3085 926 3130 usum
940 3067 990 3127 vel
1004 3064 1158 3125 exercitus

177 3158 299 3228 posset,
315 3152 489 3214 balneolum
503 3161 680 3229 angustum,
703 3153 925 3214 tenebricosum
941 3166 980 3211 ex
994 3156 1158 3211 consuetu-

177 3236 248 3296 dine
272 3237 412 3314 antiqua=
443 3253 505 3299 non
530 3238 690 3299 videbatur
713 3235 880 3314 maioribus
901 3231 1013 3296 nostris
1037 3233 1159 3293 caldum

154 3319 236 3378 *atsi
261 3320 436 3383 obscurum.
482 3321 617 3396 Magna
643 3336 733 3395 ergo
755 3336 810 3380 me
830 3322 1013 3394 voluptas
1038 3315 1160 3378 subiit

233 3406 505 3482 ntemplantcm
530 3421 656 3466 mores
681 3404 885 3480 Scipionis
913 3419 956 3464 ac
981 3409 1158 3465 nostros:
