2468 3930
147 232 208 297 166
402 231 435 290 L.
454 231 601 290 ANNAEI
621 229 796 292 SENECAE

106 395 137 448 15
146 388 194 448 dei
211 386 295 449 verti.
325 385 432 459 itaque
445 389 479 444 ut
492 383 582 455 Cato,
599 397 668 444 cum
683 398 791 442 aevum
806 383 907 442 animo
923 384 1119 460 percurrerit,

147 471 242 531 dicet:
257 483 367 543 „omne
381 467 545 527 humanum
555 482 662 541 genus,
675 466 822 541 quodque
837 472 885 526 est
896 466 1116 542 quodqueerit,

146 560 243 613 morte
264 552 436 611 damnatum
456 558 518 610 est:
539 565 660 623 omnes,
683 565 764 624 quae
786 565 919 624 usquam
937 552 1040 610 rerum
1061 567 1114 626 po·

145 634 260 697 tiuntur
272 635 365 694 urbes
381 649 521 708 quaeque
535 633 701 693 alienorum
713 633 909 708 imperiorum
921 643 1118 708 magnasunt

147 719 275 791 decora,
296 717 349 778 ubi
368 717 491 789 tuerint,
513 717 677 791 aliquando
698 718 862 792 quaeretur
881 722 912 777 et
929 717 1016 778 vario
1032 719 1115 778 exitii

146 816 258 877 genere
270 802 426 861 tollentur=
442 799 517 859 alias
532 800 689 859 destruent
701 800 794 873 bella,
816 800 892 860 alias
906 799 1028 862 desidia
1041 817 1117 878 pax·

147 900 208 961 que
228 884 268 944 ad
290 883 424 944 inertiam
445 898 537 942 versa
557 890 717 943 consumet
737 890 767 942 et
785 880 904 958 maguis
925 884 1036 958 opibus
1051 885 1115 946 cxi-

146 967 226 1028 tiosa
241 982 308 1041 res,
330 967 430 1028 luxus.
471 982 579 1027 omues
599 965 657 1026 hos
680 966 794 1027 tortiles
816 981 942 1042 campos
956 969 1116 1043 repentina

146 1052 239 1112 maris
253 1050 409 1113 inundatio
425 1049 595 1110 abscondet
607 1056 659 1109 aut
672 1049 702 1108 in
717 1049 848 1110 subitam
862 1065 1025 1111 cavernam
1040 1066 1113 1113 con-

147 1135 274 1196 sidentis
289 1133 349 1194 soli
366 1137 474 1209 lapsus
495 1133 637 1193 abducet.
674 1132 753 1206 Quid
768 1141 912 1208 astorgo,
927 1150 1024 1208 quare
1036 1134 1114 1196 indi-

146 1234 223 1294 gner
238 1224 290 1279 aut
301 1217 436 1291 doleam,
458 1218 483 1276 si
505 1217 616 1291 exiguo
639 1223 792 1278 momento
811 1217 934 1293 publica
949 1219 1011 1278 lata
1027 1234 1115 1293 prae·

105 1314 139 1369 16
147 1303 263 1362 cedot“
308 1301 436 1374 Magnus
467 1299 585 1360 animus
613 1300 672 1361 deo
702 1307 807 1374 pareat
834 1308 864 1361 et
890 1301 1037 1377 quicquid
1064 1303 1116 1362 lex

146 1385 281 1446 universi
292 1382 389 1455 iubet,
406 1384 473 1443 siue
487 1383 678 1443 cunctatione
691 1384 835 1458 patiatura
850 1389 902 1445 aut
916 1383 946 1443 in
960 1384 1115 1445 meliorem

147 1468 288 1528 emittitur
301 1467 393 1526 vitam
408 1466 538 1527 lucidius
558 1464 811 1542 tranquilliusque
825 1468 903 1528 inter
915 1467 1016 1527 divina
1028 1483 1111 1527 man-

147 1567 238 1611 surus
257 1556 311 1610 aut
330 1557 412 1609 certe
432 1548 500 1610 sine
513 1551 575 1610 ullo
596 1551 714 1610 iuturus
728 1551 923 1611 incommodo
938 1565 1012 1611 suae
1024 1558 1113 1612 natu·

146 1649 200 1692 rae
218 1632 428 1692 remiscebitur
449 1639 480 1692 et
496 1640 664 1693 revertetur
684 1633 715 1691 in
735 1640 839 1694 toturn.
885 1633 953 1693 Non
972 1641 1021 1694 est
1038 1649 1113 1709 ergo

146 1715 186 1776 M.
205 1716 326 1776 Catonis
345 1716 444 1776 maius
460 1715 573 1776 bouum
589 1715 719 1777 honesta
736 1717 798 1777 vita
818 1733 909 1792 quam
921 1731 1005 1778 mors
1019 1714 1114 1778 hone-

147 1806 209 1872 sta,
232 1800 375 1874 quoniam
394 1816 456 1859 non
479 1799 641 1860 intenditur
660 1800 766 1859 virtus.
798 1801 882 1861 idem
902 1816 974 1861 esse
994 1800 1114 1861 dicebat

148 1882 292 1943 Socrates
315 1882 469 1943 veritatem
487 1889 521 1943 ‘et
533 1882 684 1944 virtutem.
721 1884 875 1961 quomodo
895 1884 946 1943 illa
965 1900 1029 1945 non
1049 1900 1112 1945 cre-

148 1966 219 2040 scit,
242 1967 287 2027 sic
307 1982 345 2025 ne
365 1965 461 2026 virtus
483 1965 621 2040 quidem:
642 1966 734 2026 habet
752 1983 897 2028 numeros
912 1983 1003 2042 suos,
1024 1969 1114 2043 plena

106 2062 140 2118 17
148 2057 204 2110 est.
236 2051 304 2111 Non
324 2057 371 2110 est
390 2051 494 2125 itaque
516 2050 599 2124 quod
623 2050 742 2111 mireris
763 2052 848 2127 paria
871 2065 943 2111 esse
962 2052 1059 2125 bona,
1084 2057 1113 2110 et

149 2149 229 2208 quae
244 2149 284 2193 ex
304 2134 463 2210 proposito
486 2134 636 2195 sumenda
650 2141 722 2194 sunt
745 2142 776 2195 et
795 2149 875 2210 quae
889 2133 989 2196 subita
1002 2150 1055 2195 res
1068 2141 1112 2195 tu·

147 2217 188 2276 lit.
217 2233 286 2276 nam
301 2216 328 2277 si
341 2217 420 2277 hanc
433 2217 678 2291 inaequalitatem
693 2219 862 2293 receperis,
876 2224 911 2279 ut
926 2217 1044 2279 fortiter
1054 2224 1112 2278 tor·

147 2302 233 2375 queri
255 2302 285 2361 in
300 2299 467 2362 minoribus
487 2299 577 2360 bonis
599 2317 755 2374 numeres,
777 2302 951 2364 numerabis
972 2300 1063 2362 etiam
1082 2301 1113 2360 in

145 2383 233 2445 malis
257 2391 287 2444 et
306 2383 457 2445 infelicem
476 2383 633 2444 Socratem
654 2382 738 2445 dices
760 2383 943 2460 incarcere,
964 2384 1113 2445 infelicem

146 2467 291 2528 Catonem
303 2470 431 2529 volnera
446 2483 502 2528 sua
517 2468 684 2528 animosius
702 2485 794 2544 quam
808 2470 935 2543 iecerat,
950 2475 1112 2529 retractan-

144 2558 220 2624 tem,
247 2550 543 2611 calamitosissimum
571 2552 705 2612 omnium
724 2553 874 2626 Regulum
901 2551 974 2612 fidei
994 2566 1112 2627 poenas

146 2632 235 2693 etiam
249 2633 388 2694 hostibus
403 2641 543 2694 servatae
564 2636 761 2709 pendentem=
781 2636 866 2710 atqui
884 2650 974 2695 nemo
995 2634 1056 2695 iroc
1069 2634 1114 2694 di·

146 2729 230 2787 cere,
245 2732 284 2775 ne
303 2733 343 2776 ex
357 2714 543 2777 mollissimis
552 2719 690 2792 quidem,
704 2735 798 2780 ausus
814 2725 870 2778 est.
899 2724 1017 2794 negant
1032 2717 1113 2778 enim

104 2797 228 2857 18illum
252 2814 324 2859 csse
339 2798 475 2872 beatum,
497 2800 553 2860 scd
576 2808 676 2862 tamen
691 2811 802 2877 negant
815 2802 970 2863 miserum.
994 2801 1113 2860 Acade·

145 2879 213 2940 mici
242 2890 360 2943 veteres
384 2883 507 2944 beatum
527 2885 650 2958 quidem
670 2901 742 2946 esse
760 2886 848 2946 etlam
870 2885 947 2947 iuter
966 2884 1025 2946 iios
1047 2899 1114 2944 cru·

145 2964 241 3025 ciatus
266 2967 410 3039 latentur,
435 2968 492 3028 sed
511 2985 573 3028 non
596 2969 636 3029 ad
656 2970 824 3044 perrectum
844 2985 901 3029 nec
919 2968 957 3029 ad
982 2967 1114 3043 plenum,

145 3049 228 3123 quod
240 3051 320 3110 nullo
333 3051 424 3111 modo
436 3059 539 3127 potest
552 3050 663 3126 recipi:
678 3053 737 3112 nisi
750 3053 858 3114 beatus
873 3058 935 3126 est,
950 3052 981 3111 in
995 3065 1114 3113 summo

143 3131 225 3194 bono
241 3149 301 3193 non
317 3142 372 3197 est.
411 3136 494 3209 quod
509 3151 659 3196 summum
673 3136 787 3197 bonum
802 3143 865 3211 est,
885 3142 981 3210 supra
994 3151 1031 3196 se
1046 3149 1116 3210 gra·

144 3215 216 3277 dum
232 3216 412 3292 nonhabet,
429 3218 457 3279 si
467 3219 558 3280 modo
573 3219 615 3278 illi
628 3220 724 3280 virtus
736 3218 831 3294 inest,
847 3220 874 3279 si
888 3220 969 3279 illam
983 3218 1116 3280 adversa

145 3315 204 3360 nou
223 3302 373 3376 minuunt,
394 3301 420 3362 si
442 3310 545 3363 manet
565 3303 653 3364 etiam
674 3303 859 3364 comminuto
880 3317 1014 3379 corpore
1030 3302 1115 3362 inco·

144 3384 249 3444 tumis:
270 3392 371 3445 manet
391 3392 501 3446 autem.
531 3384 672 3447 virtutem
693 3388 773 3447 enim
787 3388 929 3461 intellego
944 3387 1114 3447 animosam

102 3470 173 3524 ltlet
184 3469 353 3539 excelsam,
376 3485 467 3541 quam
482 3470 599 3543 incitat,
622 3468 768 3545 quicquid
781 3471 914 3531 infestat
945 3470 1035 3531 Hunc
1049 3467 1112 3529 ani·
