2468 3930
421 351 454 431 ι.
480 347 619 431 mittut
645 346 815 430 stituit

485 502 534 552 ΑΙ)
563 499 754 553 LUCILIUM

175 618 664 721 EPISTULARUM
707 616 1070 716 tttttttttttt

511 783 644 845 LIBER
671 784 737 845 XV.

443 1067 659 1125 EPISTULA
679 1069 701 1123 i.
724 1069 794 1138 (93.)

385 1165 496 1217 Suuuca
513 1166 624 1217 Lucumo
645 1175 697 1214 suo
717 1175 856 1217 suturam.

105 1288 120 1341 1
216 1265 1114 1345 lnepistula,quademorthetronactisphi-

131 1353 289 1429 losophi
304 1352 550 1428 querebaris,
568 1359 757 1426 tamquam
773 1358 809 1410 et
823 1349 1021 1424 potuisset
1036 1350 1114 1410 diu·

131 1437 355 1500 tiusvivare
371 1444 406 1496 et
420 1435 633 1510 debuisset,
652 1435 998 1509 acquitatemtuam
1012 1434 1113 1517 desi·

133 1519 281 1592 duravi,
305 1535 385 1595 quaa
399 1518 452 1580 tibi
467 1519 496 1580 in
516 1520 596 1580 omni
611 1534 759 1594 persona,
777 1519 807 1577 in
825 1516 907 1578 omni
922 1517 1046 1592 negotio
1061 1535 1113 1578 su-

132 1612 249 1679 perest,
274 1602 304 1662 in
325 1619 385 1663 una
404 1620 439 1664 re
458 1604 560 1676 deest,
581 1602 612 1662 in
628 1618 691 1678 qua
705 1603 862 1664 omuibus=
882 1602 993 1662 multos
1011 1601 1114 1661 inveni

133 1703 251 1762 aequos
267 1687 419 1748 adversus
434 1686 582 1760 homines,
598 1687 749 1747 adversus
766 1686 843 1746 daos
861 1685 1022 1746 nemiuem.
1054 1684 1113 1745 Ob·

132 1772 288 1845 iurgamus
305 1770 416 1830 cotidie
436 1771 543 1830 iatum:
571 1785 689 1845 „quare
710 1770 760 1829 illc
780 1770 809 1829 in
833 1770 934 1830 medio
957 1785 1052 1829 cursu
1065 1785 1116 1829 ra-

133 1861 203 1930 ptus
215 1860 283 1915 esti
298 1869 393 1928 quare
405 1853 456 1914 illa
471 1870 532 1914 non
544 1853 682 1929 rapitur?
697 1869 793 1927 quare
809 1861 997 1915 senectutem
1008 1858 1040 1911 et
1053 1853 1112 1912 sibi

104 1946 162 2016 2et
175 1938 243 1998 aliis
258 1953 381 2013 gravem
396 1938 574 1999 extenditt“
615 1937 736 2011 Utrum,
759 1937 890 1999 obsecro
912 1945 956 2010 te,
983 1936 1112 2011 aequius

132 2022 267 2097 iudicas,
281 2029 310 2082 te
325 2028 451 2082 naturae
465 2038 503 2081 au
521 2021 574 2082 tibi
590 2037 699 2096 parere
719 2028 878 2082 naturam?
920 2018 992 2096 quid
1013 2028 1114 2080 autem

133 2107 273 2179 interest,
302 2105 467 2182 quamcito
484 2122 595 2181 exeas,
620 2106 829 2183 undantique
850 2105 1025 2166 exeundum
1046 2109 1115 2165 esti

132 2190 197 2250 Non
214 2197 247 2251 ut
262 2188 313 2250 diu
328 2189 467 2251 vivamus
483 2191 652 2252 curandum
667 2197 728 2264 est,
758 2191 815 2251 sed
835 2197 869 2251 ut
884 2191 968 2250 satis.
997 2204 1068 2248 nam
1082 2193 1115 2248 ιιι

133 2273 186 2335 diu
202 2274 299 2349 vivas,
315 2274 377 2335 fato
390 2291 469 2350 opus
484 2282 541 2350 est,
553 2280 586 2335 ut
599 2274 689 2349 satis,
705 2274 815 2334 animo.
860 2275 966 2349 Longa
982 2280 1030 2334 est
1043 2271 1113 2343 vita,

133 2358 159 2419 si
173 2359 263 2434 plena
280 2365 335 2419 est.
349 2358 481 2433 inpletur
491 2366 601 2434 autem,
616 2375 684 2420 cum
696 2359 816 2419 animus
826 2358 884 2419 sibi
897 2358 1014 2418 bonum
1026 2372 1114 2418 suum

104 2441 265 2513 5reddidit
285 2443 375 2503 etad
398 2458 433 2503 se
454 2449 638 2517 potestatem
664 2440 713 2503 sui
734 2442 895 2503 transtulit.
932 2441 1010 2516 Quid
1031 2441 1113 2501 ilium

133 2527 287 2601 octoginta
301 2525 372 2585 anni
384 2523 491 2587 iuvant
506 2543 561 2602 per
581 2525 718 2587 inertiam
734 2527 856 2587 exacti?
875 2541 937 2585 non
953 2522 1031 2585 vixit
1047 2525 1113 2596 iste,

132 2610 189 2670 sed
210 2608 240 2669 in
259 2609 320 2669 vita
335 2618 470 2671 moratus
490 2619 553 2686 est,
574 2625 632 2670 nec
646 2625 717 2671 sero
733 2615 872 2670 mortuus
887 2615 949 2682 est,
974 2608 1031 2668 sed
1054 2607 1114 2668 diu.

132 2691 312 2767 „Octoginta
327 2692 415 2754 annis
430 2694 537 2754 vixit.“
556 2691 695 2766 Interest,
712 2699 839 2752 mortem
852 2691 919 2751 eius
933 2707 973 2752 ex
987 2708 1049 2767 quo
1065 2690 1115 2752 die

132 2791 286 2836 numeres.
307 2777 355 2852 ††
381 2776 562 2853 „Octoginta
582 2776 670 2837 annis
690 2776 795 2835 vixit.“
836 2775 931 2835 Immo
960 2775 1116 2849 octoginta

133 2860 220 2918 annis
236 2858 324 2934 tuit,
340 2861 399 2920 nisi
414 2862 492 2923 sorte
511 2862 557 2921 sic
569 2860 723 2921 vixisse
743 2875 812 2919 eum
833 2857 925 2930 dicis
957 2860 1114 2932 quomodo

104 2943 274 3016 adicuntur
293 2943 420 3004 arbores
442 2946 557 3005 vivere.
597 2945 694 3021 †„At
713 2943 764 3003 iile
779 2942 854 3006 obiit
869 2940 1008 3001 viridis“
1051 2940 1115 3000 Sed

133 3026 236 3090 officia
250 3027 323 3089 boni
342 3029 433 3104 οἰνίε,
447 3028 520 3090 boni
536 3029 640 3102 amici,
657 3028 730 3088 boni
747 3027 799 3088 iiiii
816 3031 981 3087 exsecutus
1002 3031 1064 3084 est:
1084 3023 1113 3084 in

132 3114 215 3172 uuila
229 3119 315 3187 parte
331 3113 473 3174 cessavit.
507 3113 578 3174 licet
598 3120 684 3173 aetas
705 3113 771 3173 eius
787 3111 955 3187 inperfecta
978 3109 1032 3182 sit,
1055 3109 1116 3168 vitu

133 3196 270 3272 perfecta
286 3200 376 3273 est.†
397 3195 533 3259 Obsecro
549 3204 588 3270 te,
604 3196 709 3269 Lucili,
724 3196 785 3257 hoc
799 3211 937 3273 agamus,
962 3201 996 3254 ut
1011 3209 1115 3269 quem-

132 3280 297 3341 admodum
314 3281 450 3356 pretiosa
464 3296 566 3342 rerum
584 3279 631 3342 sic
644 3281 706 3341 vita
721 3287 828 3342 nostra
844 3296 906 3340 nou
922 3279 1046 3339 muitum
1061 3293 1114 3352 pa·

131 3370 202 3437 teat,
223 3364 279 3423 sed
295 3365 419 3425 multum
432 3365 573 3439 pendeat.
590 3371 661 3425 actu
675 3365 755 3425 ittam
774 3363 942 3433 metiamur,
959 3378 1022 3422 nou
1040 3368 1111 3421 tem·

132 3461 218 3519 pore.
252 3448 308 3507 Vis
324 3449 422 3520 scire,
447 3447 520 3523 quid
541 3449 618 3509 inter
636 3448 719 3508 hunc
732 3447 864 3520 intersit,
884 3451 1028 3520 vegetum
1043 3460 1115 3505 cou-
