2468 3930
205 209 269 275 856
500 212 534 272 L.
554 210 702 270 ANNAEl
724 209 899 271 SENECAE

206 366 281 426 bus:
305 363 389 440 quod
404 367 556 437 superest,
572 363 699 437 segnius
714 369 744 422 ct
759 361 932 438 languidius
947 368 998 422 est
1010 366 1042 421 et
1059 361 1191 436 propius

206 449 309 510 atine.
330 447 434 521 itaque
448 452 510 505 toto
526 445 586 505 boe
600 461 727 520 agamus
743 445 843 507 animo
859 453 890 507 ει
903 444 1038 519 omissis,
1054 444 1192 521 adquae

207 532 405 601 devertimur,
428 529 459 588 in
480 545 544 588 rem
565 546 656 589 unam
676 529 866 605 laboremus,
886 545 927 589 ne
944 528 1026 588 hanc
1039 528 1191 604 temporis

207 611 412 691 pernicissimi
432 613 630 687 celeritatem,
658 629 751 689 quarn
770 614 900 674 retinere
925 627 989 672 non
1008 627 1190 688 possumus,

206 696 303 759 relicti
323 699 446 759 demum
470 697 692 771 intellegamus.
725 696 873 772 primus
900 697 1069 772 quisque
1096 703 1189 756 tam·

208 799 317 858 qaam
339 781 508 856 optimus
530 781 614 840 dics
634 783 754 856 placeat
772 789 802 841 et
821 781 1024 855 redigaturio
1039 786 1189 840 nostnrrn.

165 865 292 941 nequod
313 866 390 941 lugit
403 864 615 940 occupandum
632 872 687 925 cst
731 866 816 924 llaec
832 881 893 925 noo
915 862 1117 938 cogitatam,
1137 865 1190 938 qui

207 950 395 1024 grammatici
417 949 514 1010 oculis
537 964 658 1008 cannen
680 948 762 1008 istud
784 948 871 1023 legit,
893 947 982 1008 ideo
1005 946 1189 1022 optimum

208 1049 400 1109 quamque
422 1033 580 1108 primum
600 1047 689 1092 esse
710 1033 822 1107 diem,
846 1032 918 1107 quia
933 1031 1066 1093 subeunt
1082 1029 1188 1103 morbi,

208 1115 282 1192 quia
298 1124 441 1178 senectus
457 1116 567 1191 premit
579 1122 609 1175 ct
622 1115 722 1175 adhuc
734 1115 975 1176 adulescentiam
985 1115 1189 1190 cogitantibus

207 1217 303 1276 supra
327 1208 419 1276 eaput
441 1208 504 1274 est,
530 1199 586 1259 sed
607 1198 649 1260 ait
662 1200 831 1274 Vergilium
850 1215 973 1274 semper
990 1214 1053 1259 una
1073 1213 1189 1273 ponere

206 1286 362 1346 morbos
389 1290 424 1343 et
449 1289 705 1343 senectutem:
734 1299 797 1345 non
823 1283 1014 1344 mehercules
1038 1280 1188 1344 inmerito.

165 1374 350 1429 assenectus
367 1370 447 1427 enim
463 1366 640 1428 insanabilis
652 1368 779 1428 morbus
795 1376 852 1428 est
877 1366 1070 1442 „Praeterea
1083 1366 1187 1441 inquit,

208 1452 268 1513 boc
283 1450 433 1512 senectuti
453 1466 623 1525 cognomen
641 1451 790 1527 inposuit,
814 1453 964 1512 tristem
986 1449 1070 1511 illam
1084 1459 1186 1512 vocat:

372 1536 497 1596 snbmmt
509 1535 604 1595 morbi
617 1538 805 1612 tristisque
817 1545 958 1596 sonemus.

208 1618 268 1679 alio
282 1620 351 1679 loeo
369 1617 454 1679 dicit=

289 1705 494 1778 pollentesque
506 1698 641 1762 bobitom
652 1704 748 1763 morbi
759 1705 908 1778 oretisque
922 1707 1086 1764 ammas.“

207 1785 274 1845 Non
296 1792 358 1860 est,
381 1786 465 1861 quod
484 1786 604 1846 mireris
625 1802 666 1845 ex
686 1787 794 1846 eadem
814 1787 939 1847 matoria
954 1785 1020 1847 suis
1036 1799 1186 1862 quemque

209 1866 320 1930 studiis
332 1877 405 1944 apta
415 1869 576 1944 colligere:
591 1869 623 1929 in
637 1870 747 1930 eodem
758 1878 845 1946 prato
855 1871 914 1931 bos
923 1869 1051 1930 herbam
1062 1869 1187 1944 quaerit

164 1951 293 2013 dooams
309 1954 462 2028 leporem,
485 1953 603 2013 ciconia
619 1956 773 2015 lacertam.
818 1955 893 2015 Cum
909 1951 1062 2015 Ciceronis
1078 1951 1187 2013 librum

206 2036 253 2096 de
285 2037 492 2112 republica
518 2037 640 2112 prendit
663 2036 736 2098 hinc
762 2037 939 2113 philologus
963 2033 1090 2112 aliquis,
1118 2035 1187 2096 bino

207 2121 433 2196 grammaticus,
448 2121 520 2182 hinc
536 2121 750 2197 philosophiae
765 2122 901 2196 deditus,
917 2122 995 2182 alius
1009 2119 1069 2181 alie
1086 2134 1186 2181 curem

208 2219 297 2264 suom
311 2205 413 2266 mittite
436 2205 641 2281 philosophus
656 2206 823 2267 admiratur
843 2213 950 2266 contra
969 2203 1115 2267 iustitiam
1131 2203 1187 2265 dici

207 2294 269 2348 tarn
283 2291 377 2349 multa
390 2288 541 2365 potuisse.
563 2305 631 2350 eum
648 2290 688 2349 ad
705 2290 785 2349 hane
798 2291 935 2350 eamdem
950 2289 1114 2350 medonem
1126 2286 1186 2365 pbi-

207 2372 329 2449 lologus
342 2374 483 2449 accessit,
495 2373 555 2433 hoe
567 2373 726 2435 subnotem
746 2373 828 2434 duos
837 2375 996 2435 Romanos
1005 2388 1101 2448 reges
1110 2386 1186 2445 esse,

209 2472 340 2532 quorum
363 2459 439 2519 alter
460 2465 577 2533 patrem
597 2457 778 2530 nonhabet,
801 2460 876 2518 alter
893 2464 1038 2518 matremr
1060 2473 1133 2518 nam
1150 2455 1187 2515 de

208 2539 308 2600 Servii
322 2548 418 2602 matre
433 2541 597 2603 dubitatur.
624 2542 704 2602 Anci
720 2547 808 2617 pater
826 2541 942 2604 nullust
961 2542 1187 2617 Numaouepos

166 2627 200 2683 31
209 2623 327 2684 dieitur.
370 2624 532 2686 Praeterea
549 2632 634 2686 notat
647 2642 731 2700 eum,
754 2642 845 2701 quem
867 2643 925 2687 nos
946 2625 1127 2687 dictatorem
1145 2623 1187 2684 di·

208 2707 306 2767 cimus
321 2707 395 2766 etin
409 2707 544 2770 historiis
562 2708 604 2768 ita
616 2709 765 2770 nominari
779 2709 925 2786 legimus,
946 2710 1030 2786 apud
1045 2710 1187 2786 antiquos

207 2790 432 2864 magistrum
456 2792 594 2868 populi
621 2800 774 2855 vocatum.
806 2795 961 2870 hodieque
987 2792 1021 2854 id
1040 2792 1188 2856 examin

210 2871 406 2948 auguralibus
427 2874 512 2936 libris
536 2883 566 2937 ει
587 2877 791 2939 testimonium
807 2886 868 2952 est,
893 2877 994 2954 quod,
1015 2878 1070 2955 qui
1085 2878 1126 2939 ab
1138 2876 1187 2939 illo

207 2955 388 3032 nominatur,
408 2959 597 3034 magister
616 2963 787 3037 equitum
802 2969 858 3024 est.
902 2963 1013 3038 deque
1028 2969 1115 3024 notat
1129 2960 1186 3024 tto

208 3041 320 3102 mulum
336 3042 457 3117 perisse
473 3044 549 3105 solis
564 3044 752 3107 delectione:
775 3047 1024 3122 provocationem
1040 3045 1081 3107 ad
1092 3060 1189 3121 popu·

208 3125 270 3186 lum
288 3125 378 3187 etiam
401 3143 420 3186 a
437 3128 564 3204 regibus
579 3129 693 3191 brisso:
714 3130 746 3190 id
761 3131 803 3190 ita
815 3131 845 3190 in
864 3130 1092 3206 pontificalibus
1106 3126 1189 3191 libris

165 3214 238 3270 stet
252 3208 303 3269 alii
318 3211 447 3287 [quiqui]
465 3218 572 3287 putant
591 3220 623 3274 ot
635 3212 816 3276 Fenestella.
859 3214 995 3276 Eosdem
1009 3214 1107 3276 libros
1122 3228 1190 3275 eum

208 3296 424 3368 grammaticus
439 3296 593 3372 explicuit,
612 3298 743 3373 primurn
757 3299 854 3361 verba
868 3314 1028 3375 expressa,
1047 3310 1190 3375 reapse

208 3377 268 3437 dici
283 3394 303 3438 a
318 3378 473 3456 cicerone,
489 3381 520 3441 id
536 3388 584 3443 est
598 3398 639 3442 re
658 3382 668 3443 i
674 3399 760 3460 psa,
774 3384 804 3443 in
820 3383 1072 3445 commentarium
1088 3383 1188 3455 reiut,

208 3476 267 3522 nec
280 3463 381 3526 minus
396 3481 526 3542 sepse,
541 3467 573 3527 id
588 3475 636 3527 est
649 3482 690 3529 so
708 3468 805 3543 ipse.
829 3468 947 3530 Deinde
961 3468 1073 3530 transit
1089 3467 1131 3529 ad
1144 3480 1189 3542 ee,
