<?xml version="1.0" encoding="UTF-8"?>
<!DOCTYPE html PUBLIC "-//W3C//DTD XHTML 1.0 Transitional//EN"
    "http://www.w3.org/TR/xhtml1/DTD/xhtml1-transitional.dtd">
<html xmlns="http://www.w3.org/1999/xhtml" xml:lang="en" lang="en">
 <head>
  <title>
</title>
<meta http-equiv="Content-Type" content="text/html;charset=utf-8" />
  <meta name='ocr-system' content='tesseract 3.04.00' />
  <meta name='ocr-capabilities' content='ocr_page ocr_carea ocr_par ocr_line ocrx_word'/>
</head>
<body>
  <div class='ocr_page' id='page_1' title='image "./lannaeisenecaeo00haasgoog_0056.png"; bbox 0 0 2468 3930; ppageno 0'>
   <div class='ocr_carea' id='block_1_1' title="bbox 245 224 1085 293">
    <p class='ocr_par' dir='ltr' id='par_1_1' title="bbox 245 224 1085 293">
     <span class='ocr_line' id='line_1_1' title="bbox 245 224 1085 293; baseline 0.008 -7"><span class='ocrx_word' id='word_1_1' title='bbox 245 264 248 269; x_wconf 94' lang='lat'>-</span> <span class='ocrx_word' id='word_1_2' title='bbox 288 224 457 287; x_wconf 83' lang='lat' dir='ltr'>EPISTUL.</span> <span class='ocrx_word' id='word_1_3' title='bbox 474 226 568 287; x_wconf 86' lang='lat' dir='ltr'><strong>MOR.</strong></span> <span class='ocrx_word' id='word_1_4' title='bbox 590 227 663 286; x_wconf 87' lang='lat' dir='ltr'><strong>LIB.</strong></span> <span class='ocrx_word' id='word_1_5' title='bbox 678 227 701 285; x_wconf 91' lang='grc' dir='ltr'><strong>Ι.</strong></span> <span class='ocrx_word' id='word_1_6' title='bbox 720 225 780 287; x_wconf 85' lang='grc' dir='ltr'><strong>ΕΡ.</strong></span> <span class='ocrx_word' id='word_1_7' title='bbox 801 234 904 290; x_wconf 75' lang='grc'><strong>1111.</strong></span> <span class='ocrx_word' id='word_1_8' title='bbox 1043 229 1085 293; x_wconf 78' lang='lat'><strong>23</strong></span> 
     </span>
    </p>
   </div>
   <div class='ocr_carea' id='block_1_2' title="bbox 99 377 1115 3462">
    <p class='ocr_par' dir='ltr' id='par_1_2' title="bbox 99 377 1115 3462">
     <span class='ocr_line' id='line_1_2' title="bbox 106 377 1083 456; baseline 0 -15"><span class='ocrx_word' id='word_1_9' title='bbox 106 382 134 441; x_wconf 93' lang='lat' dir='ltr'><strong>si</strong></span> <span class='ocrx_word' id='word_1_10' title='bbox 157 379 334 454; x_wconf 80' lang='lat' dir='ltr'><strong>irrigaret.“</strong></span> <span class='ocrx_word' id='word_1_11' title='bbox 369 377 450 438; x_wconf 88' lang='lat' dir='ltr'><strong>Iurat</strong></span> <span class='ocrx_word' id='word_1_12' title='bbox 472 378 669 453; x_wconf 77' lang='lat' dir='ltr'><strong>pergenium</strong></span> <span class='ocrx_word' id='word_1_13' title='bbox 689 394 791 438; x_wconf 90' lang='lat' dir='ltr'><strong>meum</strong></span> <span class='ocrx_word' id='word_1_14' title='bbox 805 394 841 439; x_wconf 90' lang='lat' dir='ltr'><strong>se</strong></span> <span class='ocrx_word' id='word_1_15' title='bbox 856 380 958 440; x_wconf 89' lang='lat' dir='ltr'><strong>omnia</strong></span> <span class='ocrx_word' id='word_1_16' title='bbox 972 380 1083 456; x_wconf 87' lang='lat' dir='ltr'><strong>lacere,</strong></span> 
     </span>
     <span class='ocr_line' id='line_1_3' title="bbox 105 462 1084 536; baseline -0.002 -12"><span class='ocrx_word' id='word_1_17' title='bbox 105 465 137 524; x_wconf 92' lang='lat' dir='ltr'><strong>in</strong></span> <span class='ocrx_word' id='word_1_18' title='bbox 158 464 243 524; x_wconf 90' lang='lat' dir='ltr'><strong>nulla</strong></span> <span class='ocrx_word' id='word_1_19' title='bbox 262 477 297 521; x_wconf 90' lang='lat' dir='ltr'><strong>re</strong></span> <span class='ocrx_word' id='word_1_20' title='bbox 318 476 443 522; x_wconf 85' lang='lat' dir='ltr'><strong>cessere</strong></span> <span class='ocrx_word' id='word_1_21' title='bbox 464 477 567 521; x_wconf 88' lang='lat' dir='ltr'><strong>curam</strong></span> <span class='ocrx_word' id='word_1_22' title='bbox 588 478 689 536; x_wconf 85' lang='lat' dir='ltr'><strong>suam,</strong></span> <span class='ocrx_word' id='word_1_23' title='bbox 712 462 769 522; x_wconf 90' lang='lat' dir='ltr'><strong>sed</strong></span> <span class='ocrx_word' id='word_1_24' title='bbox 784 463 852 522; x_wconf 88' lang='lat' dir='ltr'><strong>illas</strong></span> <span class='ocrx_word' id='word_1_25' title='bbox 867 464 985 524; x_wconf 88' lang='lat' dir='ltr'><strong>vetulas</strong></span> <span class='ocrx_word' id='word_1_26' title='bbox 1001 480 1084 524; x_wconf 89' lang='lat' dir='ltr'><strong>esse.</strong></span> 
     </span>
     <span class='ocr_line' id='line_1_4' title="bbox 106 544 1083 623; baseline 0 -15"><span class='ocrx_word' id='word_1_27' title='bbox 106 548 197 622; x_wconf 84' lang='lat' dir='ltr'><strong>Quod</strong></span> <span class='ocrx_word' id='word_1_28' title='bbox 209 548 288 607; x_wconf 89' lang='lat' dir='ltr'><strong>intra</strong></span> <span class='ocrx_word' id='word_1_29' title='bbox 302 562 361 606; x_wconf 95' lang='lat' dir='ltr'><strong>nos</strong></span> <span class='ocrx_word' id='word_1_30' title='bbox 378 544 431 617; x_wconf 91' lang='lat' dir='ltr'><strong>sit,</strong></span> <span class='ocrx_word' id='word_1_31' title='bbox 454 560 512 619; x_wconf 80' lang='lat' dir='ltr'><strong>ego</strong></span> <span class='ocrx_word' id='word_1_32' title='bbox 526 545 593 605; x_wconf 91' lang='lat' dir='ltr'><strong>illas</strong></span> <span class='ocrx_word' id='word_1_33' title='bbox 610 561 789 620; x_wconf 82' lang='lat' dir='ltr'><strong>posueram,</strong></span> <span class='ocrx_word' id='word_1_34' title='bbox 808 561 866 620; x_wconf 79' lang='lat' dir='ltr'><strong>ego</strong></span> <span class='ocrx_word' id='word_1_35' title='bbox 889 546 1006 607; x_wconf 89' lang='lat' dir='ltr'><strong>illarum</strong></span> <span class='ocrx_word' id='word_1_36' title='bbox 1022 548 1083 623; x_wconf 87' lang='lat' dir='ltr'><strong>pri-</strong></span> 
     </span>
     <span class='ocr_line' id='line_1_5' title="bbox 104 628 1115 705; baseline 0.001 -14"><span class='ocrx_word' id='word_1_37' title='bbox 104 648 187 691; x_wconf 93' lang='lat' dir='ltr'><strong>mum</strong></span> <span class='ocrx_word' id='word_1_38' title='bbox 202 630 341 690; x_wconf 89' lang='lat' dir='ltr'><strong>videram</strong></span> <span class='ocrx_word' id='word_1_39' title='bbox 358 629 476 689; x_wconf 86' lang='lat' dir='ltr'><strong>lolium.</strong></span> <span class='ocrx_word' id='word_1_40' title='bbox 506 629 680 697; x_wconf 82' lang='lat' dir='ltr'><strong>Conversus</strong></span> <span class='ocrx_word' id='word_1_41' title='bbox 696 628 736 688; x_wconf 90' lang='lat' dir='ltr'><strong>ad</strong></span> <span class='ocrx_word' id='word_1_42' title='bbox 751 629 887 689; x_wconf 85' lang='lat' dir='ltr'><strong>ianuam=</strong></span> <span class='ocrx_word' id='word_1_43' title='bbox 910 632 1010 705; x_wconf 91' lang='lat' dir='ltr'><strong>„quis</strong></span> <span class='ocrx_word' id='word_1_44' title='bbox 1025 638 1081 705; x_wconf 92' lang='lat' dir='ltr'><strong>est,</strong></span> <span class='ocrx_word' id='word_1_45' title='bbox 1097 646 1115 700; x_wconf 84' lang='lat'><strong>3</strong></span> 
     </span>
     <span class='ocr_line' id='line_1_6' title="bbox 104 711 1083 791; baseline 0.001 -16"><span class='ocrx_word' id='word_1_46' title='bbox 104 716 243 791; x_wconf 88' lang='lat' dir='ltr'><strong>inquam,</strong></span> <span class='ocrx_word' id='word_1_47' title='bbox 265 713 324 773; x_wconf 90' lang='lat' dir='ltr'><strong>iste</strong></span> <span class='ocrx_word' id='word_1_48' title='bbox 342 711 523 786; x_wconf 88' lang='lat' dir='ltr'><strong>decrepitus</strong></span> <span class='ocrx_word' id='word_1_49' title='bbox 544 718 574 772; x_wconf 93' lang='lat' dir='ltr'><strong>et</strong></span> <span class='ocrx_word' id='word_1_50' title='bbox 587 713 702 772; x_wconf 87' lang='lat' dir='ltr'><strong>merito</strong></span> <span class='ocrx_word' id='word_1_51' title='bbox 725 712 765 770; x_wconf 89' lang='lat' dir='ltr'><strong>ad</strong></span> <span class='ocrx_word' id='word_1_52' title='bbox 786 711 899 773; x_wconf 90' lang='lat' dir='ltr'><strong>ostium</strong></span> <span class='ocrx_word' id='word_1_53' title='bbox 919 713 1083 776; x_wconf 69' lang='lat' dir='ltr'><strong>admotus?</strong></span> 
     </span>
     <span class='ocr_line' id='line_1_7' title="bbox 104 795 1083 872; baseline 0 -14"><span class='ocrx_word' id='word_1_54' title='bbox 104 799 188 860; x_wconf 86' lang='lat' dir='ltr'><strong>iores</strong></span> <span class='ocrx_word' id='word_1_55' title='bbox 204 797 284 860; x_wconf 90' lang='lat' dir='ltr'><strong>enim</strong></span> <span class='ocrx_word' id='word_1_56' title='bbox 299 803 427 871; x_wconf 85' lang='lat' dir='ltr'><strong>spectat.</strong></span> <span class='ocrx_word' id='word_1_57' title='bbox 455 795 538 856; x_wconf 90' lang='lat' dir='ltr'><strong>unde</strong></span> <span class='ocrx_word' id='word_1_58' title='bbox 557 796 657 856; x_wconf 90' lang='lat' dir='ltr'><strong>istunc</strong></span> <span class='ocrx_word' id='word_1_59' title='bbox 672 802 800 855; x_wconf 89' lang='lat' dir='ltr'><strong>nanctus</strong></span> <span class='ocrx_word' id='word_1_60' title='bbox 820 798 877 856; x_wconf 77' lang='grc' dir='ltr'><strong>εει</strong></span> <span class='ocrx_word' id='word_1_61' title='bbox 899 797 973 872; x_wconf 92' lang='lat' dir='ltr'><strong>quid</strong></span> <span class='ocrx_word' id='word_1_62' title='bbox 986 806 1016 858; x_wconf 90' lang='lat' dir='ltr'><strong>te</strong></span> <span class='ocrx_word' id='word_1_63' title='bbox 1030 799 1083 859; x_wconf 50' lang='lat' dir='ltr'><strong>deu</strong></span> 
     </span>
     <span class='ocr_line' id='line_1_8' title="bbox 102 879 1081 955; baseline 0 -12"><span class='ocrx_word' id='word_1_64' title='bbox 102 881 228 942; x_wconf 81' lang='lat' dir='ltr'><strong>lactavit</strong></span> <span class='ocrx_word' id='word_1_65' title='bbox 246 880 378 940; x_wconf 91' lang='lat' dir='ltr'><strong>alienum</strong></span> <span class='ocrx_word' id='word_1_66' title='bbox 398 886 549 939; x_wconf 89' lang='lat' dir='ltr'><strong>mortuum</strong></span> <span class='ocrx_word' id='word_1_67' title='bbox 570 881 721 939; x_wconf 78' lang='lat' dir='ltr'><strong>tolleret‘⁴</strong></span> <span class='ocrx_word' id='word_1_68' title='bbox 759 879 800 939; x_wconf 93' lang='grc' dir='ltr'><strong>Αι</strong></span> <span class='ocrx_word' id='word_1_69' title='bbox 819 879 883 939; x_wconf 87' lang='lat' dir='ltr'><strong>ille:</strong></span> <span class='ocrx_word' id='word_1_70' title='bbox 911 898 1010 955; x_wconf 90' lang='lat' dir='ltr'><strong>,‚,non</strong></span> <span class='ocrx_word' id='word_1_71' title='bbox 1031 898 1081 943; x_wconf 91' lang='lat' dir='ltr'><strong>co-</strong></span> 
     </span>
     <span class='ocr_line' id='line_1_9' title="bbox 103 962 1081 1041; baseline -0.003 -15"><span class='ocrx_word' id='word_1_72' title='bbox 103 964 231 1040; x_wconf 81' lang='lat' dir='ltr'><strong>gnoscis</strong></span> <span class='ocrx_word' id='word_1_73' title='bbox 245 971 315 1023; x_wconf 84' lang='lat' dir='ltr'><strong>met</strong></span> <span class='ocrx_word' id='word_1_74' title='bbox 334 963 447 1038; x_wconf 81' lang='lat' dir='ltr'><strong>inquit=</strong></span> <span class='ocrx_word' id='word_1_75' title='bbox 476 978 534 1036; x_wconf 83' lang='lat' dir='ltr'><strong>ego</strong></span> <span class='ocrx_word' id='word_1_76' title='bbox 556 978 623 1023; x_wconf 89' lang='lat' dir='ltr'><strong>sum</strong></span> <span class='ocrx_word' id='word_1_77' title='bbox 637 962 766 1035; x_wconf 87' lang='lat' dir='ltr'><strong>Felicio,</strong></span> <span class='ocrx_word' id='word_1_78' title='bbox 791 963 839 1023; x_wconf 92' lang='lat' dir='ltr'><strong>cui</strong></span> <span class='ocrx_word' id='word_1_79' title='bbox 860 964 984 1026; x_wconf 90' lang='lat' dir='ltr'><strong>solebas</strong></span> <span class='ocrx_word' id='word_1_80' title='bbox 1000 966 1081 1041; x_wconf 84' lang='lat' dir='ltr'><strong>sigil-</strong></span> 
     </span>
     <span class='ocr_line' id='line_1_10' title="bbox 103 1045 1081 1120; baseline 0 -11"><span class='ocrx_word' id='word_1_81' title='bbox 103 1049 180 1109; x_wconf 89' lang='lat' dir='ltr'><strong>laria</strong></span> <span class='ocrx_word' id='word_1_82' title='bbox 199 1047 331 1107; x_wconf 87' lang='lat' dir='ltr'><strong>adlerrc.</strong></span> <span class='ocrx_word' id='word_1_83' title='bbox 365 1062 423 1120; x_wconf 81' lang='lat' dir='ltr'><strong>ego</strong></span> <span class='ocrx_word' id='word_1_84' title='bbox 448 1063 515 1106; x_wconf 92' lang='lat' dir='ltr'><strong>sum</strong></span> <span class='ocrx_word' id='word_1_85' title='bbox 530 1045 666 1108; x_wconf 81' lang='lat' dir='ltr'><strong>Philositi</strong></span> <span class='ocrx_word' id='word_1_86' title='bbox 686 1046 766 1106; x_wconf 91' lang='lat' dir='ltr'><strong>vilici</strong></span> <span class='ocrx_word' id='word_1_87' title='bbox 789 1046 885 1120; x_wconf 87' lang='lat' dir='ltr'><strong>filius,</strong></span> <span class='ocrx_word' id='word_1_88' title='bbox 909 1048 1081 1109; x_wconf 89' lang='lat' dir='ltr'><strong>deliciolum</strong></span> 
     </span>
     <span class='ocr_line' id='line_1_11' title="bbox 103 1129 1082 1205; baseline 0 -12"><span class='ocrx_word' id='word_1_89' title='bbox 103 1136 228 1193; x_wconf 87' lang='lat' dir='ltr'><strong>tuum.‘“</strong></span> <span class='ocrx_word' id='word_1_90' title='bbox 260 1129 436 1205; x_wconf 89' lang='lat' dir='ltr'><strong>„Perlecte,</strong></span> <span class='ocrx_word' id='word_1_91' title='bbox 458 1129 598 1205; x_wconf 85' lang='lat' dir='ltr'><strong>inquam,</strong></span> <span class='ocrx_word' id='word_1_92' title='bbox 618 1130 676 1190; x_wconf 90' lang='lat' dir='ltr'><strong>iste</strong></span> <span class='ocrx_word' id='word_1_93' title='bbox 691 1129 808 1188; x_wconf 83' lang='lat' dir='ltr'><strong>delirat.</strong></span> <span class='ocrx_word' id='word_1_94' title='bbox 841 1131 977 1204; x_wconf 92' lang='lat' dir='ltr'><strong>pupulus</strong></span> <span class='ocrx_word' id='word_1_95' title='bbox 993 1133 1082 1192; x_wconf 86' lang='lat' dir='ltr'><strong>etiam</strong></span> 
     </span>
     <span class='ocr_line' id='line_1_12' title="bbox 104 1212 1081 1288; baseline -0.002 -11"><span class='ocrx_word' id='word_1_96' title='bbox 104 1215 245 1277; x_wconf 82' lang='lat' dir='ltr'><strong>delicium</strong></span> <span class='ocrx_word' id='word_1_97' title='bbox 265 1230 366 1275; x_wconf 91' lang='lat' dir='ltr'><strong>meum</strong></span> <span class='ocrx_word' id='word_1_98' title='bbox 389 1215 486 1274; x_wconf 88' lang='lat' dir='ltr'><strong>lactus</strong></span> <span class='ocrx_word' id='word_1_99' title='bbox 508 1219 576 1273; x_wconf 69' lang='lat' dir='ltr'><strong>est?</strong></span> <span class='ocrx_word' id='word_1_100' title='bbox 596 1229 726 1288; x_wconf 89' lang='lat' dir='ltr'><strong>prorsus</strong></span> <span class='ocrx_word' id='word_1_101' title='bbox 748 1218 850 1287; x_wconf 92' lang='lat' dir='ltr'><strong>potest</strong></span> <span class='ocrx_word' id='word_1_102' title='bbox 865 1212 946 1271; x_wconf 82' lang='lat' dir='ltr'><strong>lieri:</strong></span> <span class='ocrx_word' id='word_1_103' title='bbox 973 1215 1081 1275; x_wconf 91' lang='lat' dir='ltr'><strong>dentes</strong></span> 
     </span>
     <span class='ocr_line' id='line_1_13' title="bbox 101 1298 527 1359; baseline 0 0"><span class='ocrx_word' id='word_1_104' title='bbox 101 1299 145 1359; x_wconf 92' lang='lat' dir='ltr'><strong>illi</strong></span> <span class='ocrx_word' id='word_1_105' title='bbox 160 1315 230 1359; x_wconf 92' lang='lat' dir='ltr'><strong>cum</strong></span> <span class='ocrx_word' id='word_1_106' title='bbox 241 1298 371 1357; x_wconf 85' lang='lat' dir='ltr'>maxime</span> <span class='ocrx_word' id='word_1_107' title='bbox 386 1298 527 1359; x_wconf 88' lang='lat' dir='ltr'><strong>cadunt.“</strong></span> 
     </span>
     <span class='ocr_line' id='line_1_14' title="bbox 165 1379 1114 1455; baseline -0.002 -13"><span class='ocrx_word' id='word_1_108' title='bbox 165 1379 1114 1455; x_wconf 81' lang='lat' dir='ltr'><strong>Debeohocsuburbenomeo‚quodmihisenc-4</strong></span> 
     </span>
     <span class='ocr_line' id='line_1_15' title="bbox 102 1463 1080 1540; baseline -0.004 -14"><span class='ocrx_word' id='word_1_109' title='bbox 102 1474 189 1527; x_wconf 91' lang='lat' dir='ltr'><strong>ctus</strong></span> <span class='ocrx_word' id='word_1_110' title='bbox 214 1480 308 1537; x_wconf 87' lang='lat' dir='ltr'><strong>mea,</strong></span> <span class='ocrx_word' id='word_1_111' title='bbox 340 1479 581 1540; x_wconf 89' lang='lat' dir='ltr'><strong>quocumque</strong></span> <span class='ocrx_word' id='word_1_112' title='bbox 601 1463 855 1538; x_wconf 83' lang='lat' dir='ltr'><strong>adverteram,</strong></span> <span class='ocrx_word' id='word_1_113' title='bbox 881 1463 1080 1539; x_wconf 80' lang='lat' dir='ltr'><strong>adparuit=</strong></span> 
     </span>
     <span class='ocr_line' id='line_1_16' title="bbox 102 1547 1080 1624; baseline 0.001 -15"><span class='ocrx_word' id='word_1_114' title='bbox 102 1549 513 1624; x_wconf 87' lang='lat' dir='ltr'><strong>conplectamurillam</strong></span> <span class='ocrx_word' id='word_1_115' title='bbox 529 1555 565 1607; x_wconf 88' lang='lat' dir='ltr'><strong>et</strong></span> <span class='ocrx_word' id='word_1_116' title='bbox 585 1562 768 1608; x_wconf 79' lang='lat' dir='ltr'><strong>amemus:</strong></span> <span class='ocrx_word' id='word_1_117' title='bbox 798 1547 913 1622; x_wconf 89' lang='lat' dir='ltr'><strong>plena</strong></span> <span class='ocrx_word' id='word_1_118' title='bbox 933 1556 995 1609; x_wconf 93' lang='lat' dir='ltr'><strong>est</strong></span> <span class='ocrx_word' id='word_1_119' title='bbox 1013 1565 1080 1610; x_wconf 90' lang='lat' dir='ltr'><strong>vo·</strong></span> 
     </span>
     <span class='ocr_line' id='line_1_17' title="bbox 100 1629 1079 1708; baseline 0 -15"><span class='ocrx_word' id='word_1_120' title='bbox 100 1630 283 1708; x_wconf 81' lang='lat' dir='ltr'><strong>luptatis,</strong></span> <span class='ocrx_word' id='word_1_121' title='bbox 296 1633 329 1692; x_wconf 90' lang='lat' dir='ltr'><strong>si</strong></span> <span class='ocrx_word' id='word_1_122' title='bbox 343 1632 414 1691; x_wconf 90' lang='lat' dir='ltr'><strong>illa</strong></span> <span class='ocrx_word' id='word_1_123' title='bbox 428 1633 533 1692; x_wconf 87' lang='lat' dir='ltr'><strong>scias</strong></span> <span class='ocrx_word' id='word_1_124' title='bbox 548 1632 611 1690; x_wconf 91' lang='lat' dir='ltr'><strong>uti.</strong></span> <span class='ocrx_word' id='word_1_125' title='bbox 629 1629 808 1691; x_wconf 85' lang='lat' dir='ltr'><strong>Gratissima</strong></span> <span class='ocrx_word' id='word_1_126' title='bbox 819 1638 891 1691; x_wconf 92' lang='lat' dir='ltr'><strong>sunt</strong></span> <span class='ocrx_word' id='word_1_127' title='bbox 901 1647 1003 1706; x_wconf 91' lang='lat' dir='ltr'><strong>poma,</strong></span> <span class='ocrx_word' id='word_1_128' title='bbox 1013 1649 1079 1693; x_wconf 90' lang='lat' dir='ltr'><strong>cum</strong></span> 
     </span>
     <span class='ocr_line' id='line_1_18' title="bbox 102 1713 1080 1791; baseline 0 -15"><span class='ocrx_word' id='word_1_129' title='bbox 102 1717 231 1791; x_wconf 83' lang='lat' dir='ltr'><strong>lugiunt.</strong></span> <span class='ocrx_word' id='word_1_130' title='bbox 264 1715 413 1790; x_wconf 89' lang='lat' dir='ltr'><strong>pueritiae</strong></span> <span class='ocrx_word' id='word_1_131' title='bbox 433 1716 583 1774; x_wconf 88' lang='lat' dir='ltr'><strong>maximus</strong></span> <span class='ocrx_word' id='word_1_132' title='bbox 605 1713 635 1774; x_wconf 90' lang='lat' dir='ltr'><strong>in</strong></span> <span class='ocrx_word' id='word_1_133' title='bbox 658 1717 741 1776; x_wconf 88' lang='lat' dir='ltr'><strong>exitu</strong></span> <span class='ocrx_word' id='word_1_134' title='bbox 762 1715 856 1774; x_wconf 89' lang='lat' dir='ltr'><strong>decor</strong></span> <span class='ocrx_word' id='word_1_135' title='bbox 870 1721 927 1775; x_wconf 88' lang='lat' dir='ltr'><strong>est.</strong></span> <span class='ocrx_word' id='word_1_136' title='bbox 959 1716 1080 1777; x_wconf 90' lang='lat' dir='ltr'><strong>deditos</strong></span> 
     </span>
     <span class='ocr_line' id='line_1_19' title="bbox 104 1796 1080 1875; baseline -0.001 -15"><span class='ocrx_word' id='word_1_137' title='bbox 104 1801 174 1860; x_wconf 79' lang='lat' dir='ltr'><strong>tino</strong></span> <span class='ocrx_word' id='word_1_138' title='bbox 188 1800 272 1875; x_wconf 91' lang='lat' dir='ltr'><strong>potio</strong></span> <span class='ocrx_word' id='word_1_139' title='bbox 284 1805 419 1859; x_wconf 86' lang='lat' dir='ltr'><strong>extrema</strong></span> <span class='ocrx_word' id='word_1_140' title='bbox 430 1799 574 1871; x_wconf 86' lang='lat' dir='ltr'><strong>delectet,</strong></span> <span class='ocrx_word' id='word_1_141' title='bbox 586 1799 652 1873; x_wconf 90' lang='lat' dir='ltr'><strong>illa,</strong></span> <span class='ocrx_word' id='word_1_142' title='bbox 665 1815 745 1873; x_wconf 91' lang='lat' dir='ltr'><strong>quae</strong></span> <span class='ocrx_word' id='word_1_143' title='bbox 755 1796 878 1874; x_wconf 77' lang='lat' dir='ltr'><strong>mergit,</strong></span> <span class='ocrx_word' id='word_1_144' title='bbox 892 1815 972 1875; x_wconf 89' lang='lat' dir='ltr'><strong>quae</strong></span> <span class='ocrx_word' id='word_1_145' title='bbox 984 1799 1080 1859; x_wconf 89' lang='lat' dir='ltr'><strong>ebrie-</strong></span> 
     </span>
     <span class='ocr_line' id='line_1_20' title="bbox 101 1881 1112 1958; baseline 0.002 -14"><span class='ocrx_word' id='word_1_146' title='bbox 101 1883 155 1943; x_wconf 91' lang='lat' dir='ltr'><strong>tati</strong></span> <span class='ocrx_word' id='word_1_147' title='bbox 171 1899 320 1944; x_wconf 88' lang='lat' dir='ltr'><strong>summam</strong></span> <span class='ocrx_word' id='word_1_148' title='bbox 336 1899 458 1943; x_wconf 87' lang='lat' dir='ltr'><strong>manum</strong></span> <span class='ocrx_word' id='word_1_149' title='bbox 472 1881 598 1958; x_wconf 91' lang='lat' dir='ltr'><strong>inponit.</strong></span> <span class='ocrx_word' id='word_1_150' title='bbox 627 1881 715 1955; x_wconf 81' lang='lat' dir='ltr'><strong>Quod</strong></span> <span class='ocrx_word' id='word_1_151' title='bbox 733 1884 764 1942; x_wconf 92' lang='lat' dir='ltr'><strong>in</strong></span> <span class='ocrx_word' id='word_1_152' title='bbox 778 1897 813 1942; x_wconf 91' lang='lat' dir='ltr'><strong>se</strong></span> <span class='ocrx_word' id='word_1_153' title='bbox 827 1883 1079 1943; x_wconf 89' lang='lat' dir='ltr'><strong>iucundissimum</strong></span> <span class='ocrx_word' id='word_1_154' title='bbox 1094 1895 1112 1947; x_wconf 81' lang='lat'><strong>5</strong></span> 
     </span>
     <span class='ocr_line' id='line_1_21' title="bbox 102 1965 1080 2042; baseline -0.002 -14"><span class='ocrx_word' id='word_1_155' title='bbox 102 1969 202 2028; x_wconf 91' lang='lat' dir='ltr'><strong>omnis</strong></span> <span class='ocrx_word' id='word_1_156' title='bbox 220 1969 361 2042; x_wconf 89' lang='lat' dir='ltr'><strong>voluptas</strong></span> <span class='ocrx_word' id='word_1_157' title='bbox 375 1966 482 2041; x_wconf 87' lang='lat' dir='ltr'><strong>habet,</strong></span> <span class='ocrx_word' id='word_1_158' title='bbox 503 1965 533 2025; x_wconf 89' lang='lat' dir='ltr'><strong>in</strong></span> <span class='ocrx_word' id='word_1_159' title='bbox 548 1966 640 2025; x_wconf 88' lang='lat' dir='ltr'><strong>finem</strong></span> <span class='ocrx_word' id='word_1_160' title='bbox 656 1967 704 2026; x_wconf 92' lang='lat' dir='ltr'><strong>sui</strong></span> <span class='ocrx_word' id='word_1_161' title='bbox 720 1965 829 2027; x_wconf 80' lang='lat' dir='ltr'><strong>differt.</strong></span> <span class='ocrx_word' id='word_1_162' title='bbox 859 1966 1080 2027; x_wconf 86' lang='lat' dir='ltr'><strong>iucundissima</strong></span> 
     </span>
     <span class='ocr_line' id='line_1_22' title="bbox 101 2049 1080 2126; baseline 0 -15"><span class='ocrx_word' id='word_1_163' title='bbox 101 2057 148 2111; x_wconf 91' lang='lat' dir='ltr'><strong>est</strong></span> <span class='ocrx_word' id='word_1_164' title='bbox 163 2057 249 2111; x_wconf 87' lang='lat' dir='ltr'><strong>actas</strong></span> <span class='ocrx_word' id='word_1_165' title='bbox 264 2050 384 2110; x_wconf 88' lang='lat' dir='ltr'><strong>devexa</strong></span> <span class='ocrx_word' id='word_1_166' title='bbox 398 2049 474 2124; x_wconf 90' lang='lat' dir='ltr'><strong>iam,</strong></span> <span class='ocrx_word' id='word_1_167' title='bbox 488 2066 549 2110; x_wconf 91' lang='lat' dir='ltr'><strong>non</strong></span> <span class='ocrx_word' id='word_1_168' title='bbox 565 2058 664 2111; x_wconf 90' lang='lat' dir='ltr'><strong>tamen</strong></span> <span class='ocrx_word' id='word_1_169' title='bbox 680 2065 841 2126; x_wconf 88' lang='lat' dir='ltr'><strong>praeceps.</strong></span> <span class='ocrx_word' id='word_1_170' title='bbox 864 2050 986 2110; x_wconf 83' lang='lat' dir='ltr'><strong>atillam</strong></span> <span class='ocrx_word' id='word_1_171' title='bbox 1004 2067 1080 2125; x_wconf 94' lang='lat' dir='ltr'><strong>quo·</strong></span> 
     </span>
     <span class='ocr_line' id='line_1_23' title="bbox 103 2134 1079 2210; baseline 0 -16"><span class='ocrx_word' id='word_1_172' title='bbox 103 2151 164 2210; x_wconf 92' lang='lat' dir='ltr'><strong>que</strong></span> <span class='ocrx_word' id='word_1_173' title='bbox 179 2135 209 2194; x_wconf 92' lang='lat' dir='ltr'><strong>in</strong></span> <span class='ocrx_word' id='word_1_174' title='bbox 227 2141 362 2194; x_wconf 89' lang='lat' dir='ltr'><strong>extrema</strong></span> <span class='ocrx_word' id='word_1_175' title='bbox 376 2135 482 2209; x_wconf 80' lang='lat' dir='ltr'><strong>regula</strong></span> <span class='ocrx_word' id='word_1_176' title='bbox 498 2140 627 2194; x_wconf 89' lang='lat' dir='ltr'><strong>stantem</strong></span> <span class='ocrx_word' id='word_1_177' title='bbox 649 2135 751 2194; x_wconf 91' lang='lat' dir='ltr'><strong>iudico</strong></span> <span class='ocrx_word' id='word_1_178' title='bbox 773 2134 888 2194; x_wconf 88' lang='lat' dir='ltr'><strong>habere</strong></span> <span class='ocrx_word' id='word_1_179' title='bbox 902 2150 977 2194; x_wconf 90' lang='lat' dir='ltr'><strong>suas</strong></span> <span class='ocrx_word' id='word_1_180' title='bbox 991 2135 1079 2195; x_wconf 91' lang='lat' dir='ltr'><strong>volu·</strong></span> 
     </span>
     <span class='ocr_line' id='line_1_24' title="bbox 102 2216 1078 2294; baseline -0.001 -15"><span class='ocrx_word' id='word_1_181' title='bbox 102 2224 214 2294; x_wconf 91' lang='lat' dir='ltr'><strong>ptates.</strong></span> <span class='ocrx_word' id='word_1_182' title='bbox 255 2225 306 2278; x_wconf 87' lang='lat' dir='ltr'><strong>aut</strong></span> <span class='ocrx_word' id='word_1_183' title='bbox 324 2217 384 2277; x_wconf 91' lang='lat' dir='ltr'><strong>hoc</strong></span> <span class='ocrx_word' id='word_1_184' title='bbox 411 2219 513 2293; x_wconf 91' lang='lat' dir='ltr'><strong>ipsum</strong></span> <span class='ocrx_word' id='word_1_185' title='bbox 535 2216 673 2278; x_wconf 73' lang='lat' dir='ltr'><strong>succedit</strong></span> <span class='ocrx_word' id='word_1_186' title='bbox 694 2216 724 2276; x_wconf 94' lang='lat' dir='ltr'><strong>in</strong></span> <span class='ocrx_word' id='word_1_187' title='bbox 745 2218 845 2278; x_wconf 91' lang='lat' dir='ltr'><strong>locum</strong></span> <span class='ocrx_word' id='word_1_188' title='bbox 867 2219 1078 2293; x_wconf 88' lang='lat' dir='ltr'><strong>voluptatium,</strong></span> 
     </span>
     <span class='ocr_line' id='line_1_25' title="bbox 101 2300 1077 2376; baseline 0.001 -15"><span class='ocrx_word' id='word_1_189' title='bbox 101 2300 192 2364; x_wconf 90' lang='lat' dir='ltr'><strong>nullis</strong></span> <span class='ocrx_word' id='word_1_190' title='bbox 208 2316 309 2376; x_wconf 80' lang='lat' dir='ltr'><strong>egere.</strong></span> <span class='ocrx_word' id='word_1_191' title='bbox 332 2317 423 2376; x_wconf 92' lang='lat' dir='ltr'><strong>quam</strong></span> <span class='ocrx_word' id='word_1_192' title='bbox 441 2302 529 2361; x_wconf 88' lang='lat' dir='ltr'><strong>dulce</strong></span> <span class='ocrx_word' id='word_1_193' title='bbox 550 2308 598 2362; x_wconf 92' lang='lat' dir='ltr'><strong>est</strong></span> <span class='ocrx_word' id='word_1_194' title='bbox 618 2301 800 2375; x_wconf 89' lang='lat' dir='ltr'><strong>cupiditates</strong></span> <span class='ocrx_word' id='word_1_195' title='bbox 815 2301 962 2376; x_wconf 83' lang='lat' dir='ltr'><strong>latigasse</strong></span> <span class='ocrx_word' id='word_1_196' title='bbox 978 2318 1015 2361; x_wconf 92' lang='lat' dir='ltr'><strong>ac</strong></span> <span class='ocrx_word' id='word_1_197' title='bbox 1029 2318 1077 2362; x_wconf 90' lang='lat' dir='ltr'><strong>re·</strong></span> 
     </span>
     <span class='ocr_line' id='line_1_26' title="bbox 102 2384 1109 2460; baseline 0.001 -16"><span class='ocrx_word' id='word_1_198' title='bbox 102 2385 246 2460; x_wconf 88' lang='lat' dir='ltr'><strong>liquisse!</strong></span> <span class='ocrx_word' id='word_1_199' title='bbox 279 2384 466 2459; x_wconf 89' lang='lat' dir='ltr'><strong>„Molestum</strong></span> <span class='ocrx_word' id='word_1_200' title='bbox 492 2392 555 2458; x_wconf 88' lang='lat' dir='ltr'><strong>est,</strong></span> <span class='ocrx_word' id='word_1_201' title='bbox 582 2384 701 2459; x_wconf 89' lang='lat' dir='ltr'><strong>inquis,</strong></span> <span class='ocrx_word' id='word_1_202' title='bbox 729 2391 858 2444; x_wconf 88' lang='lat' dir='ltr'><strong>mortem</strong></span> <span class='ocrx_word' id='word_1_203' title='bbox 884 2392 954 2443; x_wconf 90' lang='lat' dir='ltr'><strong>ante</strong></span> <span class='ocrx_word' id='word_1_204' title='bbox 969 2386 1109 2452; x_wconf 71' lang='lat' dir='ltr'><strong>oculosa</strong></span> 
     </span>
     <span class='ocr_line' id='line_1_27' title="bbox 102 2466 1078 2530; baseline -0.001 -3"><span class='ocrx_word' id='word_1_205' title='bbox 102 2466 247 2529; x_wconf 86' lang='lat' dir='ltr'><strong>habere.“</strong></span> <span class='ocrx_word' id='word_1_206' title='bbox 277 2467 409 2529; x_wconf 90' lang='lat' dir='ltr'><strong>Primum</strong></span> <span class='ocrx_word' id='word_1_207' title='bbox 428 2468 488 2530; x_wconf 89' lang='lat' dir='ltr'><strong>ista</strong></span> <span class='ocrx_word' id='word_1_208' title='bbox 507 2477 568 2529; x_wconf 90' lang='lat' dir='ltr'><strong>tam</strong></span> <span class='ocrx_word' id='word_1_209' title='bbox 591 2468 657 2527; x_wconf 92' lang='lat' dir='ltr'><strong>seni</strong></span> <span class='ocrx_word' id='word_1_210' title='bbox 678 2473 748 2527; x_wconf 89' lang='lat' dir='ltr'><strong>ante</strong></span> <span class='ocrx_word' id='word_1_211' title='bbox 769 2468 877 2527; x_wconf 92' lang='lat' dir='ltr'><strong>oculos</strong></span> <span class='ocrx_word' id='word_1_212' title='bbox 899 2467 991 2527; x_wconf 79' lang='lat' dir='ltr'><strong>deltet</strong></span> <span class='ocrx_word' id='word_1_213' title='bbox 1005 2483 1078 2527; x_wconf 91' lang='lat' dir='ltr'><strong>esse</strong></span> 
     </span>
     <span class='ocr_line' id='line_1_28' title="bbox 104 2549 1077 2627; baseline -0.003 -14"><span class='ocrx_word' id='word_1_214' title='bbox 104 2568 195 2627; x_wconf 86' lang='lat' dir='ltr'><strong>quam</strong></span> <span class='ocrx_word' id='word_1_215' title='bbox 210 2549 323 2612; x_wconf 90' lang='lat' dir='ltr'><strong>iuveni.</strong></span> <span class='ocrx_word' id='word_1_216' title='bbox 350 2569 412 2613; x_wconf 91' lang='lat' dir='ltr'><strong>non</strong></span> <span class='ocrx_word' id='word_1_217' title='bbox 428 2553 508 2614; x_wconf 90' lang='lat' dir='ltr'><strong>enim</strong></span> <span class='ocrx_word' id='word_1_218' title='bbox 524 2553 650 2615; x_wconf 85' lang='lat' dir='ltr'><strong>citamur</strong></span> <span class='ocrx_word' id='word_1_219' title='bbox 664 2568 704 2612; x_wconf 88' lang='lat' dir='ltr'><strong>ex</strong></span> <span class='ocrx_word' id='word_1_220' title='bbox 719 2566 824 2611; x_wconf 87' lang='lat' dir='ltr'><strong>censu.</strong></span> <span class='ocrx_word' id='word_1_221' title='bbox 854 2550 973 2611; x_wconf 90' lang='lat' dir='ltr'><strong>Deinde</strong></span> <span class='ocrx_word' id='word_1_222' title='bbox 987 2566 1077 2610; x_wconf 87' lang='lat' dir='ltr'><strong>nenro</strong></span> 
     </span>
     <span class='ocr_line' id='line_1_29' title="bbox 103 2635 1076 2711; baseline -0.002 -15"><span class='ocrx_word' id='word_1_223' title='bbox 103 2642 159 2696; x_wconf 88' lang='lat' dir='ltr'><strong>lam</strong></span> <span class='ocrx_word' id='word_1_224' title='bbox 177 2651 275 2695; x_wconf 88' lang='lat' dir='ltr'><strong>senex</strong></span> <span class='ocrx_word' id='word_1_225' title='bbox 288 2644 350 2710; x_wconf 90' lang='grc' dir='ltr'><strong>εει,</strong></span> <span class='ocrx_word' id='word_1_226' title='bbox 364 2643 398 2697; x_wconf 90' lang='lat' dir='ltr'><strong>ut</strong></span> <span class='ocrx_word' id='word_1_227' title='bbox 410 2635 540 2711; x_wconf 88' lang='lat' dir='ltr'><strong>inprobe</strong></span> <span class='ocrx_word' id='word_1_228' title='bbox 551 2652 644 2696; x_wconf 90' lang='lat' dir='ltr'><strong>unum</strong></span> <span class='ocrx_word' id='word_1_229' title='bbox 659 2636 739 2696; x_wconf 90' lang='lat' dir='ltr'><strong>diem</strong></span> <span class='ocrx_word' id='word_1_230' title='bbox 750 2641 863 2710; x_wconf 90' lang='lat' dir='ltr'><strong>speret.</strong></span> <span class='ocrx_word' id='word_1_231' title='bbox 883 2651 962 2696; x_wconf 92' lang='lat' dir='ltr'><strong>unus</strong></span> <span class='ocrx_word' id='word_1_232' title='bbox 977 2642 1076 2695; x_wconf 90' lang='lat' dir='ltr'><strong>autem</strong></span> 
     </span>
     <span class='ocr_line' id='line_1_30' title="bbox 101 2719 1076 2795; baseline -0.002 -15"><span class='ocrx_word' id='word_1_233' title='bbox 101 2720 168 2780; x_wconf 91' lang='lat' dir='ltr'><strong>dies</strong></span> <span class='ocrx_word' id='word_1_234' title='bbox 191 2719 306 2795; x_wconf 79' lang='lat' dir='ltr'><strong>gradus</strong></span> <span class='ocrx_word' id='word_1_235' title='bbox 326 2720 407 2780; x_wconf 85' lang='lat' dir='ltr'><strong>vitae</strong></span> <span class='ocrx_word' id='word_1_236' title='bbox 427 2729 483 2781; x_wconf 90' lang='lat' dir='ltr'><strong>est.</strong></span> <span class='ocrx_word' id='word_1_237' title='bbox 513 2727 577 2780; x_wconf 86' lang='lat' dir='ltr'><strong>tota</strong></span> <span class='ocrx_word' id='word_1_238' title='bbox 597 2726 682 2780; x_wconf 86' lang='lat' dir='ltr'><strong>aetas</strong></span> <span class='ocrx_word' id='word_1_239' title='bbox 697 2719 834 2795; x_wconf 87' lang='lat' dir='ltr'><strong>partibus</strong></span> <span class='ocrx_word' id='word_1_240' title='bbox 851 2726 971 2782; x_wconf 88' lang='lat' dir='ltr'><strong>constat</strong></span> <span class='ocrx_word' id='word_1_241' title='bbox 985 2726 1015 2780; x_wconf 91' lang='lat' dir='ltr'><strong>et</strong></span> <span class='ocrx_word' id='word_1_242' title='bbox 1030 2735 1076 2781; x_wconf 89' lang='lat' dir='ltr'><strong>or·</strong></span> 
     </span>
     <span class='ocr_line' id='line_1_31' title="bbox 101 2802 1077 2879; baseline 0.002 -17"><span class='ocrx_word' id='word_1_243' title='bbox 101 2802 156 2863; x_wconf 89' lang='lat' dir='ltr'><strong>bes</strong></span> <span class='ocrx_word' id='word_1_244' title='bbox 178 2803 271 2862; x_wconf 90' lang='lat' dir='ltr'><strong>habet</strong></span> <span class='ocrx_word' id='word_1_245' title='bbox 287 2802 512 2879; x_wconf 86' lang='lat' dir='ltr'><strong>circumductos</strong></span> <span class='ocrx_word' id='word_1_246' title='bbox 533 2803 666 2864; x_wconf 87' lang='lat' dir='ltr'><strong>maiores</strong></span> <span class='ocrx_word' id='word_1_247' title='bbox 687 2803 871 2863; x_wconf 83' lang='lat' dir='ltr'><strong>minoribus:</strong></span> <span class='ocrx_word' id='word_1_248' title='bbox 894 2811 942 2864; x_wconf 90' lang='lat' dir='ltr'><strong>est</strong></span> <span class='ocrx_word' id='word_1_249' title='bbox 956 2802 1077 2879; x_wconf 91' lang='lat' dir='ltr'><strong>aliquis,</strong></span> 
     </span>
     <span class='ocr_line' id='line_1_32' title="bbox 101 2886 1078 2962; baseline 0 -16"><span class='ocrx_word' id='word_1_250' title='bbox 101 2887 152 2962; x_wconf 90' lang='lat' dir='ltr'><strong>qui</strong></span> <span class='ocrx_word' id='word_1_251' title='bbox 171 2886 271 2949; x_wconf 89' lang='lat' dir='ltr'><strong>omnis</strong></span> <span class='ocrx_word' id='word_1_252' title='bbox 288 2888 497 2961; x_wconf 87' lang='lat' dir='ltr'><strong>conplectatur</strong></span> <span class='ocrx_word' id='word_1_253' title='bbox 511 2893 542 2946; x_wconf 92' lang='lat' dir='ltr'><strong>et</strong></span> <span class='ocrx_word' id='word_1_254' title='bbox 556 2888 666 2962; x_wconf 82' lang='lat' dir='ltr'><strong>cingat.</strong></span> <span class='ocrx_word' id='word_1_255' title='bbox 689 2887 740 2947; x_wconf 90' lang='lat' dir='ltr'><strong>hic</strong></span> <span class='ocrx_word' id='word_1_256' title='bbox 757 2891 887 2962; x_wconf 90' lang='lat' dir='ltr'><strong>pertinet</strong></span> <span class='ocrx_word' id='word_1_257' title='bbox 902 2888 1024 2948; x_wconf 86' lang='lat' dir='ltr'><strong>anatali</strong></span> <span class='ocrx_word' id='word_1_258' title='bbox 1038 2887 1078 2947; x_wconf 91' lang='lat' dir='ltr'><strong>ad</strong></span> 
     </span>
     <span class='ocr_line' id='line_1_33' title="bbox 99 2969 1079 3046; baseline 0 -16"><span class='ocrx_word' id='word_1_259' title='bbox 99 2969 182 3030; x_wconf 92' lang='lat' dir='ltr'><strong>diem</strong></span> <span class='ocrx_word' id='word_1_260' title='bbox 203 2976 380 3032; x_wconf 88' lang='lat' dir='ltr'><strong>extremum.</strong></span> <span class='ocrx_word' id='word_1_261' title='bbox 414 2977 461 3030; x_wconf 89' lang='grc' dir='ltr'><strong>εει</strong></span> <span class='ocrx_word' id='word_1_262' title='bbox 482 2972 571 3043; x_wconf 85' lang='lat' dir='ltr'><strong>alter,</strong></span> <span class='ocrx_word' id='word_1_263' title='bbox 599 2971 650 3046; x_wconf 93' lang='lat' dir='ltr'><strong>qui</strong></span> <span class='ocrx_word' id='word_1_264' title='bbox 672 2987 769 3031; x_wconf 90' lang='lat' dir='ltr'><strong>annos</strong></span> <span class='ocrx_word' id='word_1_265' title='bbox 785 2971 1010 3032; x_wconf 84' lang='lat' dir='ltr'><strong>adulescentiae</strong></span> <span class='ocrx_word' id='word_1_266' title='bbox 1025 2987 1079 3031; x_wconf 89' lang='lat' dir='ltr'><strong>ex·</strong></span> 
     </span>
     <span class='ocr_line' id='line_1_34' title="bbox 99 3053 1079 3129; baseline 0 -16"><span class='ocrx_word' id='word_1_267' title='bbox 99 3054 203 3115; x_wconf 84' lang='lat' dir='ltr'><strong>cludit.</strong></span> <span class='ocrx_word' id='word_1_268' title='bbox 225 3060 274 3113; x_wconf 88' lang='lat' dir='ltr'><strong>cst</strong></span> <span class='ocrx_word' id='word_1_269' title='bbox 290 3053 342 3128; x_wconf 92' lang='lat' dir='ltr'><strong>qui</strong></span> <span class='ocrx_word' id='word_1_270' title='bbox 354 3059 447 3114; x_wconf 89' lang='lat' dir='ltr'><strong>totam</strong></span> <span class='ocrx_word' id='word_1_271' title='bbox 464 3055 622 3129; x_wconf 88' lang='lat' dir='ltr'><strong>pueritiam</strong></span> <span class='ocrx_word' id='word_1_272' title='bbox 634 3056 748 3116; x_wconf 88' lang='lat' dir='ltr'><strong>ambitu</strong></span> <span class='ocrx_word' id='word_1_273' title='bbox 763 3071 820 3115; x_wconf 91' lang='lat' dir='ltr'><strong>suo</strong></span> <span class='ocrx_word' id='word_1_274' title='bbox 836 3055 1006 3128; x_wconf 81' lang='lat' dir='ltr'><strong>adstringit.</strong></span> <span class='ocrx_word' id='word_1_275' title='bbox 1032 3062 1079 3114; x_wconf 91' lang='lat' dir='ltr'><strong>est</strong></span> 
     </span>
     <span class='ocr_line' id='line_1_35' title="bbox 99 3136 1077 3213; baseline 0.002 -18"><span class='ocrx_word' id='word_1_276' title='bbox 99 3136 212 3197; x_wconf 88' lang='lat' dir='ltr'><strong>deinde</strong></span> <span class='ocrx_word' id='word_1_277' title='bbox 226 3152 283 3212; x_wconf 92' lang='lat' dir='ltr'><strong>per</strong></span> <span class='ocrx_word' id='word_1_278' title='bbox 297 3153 333 3196; x_wconf 92' lang='lat' dir='ltr'><strong>se</strong></span> <span class='ocrx_word' id='word_1_279' title='bbox 347 3154 445 3198; x_wconf 88' lang='lat' dir='ltr'><strong>annus</strong></span> <span class='ocrx_word' id='word_1_280' title='bbox 458 3139 486 3198; x_wconf 91' lang='lat' dir='ltr'><strong>in</strong></span> <span class='ocrx_word' id='word_1_281' title='bbox 502 3155 538 3198; x_wconf 90' lang='lat' dir='ltr'><strong>se</strong></span> <span class='ocrx_word' id='word_1_282' title='bbox 550 3138 652 3198; x_wconf 87' lang='lat' dir='ltr'><strong>omnia</strong></span> <span class='ocrx_word' id='word_1_283' title='bbox 665 3139 824 3199; x_wconf 91' lang='lat' dir='ltr'><strong>continens</strong></span> <span class='ocrx_word' id='word_1_284' title='bbox 839 3146 986 3213; x_wconf 87' lang='lat' dir='ltr'><strong>tempora,</strong></span> <span class='ocrx_word' id='word_1_285' title='bbox 1003 3153 1077 3212; x_wconf 88' lang='lat' dir='ltr'><strong>quo·</strong></span> 
     </span>
     <span class='ocr_line' id='line_1_36' title="bbox 99 3219 1076 3296; baseline -0.001 -16"><span class='ocrx_word' id='word_1_286' title='bbox 99 3236 164 3281; x_wconf 88' lang='lat' dir='ltr'><strong>rum</strong></span> <span class='ocrx_word' id='word_1_287' title='bbox 181 3219 432 3295; x_wconf 85' lang='lat' dir='ltr'><strong>multiplicatione</strong></span> <span class='ocrx_word' id='word_1_288' title='bbox 442 3223 504 3281; x_wconf 88' lang='lat' dir='ltr'><strong>vita</strong></span> <span class='ocrx_word' id='word_1_289' title='bbox 518 3222 711 3296; x_wconf 82' lang='lat' dir='ltr'><strong>conponitur.</strong></span> <span class='ocrx_word' id='word_1_290' title='bbox 731 3223 847 3282; x_wconf 90' lang='lat' dir='ltr'><strong>mensis</strong></span> <span class='ocrx_word' id='word_1_291' title='bbox 862 3222 974 3281; x_wconf 87' lang='lat' dir='ltr'><strong>artiore</strong></span> <span class='ocrx_word' id='word_1_292' title='bbox 989 3235 1076 3294; x_wconf 86' lang='lat' dir='ltr'><strong>prac-</strong></span> 
     </span>
     <span class='ocr_line' id='line_1_37' title="bbox 99 3303 1076 3381; baseline -0.001 -17"><span class='ocrx_word' id='word_1_293' title='bbox 99 3303 230 3379; x_wconf 83' lang='lat' dir='ltr'><strong>cingitur</strong></span> <span class='ocrx_word' id='word_1_294' title='bbox 246 3304 371 3365; x_wconf 84' lang='lat' dir='ltr'><strong>circulo.</strong></span> <span class='ocrx_word' id='word_1_295' title='bbox 411 3306 659 3379; x_wconf 82' lang='lat' dir='ltr'><strong>angustissimum</strong></span> <span class='ocrx_word' id='word_1_296' title='bbox 678 3305 771 3365; x_wconf 88' lang='lat' dir='ltr'><strong>habet</strong></span> <span class='ocrx_word' id='word_1_297' title='bbox 786 3306 852 3365; x_wconf 92' lang='lat' dir='ltr'><strong>dies</strong></span> <span class='ocrx_word' id='word_1_298' title='bbox 867 3319 992 3381; x_wconf 78' lang='lat' dir='ltr'><strong>gyrum,</strong></span> <span class='ocrx_word' id='word_1_299' title='bbox 1020 3304 1076 3363; x_wconf 91' lang='lat' dir='ltr'><strong>sed</strong></span> 
     </span>
     <span class='ocr_line' id='line_1_38' title="bbox 99 3386 1108 3462; baseline 0.006 -16"><span class='ocrx_word' id='word_1_300' title='bbox 99 3395 128 3448; x_wconf 91' lang='lat' dir='ltr'><strong>et</strong></span> <span class='ocrx_word' id='word_1_301' title='bbox 143 3387 194 3448; x_wconf 88' lang='lat' dir='ltr'><strong>lric</strong></span> <span class='ocrx_word' id='word_1_302' title='bbox 209 3388 248 3448; x_wconf 88' lang='lat' dir='ltr'><strong>ab</strong></span> <span class='ocrx_word' id='word_1_303' title='bbox 260 3386 345 3448; x_wconf 89' lang='lat' dir='ltr'><strong>initio</strong></span> <span class='ocrx_word' id='word_1_304' title='bbox 363 3387 400 3447; x_wconf 92' lang='lat' dir='ltr'><strong>ad</strong></span> <span class='ocrx_word' id='word_1_305' title='bbox 412 3390 525 3448; x_wconf 88' lang='lat' dir='ltr'><strong>exitum</strong></span> <span class='ocrx_word' id='word_1_306' title='bbox 535 3389 632 3462; x_wconf 91' lang='lat' dir='ltr'><strong>venit,</strong></span> <span class='ocrx_word' id='word_1_307' title='bbox 649 3389 687 3448; x_wconf 92' lang='lat' dir='ltr'><strong>ab</strong></span> <span class='ocrx_word' id='word_1_308' title='bbox 701 3396 769 3449; x_wconf 86' lang='lat' dir='ltr'><strong>ortu</strong></span> <span class='ocrx_word' id='word_1_309' title='bbox 781 3388 820 3447; x_wconf 91' lang='lat' dir='ltr'><strong>ad</strong></span> <span class='ocrx_word' id='word_1_310' title='bbox 833 3402 988 3447; x_wconf 87' lang='lat' dir='ltr'><strong>occasum.</strong></span> <span class='ocrx_word' id='word_1_311' title='bbox 1003 3387 1077 3447; x_wconf 90' lang='lat' dir='ltr'><strong>ldeo</strong></span> <span class='ocrx_word' id='word_1_312' title='bbox 1092 3394 1108 3452; x_wconf 84' lang='lat' dir='ltr'><strong>t</strong></span> 
     </span>
    </p>
   </div>
   <div class='ocr_carea' id='block_1_3' title="bbox 99 3467 1078 3547">
    <p class='ocr_par' dir='ltr' id='par_1_3' title="bbox 99 3467 1078 3547">
     <span class='ocr_line' id='line_1_39' title="bbox 99 3467 1078 3547; baseline 0.002 -17"><span class='ocrx_word' id='word_1_313' title='bbox 99 3467 281 3547; x_wconf 89' lang='lat' dir='ltr'><strong>Heraclitus,</strong></span> <span class='ocrx_word' id='word_1_314' title='bbox 296 3471 344 3531; x_wconf 89' lang='lat' dir='ltr'><strong>cui</strong></span> <span class='ocrx_word' id='word_1_315' title='bbox 360 3486 529 3546; x_wconf 82' lang='lat' dir='ltr'><strong>cognomen</strong></span> <span class='ocrx_word' id='word_1_316' title='bbox 542 3473 612 3533; x_wconf 90' lang='lat' dir='ltr'><strong>lecit</strong></span> <span class='ocrx_word' id='word_1_317' title='bbox 624 3471 770 3532; x_wconf 87' lang='lat' dir='ltr'><strong>orationis</strong></span> <span class='ocrx_word' id='word_1_318' title='bbox 783 3471 966 3545; x_wconf 88' lang='lat' dir='ltr'><strong>obscuritas,</strong></span> <span class='ocrx_word' id='word_1_319' title='bbox 982 3489 1078 3547; x_wconf 81' lang='lat' dir='ltr'><strong>„unus</strong></span> 
     </span>
    </p>
   </div>
   <div class='ocr_carea' id='block_1_4' title="bbox 0 0 1238 3930">
    <p class='ocr_par' dir='ltr' id='par_1_4' title="bbox 0 0 1238 3930">
     <span class='ocr_line' id='line_1_40' title="bbox 0 0 1238 3930; baseline 0 2"><span class='ocrx_word' id='word_1_320' title='bbox 0 0 1238 3930; x_wconf 95' lang='lat' dir='ltr'><strong> </strong></span> 
     </span>
    </p>
   </div>
  </div>
 </body>
</html>
