2468 3930
187 204 251 270 456
495 209 525 264 L.
540 207 678 263 ANNAEI
692 204 856 264 SENECAE

251 403 269 433 ,‚
276 361 405 419 inimicos
415 359 538 415 habeo.“
559 359 630 414 lllud
642 364 684 415 est
692 359 783 430 peius,
796 358 872 430 quod
883 358 988 414 amieos
1000 374 1057 414 non
1067 357 1167 416 habes.

161 450 179 502 2
251 445 336 515 „Am
345 444 433 499 ioum
447 442 622 514 perdidi.“
648 442 706 497 Iam
718 442 792 498 enirn
802 440 935 498 habuisse
946 447 974 498 te
986 447 1092 498 eertum
1105 447 1169 499 esti

252 527 406 598 „Amicum
415 526 558 597 perdidi.“
578 525 670 582 Alium
678 541 800 596 quaere,
813 531 840 581 et
853 525 890 580 ibi
902 541 966 580 eum
977 541 1109 597 quaeras,
1122 525 1169 583 ubi

189 611 333 671 invenias=
350 624 455 679 quaere
467 611 538 664 inter
549 610 678 665 liberales
691 614 775 678 artes,
787 608 858 665 inter
868 608 988 665 honesta
1001 614 1116 673 etreota
1127 611 1168 665 oi·

190 696 263 752 licia.
289 709 393 764 quaere
408 692 436 746 in
447 692 599 748 laboribus.
616 691 795 748 admoneam
812 708 858 748 res
875 692 928 748 ista
939 708 996 748 non
1014 693 1167 765 quaeritur.

191 793 295 850 quaere
307 776 428 846 aliquem
439 776 521 847 frugi.

252 858 391 933 „Perdidi
405 860 555 914 amioum.“
574 860 685 915 Fortem
696 860 819 916 animum
834 859 924 930 habe,
944 860 969 916 si
980 875 1083 915 uuum:
1104 875 1165 914 eru·
1183 857 1187 869 ’

188 947 289 1012 besee,
309 944 333 997 si
349 942 471 998 unicum.
494 943 578 1014 quid,
593 948 622 997 tu
633 943 661 998 in
672 948 748 998 tanta
758 949 923 1015 tempestate
935 944 973 1000 ad
983 946 1069 999 unam
1081 959 1167 998 aneo·

189 1045 249 1084 ram
262 1027 380 1082 stabas?

160 1113 176 1165 l
272 1109 345 1164 XVI.
368 1109 544 1178 „Uxorem
560 1111 688 1167 bonam
702 1109 833 1165 amisi.“
843 1110 939 1177 Utrum
951 1110 1103 1166 inveneras
1115 1109 1166 1165 bo·

188 1212 254 1252 nam
266 1210 302 1250 an
316 1195 448 1248 ieceras?
462 1192 493 1256 si
507 1192 673 1264 inveneras,
692 1191 784 1249 adhue
795 1191 900 1249 habere
917 1198 944 1249 te
958 1209 1046 1265 posse
1064 1207 1100 1248 ex
1110 1190 1165 1247 hos

189 1278 343 1349 intelligas,
354 1276 431 1347 lieet,
443 1275 520 1348 quod
530 1275 664 1335 habuisti:
676 1277 701 1333 si
712 1278 837 1346 feceras,
854 1279 928 1333 bene
939 1292 1039 1349 sperat
1057 1291 1104 1330 res
1113 1290 1167 1348 pe·

190 1363 249 1433 tiit,
261 1362 357 1417 salvus
371 1360 531 1416 estartilex.
661 1348 670 1366 '

154 1450 177 1510 2
252 1442 356 1519 [„Sine
367 1459 455 1500 uxore
468 1445 559 1498 sum.“
582 1444 616 1499 Et
628 1444 688 1500 sine
701 1443 875 1502 adversario.
897 1443 1003 1499 iamtui
1014 1457 1166 1515 rerumque

159 1583 167 1603 ,
189 1529 318 1586 dominus
332 1532 443 1582 tuarum
455 1544 518 1583 esse
532 1527 641 1599 incipis.

251 1611 398 1683 „Uxorem
410 1612 514 1667 bonam
524 1627 558 1667 ao
569 1611 702 1667 deooram
711 1609 849 1684 perdidi.“
865 1609 946 1667 Stulti
958 1615 1001 1666 est
1012 1609 1166 1682 compedes

190 1710 256 1750 suas
268 1693 396 1764 quamvis
411 1709 512 1749 aureas
524 1690 639 1767 amare]

159 1782 178 1837 3
251 1775 365 1845 „Amisi
378 1792 494 1831 uxorem
514 1778 644 1833 bonam.“
676 1777 749 1845 Quid
767 1777 797 1834 in
815 1777 861 1834 illa
871 1777 1034 1849 probabas?
1053 1775 1165 1848 pudici·

188 1862 276 1918 tiam?
295 1873 379 1929 quam
389 1860 491 1915 multae
503 1858 549 1915 diu
558 1861 722 1916 custoditam
730 1860 929 1935 perdiderunt!
948 1860 1058 1917 deoust
1081 1875 1165 1930 quarn

188 1943 290 2000 multae
314 1941 385 1996 inter
408 1944 513 2014 probra
532 1945 690 2001 matronalis
712 1945 817 2002 ordinis
840 1960 905 2000 esse
924 1949 1075 2015 coeperunt
1093 1943 1165 1999 inter

189 2027 317 2098 exempla
330 2025 547 2083 nominatarum!
567 2027 723 2085 delectabat
734 2033 760 2084 te
776 2027 848 2084 fides
860 2027 944 2084 eiust
963 2041 1046 2098 quarn
1063 2027 1165 2081 multas

189 2128 224 2168 ex
237 2110 347 2183 optimis
359 2110 524 2182 coniugibus
534 2112 673 2184 pessimas
685 2112 828 2169 videmus!
841 2129 876 2167 ex
887 2109 1105 2184 diligentissimis
1117 2126 1163 2164 so-

158 2202 177 2256 4
188 2195 347 2265 lutissimas,
360 2211 395 2250 ex
406 2194 605 2251 liberalissimis
617 2196 828 2267 rapacissimas!
850 2194 977 2251 Omnium
988 2192 1101 2266 quidem
1112 2193 1164 2248 irn-

187 2280 341 2352 peritorum
363 2278 486 2351 animus,
510 2280 630 2336 maxime
651 2285 745 2336 tamen
766 2279 794 2334 in
815 2279 922 2335 lubrico
944 2276 1087 2333 muliebris
1113 2280 1163 2331 est

188 2363 297 2420 etiamsi
317 2363 419 2419 bonam
440 2378 557 2419 uxorem
571 2362 707 2435 habuisti,
728 2379 785 2419 non
805 2368 887 2436 potes
910 2360 1048 2418 affirmare
1073 2360 1101 2415 in
1117 2359 1163 2416 illo

190 2443 276 2524 [eam]
285 2461 498 2518 permansuram
508 2447 593 2502 luisse
603 2448 756 2519 proposito.
769 2446 836 2502 nihil
848 2450 891 2501 est
900 2449 956 2502 tam
966 2444 1068 2501 mobile
1080 2458 1163 2516 quam

159 2543 176 2596 5
189 2531 353 2586 feminarum
372 2531 518 2599 voluntas,
533 2529 601 2586 nihil
617 2536 673 2587 tarn
687 2547 801 2602 vagum.
821 2529 955 2585 Veterum
975 2527 1163 2584 matrimonio-

188 2629 250 2668 rum
263 2612 382 2684 repudia
393 2613 576 2684 eognovimus
590 2619 617 2668 et
633 2614 774 2670 foediores
786 2612 905 2670 divortio
918 2612 991 2667 male
1010 2609 1162 2666 cohaeren-

187 2695 255 2750 tium
271 2697 356 2750 rixas.
382 2710 464 2765 quam
476 2696 578 2751 multae
595 2713 665 2767 quos
681 2697 710 2752 in
726 2695 917 2753 adolescentia
935 2700 1116 2763 amaverunt,
1135 2694 1162 2748 in

188 2782 331 2832 senectute
349 2777 486 2832 communi
500 2780 684 2850 reliquerunt!
703 2780 832 2852 quotiens
852 2779 925 2835 anile
941 2777 1091 2836 divortium
1103 2777 1163 2832 risi·

187 2862 265 2914 must
288 2875 371 2931 quam
383 2862 530 2916 multarum
540 2867 621 2919 notus
633 2881 712 2921 amor
723 2863 789 2921 odio
801 2864 909 2919 notiore
919 2866 1040 2918 mutatus
1053 2864 1109 2917 est!

251 2941 336 3013 „Sed
345 2942 418 3006 haee
430 2950 457 3000 et
470 2945 519 3001 luit
534 2948 608 3004 bona
620 2953 647 3004 et
663 2948 761 3004 luisset
771 2945 807 3023 [si
821 2942 980 3019 vixisset].“
1007 2945 1084 3001 Mors
1096 2943 1163 3000 eile-

186 3027 236 3097 oit,
247 3034 277 3084 ut
287 3027 427 3085 affirmare
439 3028 500 3085 sine
510 3031 636 3103 periculo
649 3031 752 3103 possis.

157 3111 175 3169 6
246 3112 379 3181 „Bonam
390 3129 507 3169 uxorem
520 3115 630 3170 amisi.“
650 3113 780 3171 Invenies
792 3108 951 3188 [similem],
964 3111 988 3167 si
1000 3109 1068 3167 nihil
1079 3127 1164 3183 quae·

93 3255 98 3263 ,
187 3195 225 3251 ris
238 3197 292 3252 nisi
303 3198 406 3253 bonam
416 3214 549 3253 uxorem:
565 3203 595 3252 tu
613 3198 696 3253 modo
711 3215 747 3253 ne
765 3197 901 3269 imagines
918 3210 1100 3269 proavosque
1119 3209 1163 3249 re-

185 3281 314 3352 spexeris
325 3296 378 3336 nea
386 3282 591 3352 patrimonium,
600 3282 644 3337 sui
654 3282 709 3339 iarn
720 3281 783 3352 ipsa
793 3281 921 3337 nobilitas
928 3279 1019 3352 primo
1030 3279 1093 3334 loeo
1103 3294 1164 3333 oes-

186 3363 230 3421 sit.
254 3365 306 3419 istu
323 3363 371 3419 diu
390 3380 453 3419 eum
470 3366 560 3422 torma
580 3366 789 3438 repugnabuntz
817 3364 925 3420 facilius
944 3378 1028 3435 reges
1042 3360 1165 3418 animum

185 3449 260 3502 nulla
281 3449 403 3505 vanitate
425 3445 540 3524 [rerum]
561 3453 722 3504 tumentem.
745 3463 802 3504 non
823 3449 938 3503 multum
960 3447 1039 3503 abest
1060 3461 1078 3502 a
1098 3459 1165 3501 oon·
