2468 3930
202 298 205 305 f
246 235 414 298 EPISTUL.
431 236 526 298 MOR.
547 237 621 297 LIB.
638 235 715 296 XIII.
737 236 795 297 ΕΡ.
812 245 874 313 3.(
911 242 933 310 .)
1019 236 1081 301 251

93 385 313 449 exercitatione
334 387 487 462 procedit:
516 388 573 448 sed
593 393 627 448 ut
645 389 806 464 procedat,
840 389 1021 465 inpetranda
1041 391 1083 452 illi

96 472 250 549 quaedam
267 470 417 546 principia
431 479 511 532 sunt.
544 488 605 531 non
621 479 781 533 astantem
797 489 847 532 ars
864 474 912 535 sui
926 474 1016 548 iuris,
1033 477 1082 536 cui

95 556 267 632 precarium
283 555 511 617 fundamentum
524 563 580 615 est.
619 554 818 631 Philosophia
834 557 875 616 nil
895 558 934 618 ab
953 558 1013 620 alio
1029 568 1126 634 pe-ass

93 641 138 712 tit,
156 647 252 702 totum
268 655 347 714 opus
362 655 381 698 a
395 639 463 698 solo
480 639 605 699 excitat=
626 639 845 715 mathematice,
866 648 899 701 ut
913 642 954 701 ita
972 642 1080 716 dicam,

97 721 311 799 superficiaria
325 730 388 797 est,
402 723 432 782 in
448 723 548 784 alieno
563 722 716 782 aedificat.
750 723 861 799 accipit
876 725 989 800 prima,
1005 743 1081 801 quo-

95 824 162 869 rum
176 806 328 868 beneficio
345 807 385 866 ad
399 805 541 867 ulteriora
564 807 732 881 perveniat.
775 807 802 866 si
826 824 883 883 par
907 824 942 869 se
965 809 1021 869 iret
1042 812 1082 870 ad

95 904 211 966 verum,
227 891 254 951 si
267 889 361 952 totius
376 891 481 951 mundi
495 898 632 950 naturam
643 897 752 964 posset
764 892 1023 966 conprehendere,
1037 894 1078 955 di·

96 990 198 1036 cerem
212 976 339 1051 multum
354 975 543 1034 conlaturam
560 973 711 1034 mentibus
729 976 860 1050 nostris,
875 991 956 1051 quae
972 984 1082 1037 tracta-

95 1069 128 1121 tu
143 1057 323 1119 coelestium
339 1065 480 1118 crescunt
494 1057 677 1134 trahuntque
696 1058 813 1133 aliquid
832 1074 872 1118 ex
889 1061 958 1119 alto.
1002 1061 1083 1120 Una

94 1150 441 1204 reconsummatur
461 1142 625 1215 animus,
650 1139 1082 1204 seientiabonorumac

60 1227 277 1289 .malorum
304 1224 540 1298 inmutabili,
571 1241 669 1300 quae
694 1226 774 1286 soli
799 1226 1082 1302 philosophiae

94 1311 286 1385 conpetit=
312 1310 386 1370 nihil
412 1318 512 1371 autem
536 1310 599 1369 nlla
624 1326 674 1369 ars
701 1311 761 1370 alla
782 1310 820 1370 de
835 1311 926 1371 honis
941 1326 978 1370 ac
993 1312 1081 1372 malis

95 1395 222 1471 quaerit.
257 1393 401 1471 Singulas
415 1394 500 1455 lubet
514 1393 674 1455 circumire
688 1394 871 1455 virtutes:
887 1396 1124 1456 fortitudoatt

95 1477 298 1554 contemptrix
316 1479 520 1539 timendorum
541 1486 598 1539 est
641 1477 786 1538 terribilia
806 1484 837 1537 et
854 1479 912 1539 sub
926 1479 1031 1555 iugum
1045 1480 1080 1538 li-

93 1563 239 1625 bertatem
260 1569 396 1625 nostram
418 1561 565 1622 mittentia
590 1560 735 1636 despicit,
763 1569 927 1638 provocat,
954 1564 1080 1638 frangit:

93 1646 242 1722 numquid
257 1663 331 1722 ergo
346 1646 426 1707 hanc
441 1646 577 1707 liberalia
592 1645 694 1706 studia
710 1646 936 1707 conroborentt
965 1647 1081 1708 Fides

94 1731 318 1793 sanctissimum
334 1731 459 1792 humani
474 1729 609 1805 pectoris
623 1730 739 1791 bonum
754 1737 817 1805 est,
843 1732 926 1792 nulla
944 1732 1081 1791 necessi-

95 1821 154 1876 tate
179 1815 219 1875 ad
245 1815 411 1875 fallendum
436 1815 569 1890 cogitur,
599 1815 682 1874 nullo
700 1816 910 1889 conrumpitur
931 1813 1079 1891 praemio.

93 1915 183 1976 „ure,
199 1899 311 1975 inquit,
328 1900 438 1972 caede,
455 1898 577 1958 occide=
593 1915 654 1960 non
669 1899 813 1974 prodam,
828 1899 886 1959 sed
904 1916 964 1977 quo
981 1900 1079 1974 magis

94 1990 213 2045 secreta
228 1989 356 2059 quaeret
370 1984 467 2057 dolor,
492 1982 552 2044 hoc
566 1983 618 2043 illa
635 1983 724 2044 altius
741 1983 907 2043 condam“=
929 1983 1079 2060 numquid

92 2066 230 2128 liberalia
255 2068 356 2127 studia
381 2067 439 2126 hos
463 2067 582 2126 animos
603 2067 706 2127 facere
728 2073 880 2141 possuntt
918 2069 1006 2128 Tem
1014 2083 1079 2142 pe·

92 2151 218 2211 rantia
248 2150 455 2226 voluptatibus
480 2151 618 2225 imperat.
669 2150 745 2210 alias
773 2151 837 2210 odit
861 2158 953 2226 atque
976 2151 1078 2225 abigit,

92 2234 168 2295 alias
183 2235 388 2310 dispensabat
404 2235 442 2294 ad
457 2251 565 2294 sanum
581 2234 705 2294 modum
727 2233 837 2308 redigit
856 2250 914 2294 nec
933 2251 1078 2309 umquam

92 2320 132 2379 ad
148 2319 216 2380 illas
232 2326 358 2394 propter
378 2319 464 2394 ipsas
480 2319 571 2377 venit.
615 2319 672 2378 scit
693 2317 840 2392 optimum
862 2334 934 2378 esse
955 2319 1079 2378 modum

93 2403 265 2478 cupitorum
290 2419 351 2464 non
378 2410 522 2479 quantum
542 2402 634 2472 velis,
664 2401 722 2461 sed
738 2407 882 2476 quantum
897 2402 1012 2461 debeas
1029 2417 1079 2461 su·
1131 2418 1214 2496 ,s

92 2502 184 2547 mere.
226 2487 454 2548 Humanitas
480 2492 561 2562 vetat
585 2485 752 2560 superbum
773 2500 845 2544 esse
862 2485 1012 2545 adversus
1029 2491 1122 2546 s0-30

92 2573 167 2646 cios,
182 2577 266 2632 vetat
280 2587 425 2632 marum.
466 2570 584 2645 verbis,
598 2569 708 2643 rebus,
723 2568 894 2629 adfectibus
910 2584 1029 2629 comem
1044 2585 1079 2629 se

91 2654 273 2731 facilemque
288 2656 429 2716 omnibus
445 2662 589 2730 praestat.
621 2654 736 2715 nullum
749 2653 881 2713 alienum
896 2655 1008 2713 malum
1025 2670 1078 2728 pu-

90 2746 143 2800 tat.
186 2740 302 2801 bonum
317 2747 416 2799 autem
433 2755 522 2800 suum
537 2740 607 2800 ideo
622 2738 768 2811 maxime,
786 2738 869 2812 quod
884 2737 974 2798 alicui
996 2738 1078 2798 bono

92 2825 225 2883 futurum
247 2830 309 2897 est,
335 2829 428 2883 amat:
455 2822 603 2898 numquid
625 2822 761 2882 liberalia
784 2822 885 2882 studIa
901 2821 959 2883 hos
975 2838 1078 2882 mores

90 2907 304 2982 praecipiunt?
345 2923 407 2966 non
429 2907 527 2981 magis
545 2923 637 2981 quam
659 2905 969 2981 simplieitatem,
987 2923 1079 2981 quam

90 2990 322 3050 modastIam
353 3007 389 3050 ae
419 2991 739 3064 moderationem,
768 3007 830 3050 non
859 2990 956 3064 magis
986 3006 1079 3064 quam

91 3075 356 3149 frugalitatem
383 3090 420 3135 ac
444 3074 735 3150 parsimoniam,
771 3090 833 3134 non
864 3073 961 3147 magis
986 3089 1078 3147 quam

91 3159 348 3233 clementum,
365 3174 445 3234 quae
460 3159 558 3218 alieno
574 3157 715 3233 sanguini
733 3165 886 3231 tamquam
908 3170 965 3215 suo
981 3156 1080 3229 parcit

90 3248 120 3303 et
134 3242 193 3302 scit
206 3242 322 3303 homini
337 3258 399 3302 nnn
415 3257 486 3302 esse
505 3241 628 3303 homine
642 3241 770 3316 prodige
784 3239 941 3300 utendum.
984 3239 1077 3312 „Cum
1086 3247 1120 3301 31

90 3327 215 3402 dicatis,
241 3327 353 3402 inquit,
381 3327 447 3387 sine
470 3325 646 3386 liberalibus
667 3324 776 3384 studiis
797 3324 836 3382 ad
857 3321 1076 3383 virtutemnon

89 3411 260 3487 perveniri,
289 3410 545 3488 quemadmodum
567 3408 686 3484 negatis
708 3408 760 3465 illa
774 3405 847 3466 nihil
862 3407 1002 3466 conferre
1016 3408 1077 3466 vir·

90 3494 190 3558 totiu‘
227 3495 370 3572 quiahoc
387 3494 453 3555 sine
471 3495 539 3555 cibo
560 3494 600 3554 ad
615 3493 757 3575 virtutem
775 3490 964 3566 pervenitur,
990 3490 1076 3552 cibus
