2460 3916
139 216 181 281 26
408 215 442 274 L.
463 213 611 274 Annam
634 212 808 273 SENECAE

106 370 222 429 616666
236 380 401 439 numquam
412 371 539 424 ventura
551 363 624 436 sint,
641 368 723 422 certe
734 379 795 422 non
810 361 972 435 venerint)
995 363 1118 438 Quae·

140 452 221 511 dam
250 465 324 524 ergo
352 464 420 508 nos
455 447 578 522 magis
614 453 799 521 torquent
827 463 935 521 quam
962 446 1118 509 debent.

140 533 330 611 quaedam
350 538 438 591 6116
464 537 652 605 16166611
677 545 785 605 quam
813 530 963 590 debent.
997 547 1117 605 quae-

140 620 222 679 dam
242 622 441 691 torquent,
467 629 548 674 cum
574 612 727 674 omnino
748 628 823 672 non
850 614 1026 674 debeant
1064 622 1119 676 aut

139 715 285 775 augemus
304 699 442 760 dolorem
467 705 520 757 661
543 698 686 772 fingimus
708 703 761 755 661
781 696 995 772 praecipimus.
1032 697 1117 758 Pri-

138 800 168 843 m
178 799 234 844 um
251 782 362 853 illud,
386 781 458 856 quia
473 796 523 840 res
538 781 568 841 in
584 779 795 841 controversia
809 786 856 840 est
871 788 900 840 et
915 781 997 840 litem
1011 790 1116 842 conte-

139 873 247 927 statam
265 865 429 938 habemns,
459 864 494 923 in
520 863 747 940 praesentia
770 864 989 924 disseratur.
1026 864 1116 938 Quod

138 967 196 1026 ego
218 952 286 1010 leve
307 949 430 1022 dixero,
457 955 490 1009 tu
511 948 724 1022 gravissimum
744 963 816 1007 esse
835 947 1020 1008 contendes:
1048 947 1116 1009 scio

138 1035 216 1094 alios
240 1035 318 1094 inter
342 1031 464 1106 flagella
487 1032 605 1105 ridere,
631 1031 709 1090 alios
735 1045 858 1104 gemere
889 1031 946 1091 sub
973 1031 1115 1107 colapho.

137 1118 248 1178 Postea
272 1116 460 1190 videbimus,
480 1122 587 1176 'utrum
612 1115 672 1174 ista
696 1112 762 1175 suis
787 1112 904 1174 viribus
930 1117 1052 1175 valeant
1075 1131 1116 1176 an

137 1201 332 1263 inbecillitate
347 1207 462 1260 nostra.

108 1281 126 1348 6
198 1285 274 1345 lllud
286 1289 410 1358 praesta
420 1281 501 1356 mihi,
513 1288 555 1354 ut,
570 1281 1115 1357 666116166116611616161111,6611111

136 1377 166 1429 16
181 1370 325 1429 1116616111
340 1381 413 1425 6666
427 1365 648 1440 persuadeant,
669 1381 731 1426 non
745 1364 819 1440 quid
830 1364 954 1440 audias,
972 1366 1029 1425 sed
1041 1366 1115 1440 quid

137 1453 261 1524 sentias,
275 1449 391 1523 cogites
401 1454 432 1508 et
443 1463 511 1507 cnm
523 1448 667 1523 patientia
678 1456 730 1508 166
739 1447 892 1508 deliberes
901 1464 938 1508 ac
948 1455 978 1509 16
989 1449 1056 1524 1666
1069 1447 1114 1508 in·

137 1542 284 1608 terrogas
299 1532 351 1606 qui
362 1537 414 1591 tua
423 1530 536 1605 optime
547 1531 643 1591 nostl=
659 1531 799 1606 quidest,
813 1547 909 1606 quare
921 1532 970 1592 isti
982 1546 1114 1593 mecon·

136 1619 276 1693 plorentt
291 1614 430 1690 quidest,
441 1614 525 1689 quod
536 1614 697 1689 trepident,
709 1615 792 1690 quod
804 1614 978 1689 contagium
988 1631 1115 1691 quoque

137 1699 197 1761 mei
206 1700 338 1770 timeant
352 1700 441 1773 quasi
451 1697 621 1758 transsilire
632 1698 788 1759 calamitas
800 1699 919 1774 possin
940 1706 988 1759 est
999 1699 1114 1775 aliquid

137 1784 205 1844 istic
219 1781 299 1855 mali,
315 1798 354 1842 an
368 1797 420 1842 res
433 1782 493 1842 1616
506 1781 603 1855 magis
615 1781 736 1842 11161616
747 1789 796 1843 661
807 1799 899 1858 66611
910 1784 1011 1842 mala?
1041 1783 1114 1858 Ipse

136 1874 167 1927 16
186 1868 359 1940 interroga:
389 1865 535 1941 numquid
556 1865 622 1925 sine
645 1882 740 1926 causa
758 1866 926 1927 cruciaret
943 1882 1066 1927 1166166
1084 1882 1115 1925 et

104 1962 120 2020 ’1
138 1952 220 2026 quod
235 1966 296 2010 non
312 1955 360 2008 661
374 1952 501 2024 malum,
521 1949 621 2010 166161
652 1949 1113 2026 ,96611666166616,1616116-

136 2049 220 2109 gam,
240 2049 321 2092 vana
336 2033 397 2093 6111
412 2048 554 2106 6116616,
583 2033 694 2108 quibus
710 2039 852 2109 angort“
885 2035 1004 2109 Accipe
1020 2031 1112 2092 huius

134 2119 179 2178 rei
198 2118 350 2193 regulam:
378 2123 430 2177 aut
444 2117 658 2192 praesentibus
673 2125 851 2192 torquemur
866 2125 919 2178 661
936 2117 1045 2179 1616116
1062 2121 1114 2175 661

135 2199 283 2276 61116666.
316 2201 356 2260 (16
375 2201 588 2276 praesentibus
609 2202 698 2261 facile
711 2200 857 2262 iudicium
872 2208 932 2262 esu
954 2201 982 2261 61
997 2215 1112 2275 661666

135 2294 218 2346 16611
240 2283 367 2344 liberum
381 2292 443 2359 661,
469 2300 577 2345 661611
593 2292 654 2358 661,
676 2301 734 2346 166
748 2287 828 2346 61166
847 2301 885 2345 ex
900 2285 1009 2344 iniuria
1024 2285 1114 2343 dolor

135 2376 197 2429 est=
216 2366 387 2430 videbimus
399 2368 472 2445 quid
484 2370 617 2430 16161611
630 2369 678 2430 611.
698 2368 791 2429 hodie
802 2368 876 2429 nihil
887 2368 998 2441 negotii
1010 2366 1114 2428 habet.

102 2454 195 2528 6,,Α1
214 2452 295 2513 onim
310 2454 443 2514 luturum
459 2458 536 2514 est.“
562 2451 694 2512 Primum
714 2452 847 2525 dispice,
869 2466 908 2509 61
925 2457 1006 2509 66116
1021 2455 1106 2523 argu

135 2545 236 2598 menta
255 2536 317 2596 6111
335 2537 455 2598 venturi
475 2535 554 2594 mali.
589 2536 769 2608 plerumque
783 2532 863 2592 enim
882 2531 1112 2606 suspicionibus

135 2620 324 2690 laboramus,
348 2626 379 2678 et
396 2617 504 2678 inludit
525 2617 615 2676 nobis
637 2617 702 2686 illa,
726 2631 806 2690 quae
830 2614 983 2676 conficere
997 2616 1111 2677 bellum

136 2706 229 2774 solet,
256 2702 350 2772 lama,
380 2701 474 2760 multo
495 2704 596 2759 661616
618 2698 715 2772 magis
735 2699 873 2772 singulos
900 2699 1031 2760 coniicit.
1067 2701 1112 2760 Ita

135 2793 196 2858 est,
211 2784 252 2842 mi
265 2782 377 2843 Lucili=
404 2782 462 2842 6116
478 2782 654 2842 accedimus
670 2781 817 2856 opinioni.
839 2799 901 2843 non
917 2784 1110 2859 coarguimus

134 2869 199 2941 illa,
221 2881 300 2940 quae
319 2882 377 2926 nos
400 2866 558 2925 inmotum
578 2866 748 2941 adducunt,
769 2882 827 2927 nec
847 2868 1033 2943 excutimuS,
1054 2866 1112 2926 sed

133 2948 322 3025 trepidamus
345 2956 376 3009 61
400 2947 445 3009 616
470 2949 614 3009 vertimus
640 2957 739 3025 terga,
771 2951 1029 3026 quemadmodum
1059 2950 1111 3023 illi,

136 3048 215 3109 qnos
229 3033 330 3107 pulvis
345 3040 446 3094 motus
463 3034 536 3107 luga
550 3048 696 3107 pecorum
714 3035 799 3096 exuit
813 3036 937 3108 castris,
964 3043 1015 3095 aut
1032 3048 1111 3109 qnos

101 3131 119 3187 9
134 3117 236 3193 aliqua
252 3115 355 3177 fabula
370 3118 436 3176 sine
450 3124 575 3177 auctore
590 3133 699 3192 sparsa
714 3120 888 3179 conterruit.
910 3119 1021 3179 Nescio
1035 3133 1112 3193 quo-

134 3202 227 3262 modo
248 3200 346 3276 magis
366 3217 448 3262 vana
469 3200 656 3275 perturbant.
691 3218 764 3263 vera
784 3203 864 3262 enim
883 3203 1007 3262 modum
1023 3217 1110 3261 suum

134 3285 257 3346 habent.
286 3284 432 3360 quicquid
448 3301 488 3344 ex
501 3284 617 3346 incerto
632 3287 728 3360 venit,
744 3286 938 3347 coniecturae
953 3293 984 3346 61
997 3301 1111 3361 paven-

135 3370 174 3430 tis
197 3369 287 3429 animi
308 3370 447 3430 licentiae
466 3369 603 3430 traditur.
637 3371 710 3430 nulli
731 3371 834 3444 itaque
855 3377 915 3431 tam
936 3368 1110 3445 pemiciosi‚

137 3460 198 3514 tam
219 3453 443 3514 inrevocabiles
466 3470 557 3529 quam
577 3452 755 3532 lymphatici
781 3460 880 3514 metus
902 3459 982 3513 sunt.
1019 3451 1112 3512 ceteri
