2468 3930
167 249 232 317 aad
451 249 486 312 L.
506 247 655 308 ANNAEI
676 247 854 309 SENECAE

165 421 204 467 eo
220 410 281 477 est,
298 419 334 464 ao
349 404 375 463 si
391 417 499 462 omnes
513 401 595 462 idem
608 401 754 476 sentiant,
771 401 843 475 quia
858 400 941 462 aliud
955 401 1072 462 sentire
1086 419 1147 467 non

123 494 311 566 tapossuntr
333 487 372 546 ad
393 484 522 561 gloriam
542 494 595 547 aul
614 486 726 546 lamam
742 502 803 546 non
819 493 868 547 est
882 485 957 546 satis
972 485 1066 547 unius
1080 491 1146 566 opi·

164 573 225 633 nio.
252 571 314 630 illio
327 571 408 630 idem
423 575 527 644 potest
540 586 602 630 una
614 570 779 643 sententia,
804 568 1055 646 quodomnium,
1077 574 1146 648 quia

164 655 312 726 omnium,
330 655 357 714 si
371 661 567 730 perrogatur,
582 671 644 715 una
658 655 729 714 erit=
751 653 801 714 hio
817 654 939 714 diversa
953 652 1145 719 dissimilium

105 747 107 751 ’
163 737 277 801 iudicia
296 744 381 811 sant,
404 737 569 798 dissimiles
590 739 741 799 adlectus.
770 737 865 799 dubia
878 737 981 799 omnia
994 738 1144 814 invenies,

163 824 256 896 levia,
273 829 429 898 suspecta.
462 828 551 897 putas
569 829 601 883 lu
617 838 713 898 posse
726 838 819 882 unam
834 821 968 883 omnium
987 839 1062 884 esse
1076 840 1144 886 sen·

162 908 307 970 tentiam?
332 924 393 968 non
416 913 463 967 εει
482 907 571 967 unius
589 923 650 966 una
664 906 831 968 sententia:
856 905 899 967 illi
913 905 1015 982 placet
1029 924 1143 971 verum.

162 991 298 1054 veritatis
318 1007 381 1052 una
401 991 464 1065 vis,
484 1007 547 1051 una
569 989 664 1052 iaoies
686 997 747 1052 est:
775 991 861 1065 apud
878 989 938 1052 hos
963 991 1044 1052 iulsa
1064 999 1143 1068 sunl,

164 1077 275 1154 quibus
297 1075 520 1136 adsentiuntur.
551 1090 718 1150 numquam
739 1080 840 1136 autem
863 1074 949 1136 falsis
974 1077 1145 1138 constantia

121 1168 225 1228 14est=
245 1158 403 1221 variantur
419 1167 449 1220 et
460 1158 622 1220 dissident.
645 1157 728 1233 „Sed
739 1161 824 1233 laus,
839 1158 952 1234 inquit,
973 1158 1048 1221 nihil
1063 1161 1145 1222 aliud

163 1261 256 1320 quarn
270 1260 333 1304 vox
350 1251 413 1305 esta
440 1260 503 1305 vox
520 1250 621 1303 autem
635 1243 748 1303 bonurn
764 1259 825 1303 non
841 1247 919 1303 est.“
950 1241 1026 1304 (lum
1043 1245 1145 1306 dicant

162 1331 327 1391 claritatem
348 1343 420 1388 esse
439 1328 561 1388 laudem
584 1327 733 1387 bonorum
754 1343 773 1388 a
791 1326 883 1387 bonis
897 1326 1066 1404 redditam,
1085 1327 1144 1391 iam

161 1430 224 1474 non
239 1414 279 1473 ad
295 1428 402 1473 vooem
416 1412 565 1486 relerunt,
581 1412 636 1472 sed
651 1411 692 1470 ad
706 1412 897 1472 sententiam
918 1410 990 1471 lieet
1004 1413 1086 1474 enim
1099 1413 1145 1473 vir

160 1498 262 1559 bonus
287 1503 401 1569 taoeat,
427 1496 485 1555 sed
509 1494 643 1570 aliquem
668 1495 781 1556 iudicet
804 1495 928 1570 dignum
948 1495 1041 1558 laude
1063 1512 1143 1571 esse,

119 1582 302 1647 lalandatus
318 1587 374 1641 est.
396 1579 557 1640 Praeterea
571 1579 655 1639 aliud
670 1586 718 1640 est
733 1581 835 1654 laus,
851 1578 934 1640 aliud
949 1579 1143 1643 laudatior

159 1665 237 1726 haee
249 1672 279 1724 et
291 1679 399 1725 vocem
410 1661 519 1737 exigit:
539 1664 642 1738 itaque
653 1679 743 1724 nemo
756 1663 828 1724 dioit
839 1663 961 1723 laudern
975 1664 1143 1739 funebrem,

161 1751 218 1810 sed
243 1748 465 1821 laudationem,
491 1748 579 1807 ouius
602 1747 738 1808 ollioium
755 1748 894 1808 oratione
917 1753 1049 1810 constat.
1075 1765 1143 1810 oum

160 1833 290 1893 dicimus
311 1832 444 1907 aliquem
465 1831 557 1890 laude
580 1830 720 1907 dignum,
743 1848 805 1892 non
829 1831 924 1892 verba
943 1830 987 1892 illi
1009 1831 1144 1908 benigna

158 1915 330 1990 hominum,
352 1916 410 1976 sed
429 1915 542 1975 iudicia
563 1915 774 1990 promittimus.
808 1930 883 1989 ergo
902 1916 972 1977 laus
992 1915 1083 1976 etiarn
1099 1923 1142 1977 ta-

159 2000 210 2062 oili
231 2008 279 2061 est
296 1999 377 2061 bene
393 1997 553 2061 sentientis
570 2016 607 2061 aa
622 2001 738 2060 bonum
752 1999 850 2061 virum
865 2001 951 2075 apud
964 2014 1001 2060 se
1013 1999 1139 2061 laudan·

117 2085 207 2152 latis.
237 2085 371 2160 Deinde,
393 2092 426 2146 ut
446 2083 524 2159 dixi,
545 2085 587 2145 ad
607 2086 740 2146 animum
760 2085 892 2144 refertur
914 2086 999 2158 laus,
1017 2100 1081 2148 noa
1102 2085 1141 2145 ad

105 2247 107 2250 y
158 2170 266 2245 verba,
291 2186 371 2245 quae
383 2177 562 2245 conceptam
573 2169 695 2231 landem
704 2175 833 2244 egerunt
844 2177 874 2229 et
885 2166 915 2227 in
927 2165 1065 2229 notitiam
1077 2171 1141 2245 plu-

104 2269 107 2313 ι
157 2252 236 2315 rium
251 2256 398 2315 emittunt.
425 2253 543 2328 laudat,
566 2255 618 2329 qui
633 2253 822 2315 laudandum
836 2251 1048 2315 esseiudioat.
1073 2269 1141 2315 oum

104 2362 108 2413 ².
157 2340 292 2414 tragicus
304 2339 355 2399 ille
366 2339 518 2413 apudnos
530 2337 572 2398 ait
582 2342 773 2413 moaaifioam
782 2354 845 2398 esse
855 2337 981 2397 laudari
987 2339 1144 2401 olaadato

157 2426 234 2494 atro.
249 2424 341 2485 laude
358 2423 467 2498 digno,
483 2423 533 2482 ait.
556 2429 587 2483 et
602 2439 671 2482 oum
685 2437 785 2497 aeque
799 2420 944 2497 antiquus
960 2428 1053 2496 poeta
1067 2420 1123 2483 uile

529 2509 598 2568 laus
608 2509 763 2580 olitartes,

157 2609 220 2653 non
235 2591 441 2653 laudationem
457 2588 545 2665 dioit,
568 2606 647 2666 quae
662 2589 831 2665 corrumpit
844 2594 936 2654 artes.
970 2585 1047 2651 nihil
1061 2589 1142 2655 enim

157 2690 258 2751 aeque
273 2682 304 2734 et
317 2674 522 2750 eloquentiam
543 2680 573 2734 ει
588 2690 679 2735 omne
694 2675 777 2735 aliud
795 2673 929 2735 studium
945 2673 1073 2737 auribus
1088 2673 1140 2737 do-

116 2761 149 2817 17
157 2759 252 2819 ditum
277 2757 393 2819 vitiavit
418 2774 509 2835 quam
537 2758 696 2834 popularis
720 2758 877 2820 adsensio.
912 2758 1008 2820 Fama
1031 2773 1141 2819 vooem

156 2842 263 2917 utique
284 2842 455 2916 desiderat,
477 2843 599 2903 claritas
620 2859 693 2904 non.
727 2849 830 2919 potest
844 2842 924 2903 enim
941 2842 1016 2903 eitra
1029 2857 1140 2904 voeern

156 2926 334 3002 oontingere
351 2933 494 2988 eontenta
508 2927 632 2988 iudicio.
660 2929 753 3004 plena
767 2932 830 3000 est,
850 2944 912 2987 non
932 2934 1049 2988 tantum
1062 2927 1141 2988 inter

155 3012 300 3086 tacentis,
321 3013 379 3073 sed
399 3012 489 3072 eiiam
508 3011 587 3074 inter
598 3011 804 3074 reclamantis.
838 3009 916 3085 Quid
930 3010 1050 3073 intersit
1063 3011 1140 3072 inter

156 3095 321 3158 olarilatem
333 3103 364 3158 et
372 3098 501 3174 gloriam
513 3097 627 3158 dieann
649 3094 746 3173 gloria
758 3097 922 3158 multorum
932 3093 1055 3156 iudiciis
1068 3109 1139 3156 ooa-

115 3186 149 3242 18
156 3189 231 3256 stat,
247 3182 368 3244 claritas
384 3183 546 3244 bonorum.
574 3181 704 3257 „cuius,
724 3181 837 3256 inquit,
858 3180 974 3242 bonurn
989 3185 1038 3241 εει
1051 3178 1139 3241 olari·

155 3274 218 3341 tas,
240 3267 271 3327 id
293 3275 341 3329 est
360 3269 428 3330 laus
448 3267 531 3328 bono
549 3265 672 3328 abonis
688 3264 831 3327 reddita?
856 3272 957 3327 ulrum
972 3263 1086 3325 laudati
1100 3278 1140 3323 aa

156 3352 355 3413 laudantist“
382 3352 565 3426 Utriusquea
587 3367 702 3425 meum,
725 3349 777 3427 qui
798 3350 920 3423 laudor,
943 3348 1140 3424 quiaaatara

155 3452 205 3496 mo
224 3442 374 3498 amantem
397 3434 531 3498 omnium
545 3436 664 3511 genuit,
686 3443 717 3497 et
736 3436 815 3496 bene
836 3432 951 3496 iecisse
969 3433 1094 3508 gaudeo
1109 3438 1140 3495 et

152 3526 260 3595 gratos
274 3535 323 3580 me
337 3520 494 3581 invenisse
507 3518 653 3582 virtutum
662 3519 846 3596 interpretes
860 3520 972 3580 laetari
995 3516 1057 3580 ltoe
1071 3517 1138 3596 plu·
