<?xml version="1.0" encoding="UTF-8"?>
<!DOCTYPE html PUBLIC "-//W3C//DTD XHTML 1.0 Transitional//EN"
    "http://www.w3.org/TR/xhtml1/DTD/xhtml1-transitional.dtd">
<html xmlns="http://www.w3.org/1999/xhtml" xml:lang="en" lang="en">
 <head>
  <title>
</title>
<meta http-equiv="Content-Type" content="text/html;charset=utf-8" />
  <meta name='ocr-system' content='tesseract 3.04.00' />
  <meta name='ocr-capabilities' content='ocr_page ocr_carea ocr_par ocr_line ocrx_word'/>
</head>
<body>
  <div class='ocr_page' id='page_1' title='image "./lannaeisenecaeo00haasgoog_0211.png"; bbox 0 0 2468 3930; ppageno 0'>
   <div class='ocr_carea' id='block_1_1' title="bbox 148 247 829 313">
    <p class='ocr_par' dir='ltr' id='par_1_1' title="bbox 148 247 829 313">
     <span class='ocr_line' id='line_1_1' title="bbox 148 247 829 313; baseline -0.007 0"><span class='ocrx_word' id='word_1_1' title='bbox 148 247 208 313; x_wconf 81' lang='lat'>178</span> <span class='ocrx_word' id='word_1_2' title='bbox 431 249 464 306; x_wconf 91' lang='lat' dir='ltr'>L.</span> <span class='ocrx_word' id='word_1_3' title='bbox 486 249 632 310; x_wconf 83' lang='lat' dir='ltr'>ANNAEI</span> <span class='ocrx_word' id='word_1_4' title='bbox 654 250 829 310; x_wconf 78' lang='lat' dir='ltr'>SENECAE</span> 
     </span>
    </p>
   </div>
   <div class='ocr_carea' id='block_1_2' title="bbox 104 391 1122 726">
    <p class='ocr_par' dir='ltr' id='par_1_2' title="bbox 104 391 1122 726">
     <span class='ocr_line' id='line_1_2' title="bbox 144 391 1122 477; baseline 0.002 -17"><span class='ocrx_word' id='word_1_5' title='bbox 144 399 240 476; x_wconf 88' lang='lat' dir='ltr'>gratia</span> <span class='ocrx_word' id='word_1_6' title='bbox 261 391 292 459; x_wconf 85' lang='lat' dir='ltr'>et</span> <span class='ocrx_word' id='word_1_7' title='bbox 311 398 416 458; x_wconf 87' lang='lat' dir='ltr'>relatio</span> <span class='ocrx_word' id='word_1_8' title='bbox 438 399 567 472; x_wconf 88' lang='lat' dir='ltr'>gratiae,</span> <span class='ocrx_word' id='word_1_9' title='bbox 598 399 624 458; x_wconf 93' lang='lat' dir='ltr'>si</span> <span class='ocrx_word' id='word_1_10' title='bbox 647 399 786 459; x_wconf 90' lang='lat' dir='ltr'>timemus</span> <span class='ocrx_word' id='word_1_11' title='bbox 807 398 958 471; x_wconf 88' lang='lat' dir='ltr'>laborem,</span> <span class='ocrx_word' id='word_1_12' title='bbox 980 395 1008 458; x_wconf 91' lang='lat' dir='ltr'>si</span> <span class='ocrx_word' id='word_1_13' title='bbox 1032 399 1122 477; x_wconf 87' lang='lat' dir='ltr'>quie-</span> 
     </span>
     <span class='ocr_line' id='line_1_3' title="bbox 146 480 1119 558; baseline 0.002 -15"><span class='ocrx_word' id='word_1_14' title='bbox 146 499 237 558; x_wconf 86' lang='lat' dir='ltr'>quam</span> <span class='ocrx_word' id='word_1_15' title='bbox 255 480 417 556; x_wconf 83' lang='lat' dir='ltr'><strong>pretiosius</strong></span> <span class='ocrx_word' id='word_1_16' title='bbox 433 482 494 541; x_wconf 89' lang='lat' dir='ltr'>fide</span> <span class='ocrx_word' id='word_1_17' title='bbox 513 483 669 554; x_wconf 91' lang='lat' dir='ltr'>novimus,</span> <span class='ocrx_word' id='word_1_18' title='bbox 684 482 710 541; x_wconf 94' lang='lat' dir='ltr'>si</span> <span class='ocrx_word' id='word_1_19' title='bbox 725 499 787 543; x_wconf 93' lang='lat' dir='ltr'>non</span> <span class='ocrx_word' id='word_1_20' title='bbox 799 482 914 557; x_wconf 88' lang='lat' dir='ltr'>optima</span> <span class='ocrx_word' id='word_1_21' title='bbox 928 487 1119 557; x_wconf 76' lang='lat' dir='ltr'><strong>spectamus.</strong></span> 
     </span>
     <span class='ocr_line' id='line_1_4' title="bbox 104 566 1119 640; baseline 0.005 -18"><span class='ocrx_word' id='word_1_22' title='bbox 104 568 138 623; x_wconf 84' lang='lat'>14</span> <span class='ocrx_word' id='word_1_23' title='bbox 146 566 209 627; x_wconf 89' lang='lat' dir='ltr'>Sed</span> <span class='ocrx_word' id='word_1_24' title='bbox 224 573 257 626; x_wconf 89' lang='lat' dir='ltr'>ut</span> <span class='ocrx_word' id='word_1_25' title='bbox 270 566 320 625; x_wconf 87' lang='lat' dir='ltr'>illa</span> <span class='ocrx_word' id='word_1_26' title='bbox 336 572 533 640; x_wconf 75' lang='lat' dir='ltr'>praeteream,</span> <span class='ocrx_word' id='word_1_27' title='bbox 554 574 605 626; x_wconf 88' lang='lat' dir='ltr'>aut</span> <span class='ocrx_word' id='word_1_28' title='bbox 621 566 678 626; x_wconf 91' lang='lat' dir='ltr'>ista</span> <span class='ocrx_word' id='word_1_29' title='bbox 692 566 773 625; x_wconf 91' lang='lat' dir='ltr'>bona</span> <span class='ocrx_word' id='word_1_30' title='bbox 788 580 849 625; x_wconf 92' lang='lat' dir='ltr'>non</span> <span class='ocrx_word' id='word_1_31' title='bbox 864 572 950 636; x_wconf 90' lang='lat' dir='ltr'>sunt,</span> <span class='ocrx_word' id='word_1_32' title='bbox 968 581 1049 640; x_wconf 89' lang='lat' dir='ltr'>quae</span> <span class='ocrx_word' id='word_1_33' title='bbox 1063 582 1119 627; x_wconf 89' lang='lat' dir='ltr'>vo·</span> 
     </span>
     <span class='ocr_line' id='line_1_5' title="bbox 146 648 1121 726; baseline 0.002 -16"><span class='ocrx_word' id='word_1_34' title='bbox 146 655 264 723; x_wconf 88' lang='lat' dir='ltr'>cantur,</span> <span class='ocrx_word' id='word_1_35' title='bbox 281 656 333 709; x_wconf 89' lang='lat' dir='ltr'>aut</span> <span class='ocrx_word' id='word_1_36' title='bbox 345 649 437 708; x_wconf 93' lang='lat' dir='ltr'>homo</span> <span class='ocrx_word' id='word_1_37' title='bbox 453 648 570 708; x_wconf 82' lang='lat' dir='ltr'>felicior</span> <span class='ocrx_word' id='word_1_38' title='bbox 584 649 643 710; x_wconf 89' lang='lat' dir='ltr'>deo</span> <span class='ocrx_word' id='word_1_39' title='bbox 662 656 723 722; x_wconf 91' lang='lat' dir='ltr'>est,</span> <span class='ocrx_word' id='word_1_40' title='bbox 740 649 884 724; x_wconf 90' lang='lat' dir='ltr'>quoniam</span> <span class='ocrx_word' id='word_1_41' title='bbox 899 648 1024 724; x_wconf 87' lang='lat' dir='ltr'>quidem</span> <span class='ocrx_word' id='word_1_42' title='bbox 1039 666 1121 726; x_wconf 86' lang='lat' dir='ltr'>quaa</span> 
     </span>
    </p>
   </div>
   <div class='ocr_carea' id='block_1_3' title="bbox 103 731 1120 3558">
    <p class='ocr_par' dir='ltr' id='par_1_3' title="bbox 103 731 1120 3558">
     <span class='ocr_line' id='line_1_6' title="bbox 145 731 1120 809; baseline 0.002 -17"><span class='ocrx_word' id='word_1_43' title='bbox 145 741 251 809; x_wconf 87' lang='lat' dir='ltr'>parata</span> <span class='ocrx_word' id='word_1_44' title='bbox 266 732 356 792; x_wconf 91' lang='lat' dir='ltr'>nobis</span> <span class='ocrx_word' id='word_1_45' title='bbox 373 738 458 804; x_wconf 91' lang='lat' dir='ltr'>sunt,</span> <span class='ocrx_word' id='word_1_46' title='bbox 480 749 542 792; x_wconf 93' lang='lat' dir='ltr'>non</span> <span class='ocrx_word' id='word_1_47' title='bbox 563 731 655 793; x_wconf 88' lang='lat' dir='ltr'>habet</span> <span class='ocrx_word' id='word_1_48' title='bbox 675 733 704 791; x_wconf 94' lang='lat' dir='ltr'>in</span> <span class='ocrx_word' id='word_1_49' title='bbox 720 749 779 793; x_wconf 92' lang='lat' dir='ltr'>usu</span> <span class='ocrx_word' id='word_1_50' title='bbox 798 733 886 793; x_wconf 88' lang='lat' dir='ltr'>deus.</span> <span class='ocrx_word' id='word_1_51' title='bbox 916 747 973 791; x_wconf 90' lang='lat' dir='ltr'>nec</span> <span class='ocrx_word' id='word_1_52' title='bbox 987 733 1068 792; x_wconf 89' lang='lat' dir='ltr'>enim</span> <span class='ocrx_word' id='word_1_53' title='bbox 1084 734 1120 794; x_wconf 92' lang='lat' dir='ltr'>li·</span> 
     </span>
     <span class='ocr_line' id='line_1_7' title="bbox 143 815 1120 892; baseline 0.001 -16"><span class='ocrx_word' id='word_1_54' title='bbox 143 818 216 877; x_wconf 92' lang='lat' dir='ltr'>bido</span> <span class='ocrx_word' id='word_1_55' title='bbox 233 817 273 874; x_wconf 90' lang='lat' dir='ltr'>ad</span> <span class='ocrx_word' id='word_1_56' title='bbox 288 817 370 876; x_wconf 92' lang='lat' dir='ltr'>illum</span> <span class='ocrx_word' id='word_1_57' title='bbox 386 831 443 875; x_wconf 90' lang='lat' dir='ltr'>nee</span> <span class='ocrx_word' id='word_1_58' title='bbox 457 817 615 890; x_wconf 88' lang='lat' dir='ltr'>epularum</span> <span class='ocrx_word' id='word_1_59' title='bbox 632 815 766 876; x_wconf 85' lang='lat' dir='ltr'>lautitiae</span> <span class='ocrx_word' id='word_1_60' title='bbox 786 830 843 875; x_wconf 87' lang='lat' dir='ltr'>nec</span> <span class='ocrx_word' id='word_1_61' title='bbox 861 831 939 890; x_wconf 89' lang='lat' dir='ltr'>opes</span> <span class='ocrx_word' id='word_1_62' title='bbox 959 830 1017 874; x_wconf 90' lang='lat' dir='ltr'>neo</span> <span class='ocrx_word' id='word_1_63' title='bbox 1033 817 1120 892; x_wconf 91' lang='lat' dir='ltr'>quic·</span> 
     </span>
     <span class='ocr_line' id='line_1_8' title="bbox 146 898 1119 974; baseline 0.003 -17"><span class='ocrx_word' id='word_1_64' title='bbox 146 916 236 974; x_wconf 89' lang='lat' dir='ltr'>qnam</span> <span class='ocrx_word' id='word_1_65' title='bbox 258 916 296 959; x_wconf 87' lang='lat' dir='ltr'>ex</span> <span class='ocrx_word' id='word_1_66' title='bbox 318 899 364 958; x_wconf 79' lang='lat' dir='ltr'>liis</span> <span class='ocrx_word' id='word_1_67' title='bbox 385 898 538 961; x_wconf 90' lang='lat' dir='ltr'>bominem</span> <span class='ocrx_word' id='word_1_68' title='bbox 559 899 765 959; x_wconf 83' lang='lat' dir='ltr'>inescantibus</span> <span class='ocrx_word' id='word_1_69' title='bbox 780 907 810 960; x_wconf 89' lang='lat' dir='ltr'>at</span> <span class='ocrx_word' id='word_1_70' title='bbox 827 899 877 958; x_wconf 92' lang='lat' dir='ltr'>vili</span> <span class='ocrx_word' id='word_1_71' title='bbox 892 900 1048 974; x_wconf 85' lang='lat' dir='ltr'>voluptate</span> <span class='ocrx_word' id='word_1_72' title='bbox 1062 899 1119 960; x_wconf 90' lang='lat' dir='ltr'>du-</span> 
     </span>
     <span class='ocr_line' id='line_1_9' title="bbox 146 982 1120 1058; baseline 0 -16"><span class='ocrx_word' id='word_1_73' title='bbox 146 983 283 1042; x_wconf 89' lang='lat' dir='ltr'>centibus</span> <span class='ocrx_word' id='word_1_74' title='bbox 299 983 436 1058; x_wconf 90' lang='lat' dir='ltr'>pertinet.</span> <span class='ocrx_word' id='word_1_75' title='bbox 461 998 534 1056; x_wconf 88' lang='lat' dir='ltr'>ergo</span> <span class='ocrx_word' id='word_1_76' title='bbox 549 990 600 1042; x_wconf 85' lang='lat' dir='ltr'>aut</span> <span class='ocrx_word' id='word_1_77' title='bbox 616 982 760 1043; x_wconf 76' lang='lat' dir='ltr'>credibile</span> <span class='ocrx_word' id='word_1_78' title='bbox 778 987 826 1042; x_wconf 90' lang='lat' dir='ltr'>est</span> <span class='ocrx_word' id='word_1_79' title='bbox 840 982 923 1042; x_wconf 91' lang='lat' dir='ltr'>bona</span> <span class='ocrx_word' id='word_1_80' title='bbox 934 982 993 1042; x_wconf 92' lang='lat' dir='ltr'>deo</span> <span class='ocrx_word' id='word_1_81' title='bbox 1006 983 1120 1044; x_wconf 87' lang='lat' dir='ltr'>deesse</span> 
     </span>
     <span class='ocr_line' id='line_1_10' title="bbox 147 1061 1119 1140; baseline -0.002 -14"><span class='ocrx_word' id='word_1_82' title='bbox 147 1074 199 1126; x_wconf 88' lang='lat' dir='ltr'>aut</span> <span class='ocrx_word' id='word_1_83' title='bbox 212 1066 273 1125; x_wconf 89' lang='lat' dir='ltr'>boc</span> <span class='ocrx_word' id='word_1_84' title='bbox 287 1061 388 1140; x_wconf 87' lang='lat' dir='ltr'>ipsum</span> <span class='ocrx_word' id='word_1_85' title='bbox 403 1073 613 1140; x_wconf 81' lang='lat' dir='ltr'>argumentum</span> <span class='ocrx_word' id='word_1_86' title='bbox 626 1072 675 1126; x_wconf 90' lang='lat' dir='ltr'>est</span> <span class='ocrx_word' id='word_1_87' title='bbox 689 1066 770 1125; x_wconf 91' lang='lat' dir='ltr'>bona</span> <span class='ocrx_word' id='word_1_88' title='bbox 784 1081 845 1125; x_wconf 90' lang='lat' dir='ltr'>non</span> <span class='ocrx_word' id='word_1_89' title='bbox 862 1081 949 1137; x_wconf 89' lang='lat' dir='ltr'>esse,</span> <span class='ocrx_word' id='word_1_90' title='bbox 967 1080 1048 1140; x_wconf 89' lang='lat' dir='ltr'>quae</span> <span class='ocrx_word' id='word_1_91' title='bbox 1058 1066 1119 1125; x_wconf 89' lang='lat' dir='ltr'>deo</span> 
     </span>
     <span class='ocr_line' id='line_1_11' title="bbox 104 1146 1118 1224; baseline 0.001 -17"><span class='ocrx_word' id='word_1_92' title='bbox 104 1155 137 1207; x_wconf 86' lang='lat'>15</span> <span class='ocrx_word' id='word_1_93' title='bbox 147 1151 265 1209; x_wconf 89' lang='lat' dir='ltr'>desunt.</span> <span class='ocrx_word' id='word_1_94' title='bbox 299 1150 411 1220; x_wconf 81' lang='lat' dir='ltr'>Adice,</span> <span class='ocrx_word' id='word_1_95' title='bbox 443 1149 527 1223; x_wconf 89' lang='lat' dir='ltr'>quod</span> <span class='ocrx_word' id='word_1_96' title='bbox 545 1150 653 1221; x_wconf 89' lang='lat' dir='ltr'>multa,</span> <span class='ocrx_word' id='word_1_97' title='bbox 681 1164 761 1224; x_wconf 90' lang='lat' dir='ltr'>quac</span> <span class='ocrx_word' id='word_1_98' title='bbox 780 1149 863 1209; x_wconf 89' lang='lat' dir='ltr'>bona</span> <span class='ocrx_word' id='word_1_99' title='bbox 882 1148 978 1208; x_wconf 88' lang='lat' dir='ltr'>videri</span> <span class='ocrx_word' id='word_1_100' title='bbox 1002 1146 1118 1223; x_wconf 77' lang='lat' dir='ltr'>volunt,</span> 
     </span>
     <span class='ocr_line' id='line_1_12' title="bbox 146 1231 1118 1307; baseline 0.001 -15"><span class='ocrx_word' id='word_1_101' title='bbox 146 1234 326 1292; x_wconf 82' lang='lat' dir='ltr'>animalibus</span> <span class='ocrx_word' id='word_1_102' title='bbox 353 1248 444 1306; x_wconf 86' lang='lat' dir='ltr'>quam</span> <span class='ocrx_word' id='word_1_103' title='bbox 469 1231 584 1292; x_wconf 87' lang='lat' dir='ltr'>bomini</span> <span class='ocrx_word' id='word_1_104' title='bbox 604 1232 742 1307; x_wconf 88' lang='lat' dir='ltr'>pleniora</span> <span class='ocrx_word' id='word_1_105' title='bbox 759 1232 950 1306; x_wconf 85' lang='lat' dir='ltr'>contingunt:</span> <span class='ocrx_word' id='word_1_106' title='bbox 976 1231 1028 1292; x_wconf 86' lang='lat' dir='ltr'>illa</span> <span class='ocrx_word' id='word_1_107' title='bbox 1048 1231 1118 1293; x_wconf 89' lang='lat' dir='ltr'>cibo</span> 
     </span>
     <span class='ocr_line' id='line_1_13' title="bbox 146 1313 1117 1390; baseline -0.002 -14"><span class='ocrx_word' id='word_1_108' title='bbox 146 1318 266 1376; x_wconf 89' lang='lat' dir='ltr'>avidius</span> <span class='ocrx_word' id='word_1_109' title='bbox 288 1321 420 1375; x_wconf 89' lang='lat' dir='ltr'>utuntur.</span> <span class='ocrx_word' id='word_1_110' title='bbox 457 1331 568 1375; x_wconf 90' lang='lat' dir='ltr'>venere</span> <span class='ocrx_word' id='word_1_111' title='bbox 588 1330 650 1374; x_wconf 91' lang='lat' dir='ltr'>non</span> <span class='ocrx_word' id='word_1_112' title='bbox 676 1331 777 1390; x_wconf 87' lang='lat' dir='ltr'>aeque</span> <span class='ocrx_word' id='word_1_113' title='bbox 802 1315 974 1389; x_wconf 79' lang='lat' dir='ltr'>fatigantur.</span> <span class='ocrx_word' id='word_1_114' title='bbox 1008 1313 1117 1376; x_wconf 86' lang='lat' dir='ltr'>virium</span> 
     </span>
     <span class='ocr_line' id='line_1_14' title="bbox 145 1398 1117 1474; baseline -0.003 -15"><span class='ocrx_word' id='word_1_115' title='bbox 145 1399 204 1459; x_wconf 91' lang='lat' dir='ltr'>illis</span> <span class='ocrx_word' id='word_1_116' title='bbox 219 1400 315 1458; x_wconf 76' lang='lat' dir='ltr'>nlaior</span> <span class='ocrx_word' id='word_1_117' title='bbox 329 1404 377 1457; x_wconf 88' lang='lat' dir='ltr'>est</span> <span class='ocrx_word' id='word_1_118' title='bbox 391 1404 421 1457; x_wconf 89' lang='lat' dir='ltr'>et</span> <span class='ocrx_word' id='word_1_119' title='bbox 435 1398 625 1472; x_wconf 88' lang='lat' dir='ltr'>aequabilior</span> <span class='ocrx_word' id='word_1_120' title='bbox 638 1399 781 1458; x_wconf 79' lang='lat' dir='ltr'>firmitas:</span> <span class='ocrx_word' id='word_1_121' title='bbox 803 1399 955 1474; x_wconf 90' lang='lat' dir='ltr'>sequitur,</span> <span class='ocrx_word' id='word_1_122' title='bbox 976 1403 1008 1457; x_wconf 93' lang='lat' dir='ltr'>ut</span> <span class='ocrx_word' id='word_1_123' title='bbox 1020 1398 1117 1457; x_wconf 88' lang='lat' dir='ltr'>multo</span> 
     </span>
     <span class='ocr_line' id='line_1_15' title="bbox 145 1479 1115 1556; baseline -0.002 -15"><span class='ocrx_word' id='word_1_124' title='bbox 145 1484 280 1541; x_wconf 76' lang='lat' dir='ltr'>feliciora</span> <span class='ocrx_word' id='word_1_125' title='bbox 297 1482 357 1539; x_wconf 91' lang='lat' dir='ltr'>sint</span> <span class='ocrx_word' id='word_1_126' title='bbox 373 1481 504 1540; x_wconf 91' lang='lat' dir='ltr'>homine.</span> <span class='ocrx_word' id='word_1_127' title='bbox 539 1498 608 1540; x_wconf 90' lang='lat' dir='ltr'>nam</span> <span class='ocrx_word' id='word_1_128' title='bbox 624 1481 690 1542; x_wconf 89' lang='lat' dir='ltr'>sina</span> <span class='ocrx_word' id='word_1_129' title='bbox 703 1481 853 1556; x_wconf 89' lang='lat' dir='ltr'>nequitia,</span> <span class='ocrx_word' id='word_1_130' title='bbox 877 1482 944 1541; x_wconf 89' lang='lat' dir='ltr'>sine</span> <span class='ocrx_word' id='word_1_131' title='bbox 956 1479 1115 1540; x_wconf 86' lang='lat' dir='ltr'>fraudibus</span> 
     </span>
     <span class='ocr_line' id='line_1_16' title="bbox 148 1561 1117 1640; baseline 0.001 -16"><span class='ocrx_word' id='word_1_132' title='bbox 148 1566 271 1638; x_wconf 90' lang='lat' dir='ltr'>degunt.</span> <span class='ocrx_word' id='word_1_133' title='bbox 300 1565 441 1624; x_wconf 90' lang='lat' dir='ltr'>fruuntur</span> <span class='ocrx_word' id='word_1_134' title='bbox 456 1565 671 1639; x_wconf 91' lang='lat' dir='ltr'>voluptatibus,</span> <span class='ocrx_word' id='word_1_135' title='bbox 696 1581 774 1640; x_wconf 86' lang='lat' dir='ltr'>quas</span> <span class='ocrx_word' id='word_1_136' title='bbox 794 1572 825 1626; x_wconf 88' lang='lat' dir='ltr'>et</span> <span class='ocrx_word' id='word_1_137' title='bbox 838 1566 934 1640; x_wconf 90' lang='lat' dir='ltr'>magis</span> <span class='ocrx_word' id='word_1_138' title='bbox 948 1561 1070 1639; x_wconf 90' lang='lat' dir='ltr'>capiunt</span> <span class='ocrx_word' id='word_1_139' title='bbox 1084 1571 1117 1625; x_wconf 89' lang='lat' dir='ltr'>et</span> 
     </span>
     <span class='ocr_line' id='line_1_17' title="bbox 106 1646 1116 1723; baseline -0.001 -16"><span class='ocrx_word' id='word_1_140' title='bbox 106 1656 137 1710; x_wconf 84' lang='lat'>16</span> <span class='ocrx_word' id='word_1_141' title='bbox 148 1664 187 1707; x_wconf 88' lang='lat' dir='ltr'>ex</span> <span class='ocrx_word' id='word_1_142' title='bbox 206 1646 286 1706; x_wconf 88' lang='lat' dir='ltr'>facili</span> <span class='ocrx_word' id='word_1_143' title='bbox 307 1649 374 1707; x_wconf 91' lang='lat' dir='ltr'>sine</span> <span class='ocrx_word' id='word_1_144' title='bbox 388 1649 449 1707; x_wconf 91' lang='lat' dir='ltr'>ullo</span> <span class='ocrx_word' id='word_1_145' title='bbox 465 1649 592 1723; x_wconf 93' lang='lat' dir='ltr'>pudoris</span> <span class='ocrx_word' id='word_1_146' title='bbox 606 1656 658 1710; x_wconf 89' lang='lat' dir='ltr'>aut</span> <span class='ocrx_word' id='word_1_147' title='bbox 672 1648 876 1723; x_wconf 88' lang='lat' dir='ltr'>poenitentiae</span> <span class='ocrx_word' id='word_1_148' title='bbox 892 1653 981 1708; x_wconf 89' lang='lat' dir='ltr'>metu.</span> <span class='ocrx_word' id='word_1_149' title='bbox 1009 1647 1116 1708; x_wconf 76' lang='lat' dir='ltr'>consi·</span> 
     </span>
     <span class='ocr_line' id='line_1_18' title="bbox 145 1730 1116 1806; baseline -0.001 -15"><span class='ocrx_word' id='word_1_150' title='bbox 145 1732 219 1791; x_wconf 89' lang='lat' dir='ltr'>dera</span> <span class='ocrx_word' id='word_1_151' title='bbox 242 1737 273 1789; x_wconf 92' lang='lat' dir='ltr'>tu</span> <span class='ocrx_word' id='word_1_152' title='bbox 294 1730 412 1806; x_wconf 90' lang='lat' dir='ltr'>itaque,</span> <span class='ocrx_word' id='word_1_153' title='bbox 433 1747 471 1789; x_wconf 90' lang='lat' dir='ltr'>an</span> <span class='ocrx_word' id='word_1_154' title='bbox 491 1731 523 1790; x_wconf 91' lang='lat' dir='ltr'>id</span> <span class='ocrx_word' id='word_1_155' title='bbox 544 1732 656 1790; x_wconf 93' lang='lat' dir='ltr'>bonum</span> <span class='ocrx_word' id='word_1_156' title='bbox 677 1732 850 1793; x_wconf 90' lang='lat' dir='ltr'>vocandum</span> <span class='ocrx_word' id='word_1_157' title='bbox 870 1732 923 1803; x_wconf 90' lang='lat' dir='ltr'>sit,</span> <span class='ocrx_word' id='word_1_158' title='bbox 952 1746 1015 1806; x_wconf 93' lang='lat' dir='ltr'>quo</span> <span class='ocrx_word' id='word_1_159' title='bbox 1038 1732 1116 1791; x_wconf 90' lang='lat' dir='ltr'>deus</span> 
     </span>
     <span class='ocr_line' id='line_1_19' title="bbox 146 1812 1116 1877; baseline 0.001 -3"><span class='ocrx_word' id='word_1_160' title='bbox 146 1815 184 1874; x_wconf 94' lang='lat' dir='ltr'>ab</span> <span class='ocrx_word' id='word_1_161' title='bbox 208 1814 331 1874; x_wconf 88' lang='lat' dir='ltr'>homine</span> <span class='ocrx_word' id='word_1_162' title='bbox 356 1814 494 1875; x_wconf 90' lang='lat' dir='ltr'>vincitur.</span> <span class='ocrx_word' id='word_1_163' title='bbox 536 1812 693 1875; x_wconf 87' lang='lat' dir='ltr'>Summum</span> <span class='ocrx_word' id='word_1_164' title='bbox 713 1817 826 1877; x_wconf 93' lang='lat' dir='ltr'>bonum</span> <span class='ocrx_word' id='word_1_165' title='bbox 846 1816 876 1874; x_wconf 96' lang='lat' dir='ltr'>in</span> <span class='ocrx_word' id='word_1_166' title='bbox 897 1815 999 1875; x_wconf 91' lang='lat' dir='ltr'>animo</span> <span class='ocrx_word' id='word_1_167' title='bbox 1015 1813 1116 1875; x_wconf 85' lang='lat' dir='ltr'>eonti-</span> 
     </span>
     <span class='ocr_line' id='line_1_20' title="bbox 145 1897 1114 1974; baseline 0 -17"><span class='ocrx_word' id='word_1_168' title='bbox 145 1914 287 1957; x_wconf 79' lang='lat' dir='ltr'>neamns=</span> <span class='ocrx_word' id='word_1_169' title='bbox 311 1899 492 1970; x_wconf 88' lang='lat' dir='ltr'>obsolescit,</span> <span class='ocrx_word' id='word_1_170' title='bbox 515 1897 541 1957; x_wconf 94' lang='lat' dir='ltr'>si</span> <span class='ocrx_word' id='word_1_171' title='bbox 562 1899 601 1958; x_wconf 90' lang='lat' dir='ltr'>ab</span> <span class='ocrx_word' id='word_1_172' title='bbox 619 1899 733 1974; x_wconf 88' lang='lat' dir='ltr'>optima</span> <span class='ocrx_word' id='word_1_173' title='bbox 747 1897 844 1960; x_wconf 89' lang='lat' dir='ltr'>nostri</span> <span class='ocrx_word' id='word_1_174' title='bbox 860 1905 945 1973; x_wconf 88' lang='lat' dir='ltr'>parte</span> <span class='ocrx_word' id='word_1_175' title='bbox 960 1898 1001 1958; x_wconf 91' lang='lat' dir='ltr'>ad</span> <span class='ocrx_word' id='word_1_176' title='bbox 1016 1897 1114 1973; x_wconf 86' lang='lat' dir='ltr'>pessi·</span> 
     </span>
     <span class='ocr_line' id='line_1_21' title="bbox 145 1980 1116 2058; baseline -0.001 -18"><span class='ocrx_word' id='word_1_177' title='bbox 145 1998 224 2040; x_wconf 85' lang='lat' dir='ltr'>mam</span> <span class='ocrx_word' id='word_1_178' title='bbox 246 1982 352 2041; x_wconf 90' lang='lat' dir='ltr'>transit</span> <span class='ocrx_word' id='word_1_179' title='bbox 372 1987 402 2040; x_wconf 90' lang='lat' dir='ltr'>et</span> <span class='ocrx_word' id='word_1_180' title='bbox 421 1982 601 2042; x_wconf 85' lang='lat' dir='ltr'>transfertur</span> <span class='ocrx_word' id='word_1_181' title='bbox 615 1983 655 2042; x_wconf 90' lang='lat' dir='ltr'>ad</span> <span class='ocrx_word' id='word_1_182' title='bbox 670 1998 798 2054; x_wconf 91' lang='lat' dir='ltr'>sensus,</span> <span class='ocrx_word' id='word_1_183' title='bbox 822 1983 873 2058; x_wconf 90' lang='lat' dir='ltr'>qui</span> <span class='ocrx_word' id='word_1_184' title='bbox 888 1980 1030 2056; x_wconf 76' lang='lat' dir='ltr'>agiliores</span> <span class='ocrx_word' id='word_1_185' title='bbox 1046 1985 1116 2042; x_wconf 88' lang='lat' dir='ltr'>sunt</span> 
     </span>
     <span class='ocr_line' id='line_1_22' title="bbox 145 2062 1114 2127; baseline -0.001 -3"><span class='ocrx_word' id='word_1_186' title='bbox 145 2066 324 2125; x_wconf 87' lang='lat' dir='ltr'>animalibus</span> <span class='ocrx_word' id='word_1_187' title='bbox 338 2065 437 2125; x_wconf 92' lang='lat' dir='ltr'>mutis.</span> <span class='ocrx_word' id='word_1_188' title='bbox 474 2065 540 2125; x_wconf 89' lang='lat' dir='ltr'>Non</span> <span class='ocrx_word' id='word_1_189' title='bbox 563 2072 610 2127; x_wconf 90' lang='lat' dir='ltr'>est</span> <span class='ocrx_word' id='word_1_190' title='bbox 631 2082 749 2126; x_wconf 90' lang='lat' dir='ltr'>summa</span> <span class='ocrx_word' id='word_1_191' title='bbox 770 2065 919 2126; x_wconf 84' lang='lat' dir='ltr'>felicitatis</span> <span class='ocrx_word' id='word_1_192' title='bbox 940 2070 1065 2125; x_wconf 88' lang='lat' dir='ltr'>nostrae</span> <span class='ocrx_word' id='word_1_193' title='bbox 1084 2062 1114 2123; x_wconf 94' lang='lat' dir='ltr'>in</span> 
     </span>
     <span class='ocr_line' id='line_1_23' title="bbox 147 2147 1115 2224; baseline -0.001 -16"><span class='ocrx_word' id='word_1_194' title='bbox 147 2165 238 2208; x_wconf 87' lang='lat' dir='ltr'>carne</span> <span class='ocrx_word' id='word_1_195' title='bbox 254 2149 411 2224; x_wconf 86' lang='lat' dir='ltr'>ponenda=</span> <span class='ocrx_word' id='word_1_196' title='bbox 434 2147 517 2209; x_wconf 90' lang='lat' dir='ltr'>bona</span> <span class='ocrx_word' id='word_1_197' title='bbox 532 2148 583 2208; x_wconf 91' lang='lat' dir='ltr'>illa</span> <span class='ocrx_word' id='word_1_198' title='bbox 599 2158 670 2209; x_wconf 91' lang='lat' dir='ltr'>sunt</span> <span class='ocrx_word' id='word_1_199' title='bbox 683 2165 770 2222; x_wconf 90' lang='lat' dir='ltr'>vera,</span> <span class='ocrx_word' id='word_1_200' title='bbox 788 2165 868 2224; x_wconf 88' lang='lat' dir='ltr'>quae</span> <span class='ocrx_word' id='word_1_201' title='bbox 882 2149 959 2208; x_wconf 89' lang='lat' dir='ltr'>ratio</span> <span class='ocrx_word' id='word_1_202' title='bbox 975 2148 1043 2222; x_wconf 87' lang='lat' dir='ltr'>dat,</span> <span class='ocrx_word' id='word_1_203' title='bbox 1065 2161 1115 2208; x_wconf 89' lang='lat' dir='ltr'>so·</span> 
     </span>
     <span class='ocr_line' id='line_1_24' title="bbox 146 2230 1115 2308; baseline 0.002 -20"><span class='ocrx_word' id='word_1_204' title='bbox 146 2232 208 2291; x_wconf 90' lang='lat' dir='ltr'>lida</span> <span class='ocrx_word' id='word_1_205' title='bbox 223 2248 259 2292; x_wconf 90' lang='lat' dir='ltr'>ac</span> <span class='ocrx_word' id='word_1_206' title='bbox 275 2233 473 2307; x_wconf 87' lang='lat' dir='ltr'>sempiterna,</span> <span class='ocrx_word' id='word_1_207' title='bbox 491 2248 571 2307; x_wconf 88' lang='lat' dir='ltr'>quac</span> <span class='ocrx_word' id='word_1_208' title='bbox 586 2234 696 2292; x_wconf 90' lang='lat' dir='ltr'>cadere</span> <span class='ocrx_word' id='word_1_209' title='bbox 713 2250 773 2294; x_wconf 95' lang='lat' dir='ltr'>non</span> <span class='ocrx_word' id='word_1_210' title='bbox 790 2238 935 2308; x_wconf 86' lang='lat' dir='ltr'>possunt,</span> <span class='ocrx_word' id='word_1_211' title='bbox 955 2246 996 2291; x_wconf 88' lang='lat' dir='ltr'>ne</span> <span class='ocrx_word' id='word_1_212' title='bbox 1011 2230 1115 2291; x_wconf 84' lang='lat' dir='ltr'>decra-</span> 
     </span>
     <span class='ocr_line' id='line_1_25' title="bbox 104 2316 1116 2391; baseline -0.006 -12"><span class='ocrx_word' id='word_1_213' title='bbox 104 2327 233 2383; x_wconf 86' lang='lat' dir='ltr'>17scere</span> <span class='ocrx_word' id='word_1_214' title='bbox 254 2317 377 2391; x_wconf 86' lang='lat' dir='ltr'>quidem</span> <span class='ocrx_word' id='word_1_215' title='bbox 399 2323 450 2375; x_wconf 90' lang='lat' dir='ltr'>aut</span> <span class='ocrx_word' id='word_1_216' title='bbox 470 2316 578 2375; x_wconf 71' lang='lat' dir='ltr'>minuis</span> <span class='ocrx_word' id='word_1_217' title='bbox 606 2325 707 2377; x_wconf 88' lang='lat' dir='ltr'>cetera</span> <span class='ocrx_word' id='word_1_218' title='bbox 728 2317 872 2391; x_wconf 89' lang='lat' dir='ltr'>opinione</span> <span class='ocrx_word' id='word_1_219' title='bbox 891 2316 974 2375; x_wconf 89' lang='lat' dir='ltr'>bona</span> <span class='ocrx_word' id='word_1_220' title='bbox 994 2321 1066 2375; x_wconf 86' lang='lat' dir='ltr'>sunt</span> <span class='ocrx_word' id='word_1_221' title='bbox 1085 2319 1116 2373; x_wconf 89' lang='lat' dir='ltr'>et</span> 
     </span>
     <span class='ocr_line' id='line_1_26' title="bbox 144 2395 1115 2474; baseline -0.002 -16"><span class='ocrx_word' id='word_1_222' title='bbox 144 2417 254 2461; x_wconf 91' lang='lat' dir='ltr'>nomen</span> <span class='ocrx_word' id='word_1_223' title='bbox 277 2400 399 2474; x_wconf 89' lang='lat' dir='ltr'>quidem</span> <span class='ocrx_word' id='word_1_224' title='bbox 419 2398 531 2459; x_wconf 92' lang='lat' dir='ltr'>babent</span> <span class='ocrx_word' id='word_1_225' title='bbox 551 2414 711 2459; x_wconf 86' lang='lat' dir='ltr'>commune</span> <span class='ocrx_word' id='word_1_226' title='bbox 733 2416 800 2460; x_wconf 91' lang='lat' dir='ltr'>cum</span> <span class='ocrx_word' id='word_1_227' title='bbox 820 2399 918 2471; x_wconf 87' lang='lat' dir='ltr'>voris,</span> <span class='ocrx_word' id='word_1_228' title='bbox 941 2395 1115 2473; x_wconf 84' lang='lat' dir='ltr'>proprietas</span> 
     </span>
     <span class='ocr_line' id='line_1_27' title="bbox 143 2483 1116 2558; baseline -0.004 -16"><span class='ocrx_word' id='word_1_229' title='bbox 143 2483 172 2542; x_wconf 92' lang='lat' dir='ltr'>in</span> <span class='ocrx_word' id='word_1_230' title='bbox 196 2484 253 2543; x_wconf 92' lang='lat' dir='ltr'>iltis</span> <span class='ocrx_word' id='word_1_231' title='bbox 277 2483 349 2542; x_wconf 94' lang='lat' dir='ltr'>boni</span> <span class='ocrx_word' id='word_1_232' title='bbox 371 2499 430 2542; x_wconf 92' lang='lat' dir='ltr'>non</span> <span class='ocrx_word' id='word_1_233' title='bbox 451 2488 507 2541; x_wconf 87' lang='lat' dir='ltr'>ost.</span> <span class='ocrx_word' id='word_1_234' title='bbox 543 2484 646 2558; x_wconf 87' lang='lat' dir='ltr'>itaque</span> <span class='ocrx_word' id='word_1_235' title='bbox 669 2485 829 2543; x_wconf 90' lang='lat' dir='ltr'>commoda</span> <span class='ocrx_word' id='word_1_236' title='bbox 848 2487 997 2543; x_wconf 88' lang='lat' dir='ltr'>vocentur</span> <span class='ocrx_word' id='word_1_237' title='bbox 1010 2486 1054 2554; x_wconf 90' lang='lat' dir='ltr'>et,</span> <span class='ocrx_word' id='word_1_238' title='bbox 1081 2484 1116 2538; x_wconf 87' lang='lat' dir='ltr'>ut</span> 
     </span>
     <span class='ocr_line' id='line_1_28' title="bbox 142 2565 1115 2641; baseline -0.002 -17"><span class='ocrx_word' id='word_1_239' title='bbox 142 2573 247 2626; x_wconf 90' lang='lat' dir='ltr'>nostra</span> <span class='ocrx_word' id='word_1_240' title='bbox 263 2566 363 2639; x_wconf 89' lang='lat' dir='ltr'>lingua</span> <span class='ocrx_word' id='word_1_241' title='bbox 378 2566 495 2640; x_wconf 89' lang='lat' dir='ltr'>loquar,</span> <span class='ocrx_word' id='word_1_242' title='bbox 512 2568 710 2641; x_wconf 88' lang='lat' dir='ltr'>producta.</span> <span class='ocrx_word' id='word_1_243' title='bbox 738 2574 872 2626; x_wconf 91' lang='lat' dir='ltr'>ceterum</span> <span class='ocrx_word' id='word_1_244' title='bbox 883 2565 1016 2625; x_wconf 89' lang='lat' dir='ltr'>sciamus</span> <span class='ocrx_word' id='word_1_245' title='bbox 1030 2579 1115 2623; x_wconf 88' lang='lat' dir='ltr'>man·</span> 
     </span>
     <span class='ocr_line' id='line_1_29' title="bbox 144 2647 1113 2725; baseline -0.003 -17"><span class='ocrx_word' id='word_1_246' title='bbox 144 2649 224 2722; x_wconf 87' lang='lat' dir='ltr'>cipio</span> <span class='ocrx_word' id='word_1_247' title='bbox 239 2655 344 2708; x_wconf 88' lang='lat' dir='ltr'>nostra</span> <span class='ocrx_word' id='word_1_248' title='bbox 359 2663 443 2721; x_wconf 88' lang='lat' dir='ltr'>esse,</span> <span class='ocrx_word' id='word_1_249' title='bbox 467 2665 528 2707; x_wconf 90' lang='lat' dir='ltr'>non</span> <span class='ocrx_word' id='word_1_250' title='bbox 543 2658 661 2724; x_wconf 80' lang='lat' dir='ltr'>partes:</span> <span class='ocrx_word' id='word_1_251' title='bbox 687 2656 717 2710; x_wconf 90' lang='lat' dir='ltr'>et</span> <span class='ocrx_word' id='word_1_252' title='bbox 731 2651 791 2710; x_wconf 90' lang='lat' dir='ltr'>sint</span> <span class='ocrx_word' id='word_1_253' title='bbox 804 2649 886 2725; x_wconf 88' lang='lat' dir='ltr'>apud</span> <span class='ocrx_word' id='word_1_254' title='bbox 902 2664 977 2722; x_wconf 92' lang='lat' dir='ltr'>nos,</span> <span class='ocrx_word' id='word_1_255' title='bbox 992 2647 1049 2707; x_wconf 89' lang='lat' dir='ltr'>sed</span> <span class='ocrx_word' id='word_1_256' title='bbox 1063 2647 1113 2720; x_wconf 86' lang='lat' dir='ltr'>ita,</span> 
     </span>
     <span class='ocr_line' id='line_1_30' title="bbox 142 2729 1113 2807; baseline -0.002 -17"><span class='ocrx_word' id='word_1_257' title='bbox 142 2739 176 2790; x_wconf 90' lang='lat' dir='ltr'>ut</span> <span class='ocrx_word' id='word_1_258' title='bbox 193 2729 416 2790; x_wconf 90' lang='lat' dir='ltr'>meminerimus</span> <span class='ocrx_word' id='word_1_259' title='bbox 433 2737 519 2791; x_wconf 88' lang='lat' dir='ltr'>extra</span> <span class='ocrx_word' id='word_1_260' title='bbox 539 2748 596 2792; x_wconf 92' lang='lat' dir='ltr'>nos</span> <span class='ocrx_word' id='word_1_261' title='bbox 617 2749 697 2794; x_wconf 89' lang='lat' dir='ltr'>esse.</span> <span class='ocrx_word' id='word_1_262' title='bbox 732 2733 850 2794; x_wconf 88' lang='lat' dir='ltr'>etiamsi</span> <span class='ocrx_word' id='word_1_263' title='bbox 871 2732 954 2807; x_wconf 90' lang='lat' dir='ltr'>apud</span> <span class='ocrx_word' id='word_1_264' title='bbox 969 2745 1029 2792; x_wconf 89' lang='lat' dir='ltr'>nos</span> <span class='ocrx_word' id='word_1_265' title='bbox 1043 2729 1113 2803; x_wconf 87' lang='lat' dir='ltr'>sint,</span> 
     </span>
     <span class='ocr_line' id='line_1_31' title="bbox 143 2813 1114 2892; baseline 0 -20"><span class='ocrx_word' id='word_1_266' title='bbox 143 2813 221 2872; x_wconf 90' lang='lat' dir='ltr'>inter</span> <span class='ocrx_word' id='word_1_267' title='bbox 237 2814 373 2873; x_wconf 89' lang='lat' dir='ltr'>subiecta</span> <span class='ocrx_word' id='word_1_268' title='bbox 388 2823 582 2876; x_wconf 87' lang='lat' dir='ltr'>numerentur</span> <span class='ocrx_word' id='word_1_269' title='bbox 597 2824 626 2876; x_wconf 91' lang='lat' dir='ltr'>et</span> <span class='ocrx_word' id='word_1_270' title='bbox 639 2816 771 2890; x_wconf 91' lang='lat' dir='ltr'>humilia,</span> <span class='ocrx_word' id='word_1_271' title='bbox 788 2823 913 2892; x_wconf 90' lang='lat' dir='ltr'>propter</span> <span class='ocrx_word' id='word_1_272' title='bbox 928 2829 1007 2890; x_wconf 88' lang='lat' dir='ltr'>quae</span> <span class='ocrx_word' id='word_1_273' title='bbox 1022 2827 1114 2873; x_wconf 84' lang='lat' dir='ltr'>nemo</span> 
     </span>
     <span class='ocr_line' id='line_1_32' title="bbox 143 2897 1113 2975; baseline -0.002 -18"><span class='ocrx_word' id='word_1_274' title='bbox 143 2913 178 2958; x_wconf 89' lang='lat' dir='ltr'>se</span> <span class='ocrx_word' id='word_1_275' title='bbox 190 2897 336 2956; x_wconf 90' lang='lat' dir='ltr'>adtollere</span> <span class='ocrx_word' id='word_1_276' title='bbox 350 2899 468 2957; x_wconf 89' lang='lat' dir='ltr'>debeat.</span> <span class='ocrx_word' id='word_1_277' title='bbox 501 2900 575 2974; x_wconf 86' lang='lat' dir='ltr'>quid</span> <span class='ocrx_word' id='word_1_278' title='bbox 589 2901 669 2969; x_wconf 85' lang='lat' dir='ltr'>enim</span> <span class='ocrx_word' id='word_1_279' title='bbox 684 2901 804 2961; x_wconf 89' lang='lat' dir='ltr'>stultius</span> <span class='ocrx_word' id='word_1_280' title='bbox 821 2915 911 2975; x_wconf 91' lang='lat' dir='ltr'>quam</span> <span class='ocrx_word' id='word_1_281' title='bbox 927 2900 1059 2973; x_wconf 86' lang='lat' dir='ltr'>aliquem</span> <span class='ocrx_word' id='word_1_282' title='bbox 1074 2910 1113 2956; x_wconf 90' lang='lat' dir='ltr'>eo</span> 
     </span>
     <span class='ocr_line' id='line_1_33' title="bbox 103 2980 1113 3059; baseline 0 -20"><span class='ocrx_word' id='word_1_283' title='bbox 103 2980 201 3041; x_wconf 81' lang='lat' dir='ltr'>18sibi</span> <span class='ocrx_word' id='word_1_284' title='bbox 218 2983 353 3055; x_wconf 87' lang='lat' dir='ltr'>placere,</span> <span class='ocrx_word' id='word_1_285' title='bbox 383 2982 467 3057; x_wconf 89' lang='lat' dir='ltr'>quod</span> <span class='ocrx_word' id='word_1_286' title='bbox 481 2983 550 3058; x_wconf 90' lang='lat' dir='ltr'>ipse</span> <span class='ocrx_word' id='word_1_287' title='bbox 564 3000 626 3044; x_wconf 91' lang='lat' dir='ltr'>non</span> <span class='ocrx_word' id='word_1_288' title='bbox 642 2984 734 3044; x_wconf 82' lang='lat' dir='ltr'>fecitt</span> <span class='ocrx_word' id='word_1_289' title='bbox 761 2982 868 3045; x_wconf 88' lang='lat' dir='ltr'>Omnia</span> <span class='ocrx_word' id='word_1_290' title='bbox 883 2983 942 3042; x_wconf 88' lang='lat' dir='ltr'>ista</span> <span class='ocrx_word' id='word_1_291' title='bbox 952 2980 1046 3059; x_wconf 89' lang='lat' dir='ltr'>nobis</span> <span class='ocrx_word' id='word_1_292' title='bbox 1061 2994 1113 3039; x_wconf 88' lang='lat' dir='ltr'>ac-</span> 
     </span>
     <span class='ocr_line' id='line_1_34' title="bbox 144 3064 1114 3140; baseline -0.001 -16"><span class='ocrx_word' id='word_1_293' title='bbox 144 3065 267 3136; x_wconf 88' lang='lat' dir='ltr'>cedant,</span> <span class='ocrx_word' id='word_1_294' title='bbox 292 3082 351 3124; x_wconf 93' lang='lat' dir='ltr'>non</span> <span class='ocrx_word' id='word_1_295' title='bbox 367 3064 526 3138; x_wconf 87' lang='lat' dir='ltr'>haereant,</span> <span class='ocrx_word' id='word_1_296' title='bbox 550 3075 597 3137; x_wconf 90' lang='lat' dir='ltr'>ut,</span> <span class='ocrx_word' id='word_1_297' title='bbox 619 3068 645 3126; x_wconf 91' lang='lat' dir='ltr'>si</span> <span class='ocrx_word' id='word_1_298' title='bbox 663 3069 866 3140; x_wconf 88' lang='lat' dir='ltr'>abducantur,</span> <span class='ocrx_word' id='word_1_299' title='bbox 892 3066 959 3125; x_wconf 88' lang='lat' dir='ltr'>sine</span> <span class='ocrx_word' id='word_1_300' title='bbox 979 3066 1043 3125; x_wconf 89' lang='lat' dir='ltr'>ulla</span> <span class='ocrx_word' id='word_1_301' title='bbox 1057 3078 1114 3123; x_wconf 90' lang='lat' dir='ltr'>no·</span> 
     </span>
     <span class='ocr_line' id='line_1_35' title="bbox 143 3146 1115 3224; baseline -0.003 -15"><span class='ocrx_word' id='word_1_302' title='bbox 143 3149 196 3209; x_wconf 92' lang='lat' dir='ltr'>stri</span> <span class='ocrx_word' id='word_1_303' title='bbox 217 3149 400 3210; x_wconf 87' lang='lat' dir='ltr'>laceratione</span> <span class='ocrx_word' id='word_1_304' title='bbox 421 3149 589 3209; x_wconf 90' lang='lat' dir='ltr'>discedant.</span> <span class='ocrx_word' id='word_1_305' title='bbox 626 3158 744 3211; x_wconf 90' lang='lat' dir='ltr'>utamur</span> <span class='ocrx_word' id='word_1_306' title='bbox 764 3152 838 3224; x_wconf 90' lang='lat' dir='ltr'>illis,</span> <span class='ocrx_word' id='word_1_307' title='bbox 861 3165 922 3210; x_wconf 91' lang='lat' dir='ltr'>non</span> <span class='ocrx_word' id='word_1_308' title='bbox 937 3146 1115 3224; x_wconf 88' lang='lat' dir='ltr'>gloriemur,</span> 
     </span>
     <span class='ocr_line' id='line_1_36' title="bbox 142 3229 1115 3310; baseline -0.004 -18"><span class='ocrx_word' id='word_1_309' title='bbox 142 3239 172 3293; x_wconf 93' lang='lat' dir='ltr'>et</span> <span class='ocrx_word' id='word_1_310' title='bbox 185 3242 305 3293; x_wconf 88' lang='lat' dir='ltr'>utamur</span> <span class='ocrx_word' id='word_1_311' title='bbox 322 3248 413 3308; x_wconf 88' lang='lat' dir='ltr'>paroc</span> <span class='ocrx_word' id='word_1_312' title='bbox 428 3240 580 3308; x_wconf 87' lang='lat' dir='ltr'>tamquam</span> <span class='ocrx_word' id='word_1_313' title='bbox 596 3233 745 3308; x_wconf 92' lang='lat' dir='ltr'>depositis</span> <span class='ocrx_word' id='word_1_314' title='bbox 761 3235 843 3310; x_wconf 89' lang='lat' dir='ltr'>apud</span> <span class='ocrx_word' id='word_1_315' title='bbox 858 3249 915 3294; x_wconf 90' lang='lat' dir='ltr'>nos</span> <span class='ocrx_word' id='word_1_316' title='bbox 930 3239 961 3292; x_wconf 92' lang='lat' dir='ltr'>et</span> <span class='ocrx_word' id='word_1_317' title='bbox 975 3229 1115 3292; x_wconf 88' lang='lat' dir='ltr'>abituris.</span> 
     </span>
     <span class='ocr_line' id='line_1_37' title="bbox 143 3313 1117 3392; baseline -0.001 -17"><span class='ocrx_word' id='word_1_318' title='bbox 143 3316 282 3391; x_wconf 90' lang='lat' dir='ltr'>quisquis</span> <span class='ocrx_word' id='word_1_319' title='bbox 299 3318 349 3376; x_wconf 93' lang='lat' dir='ltr'>illa</span> <span class='ocrx_word' id='word_1_320' title='bbox 364 3318 430 3376; x_wconf 93' lang='lat' dir='ltr'>sine</span> <span class='ocrx_word' id='word_1_321' title='bbox 445 3317 562 3378; x_wconf 88' lang='lat' dir='ltr'>ratione</span> <span class='ocrx_word' id='word_1_322' title='bbox 578 3318 731 3392; x_wconf 89' lang='lat' dir='ltr'>possedit,</span> <span class='ocrx_word' id='word_1_323' title='bbox 752 3334 813 3377; x_wconf 92' lang='lat' dir='ltr'>non</span> <span class='ocrx_word' id='word_1_324' title='bbox 834 3316 888 3377; x_wconf 89' lang='lat' dir='ltr'>diu</span> <span class='ocrx_word' id='word_1_325' title='bbox 902 3316 1006 3377; x_wconf 88' lang='lat' dir='ltr'>tenuit.</span> <span class='ocrx_word' id='word_1_326' title='bbox 1042 3313 1117 3389; x_wconf 85' lang='lat' dir='ltr'>ipsa</span> 
     </span>
     <span class='ocr_line' id='line_1_38' title="bbox 142 3397 1116 3477; baseline 0.001 -20"><span class='ocrx_word' id='word_1_327' title='bbox 142 3400 221 3458; x_wconf 91' lang='lat' dir='ltr'>enim</span> <span class='ocrx_word' id='word_1_328' title='bbox 236 3416 270 3459; x_wconf 90' lang='lat' dir='ltr'>se</span> <span class='ocrx_word' id='word_1_329' title='bbox 285 3399 428 3475; x_wconf 84' lang='lat' dir='ltr'>felicitas,</span> <span class='ocrx_word' id='word_1_330' title='bbox 459 3400 516 3460; x_wconf 92' lang='lat' dir='ltr'>nisi</span> <span class='ocrx_word' id='word_1_331' title='bbox 532 3407 731 3475; x_wconf 88' lang='lat' dir='ltr'>temperatur,</span> <span class='ocrx_word' id='word_1_332' title='bbox 755 3401 872 3477; x_wconf 89' lang='lat' dir='ltr'>premit.</span> <span class='ocrx_word' id='word_1_333' title='bbox 908 3399 936 3459; x_wconf 91' lang='lat' dir='ltr'>si</span> <span class='ocrx_word' id='word_1_334' title='bbox 949 3397 1116 3474; x_wconf 87' lang='lat' dir='ltr'>fugacissi-</span> 
     </span>
     <span class='ocr_line' id='line_1_39' title="bbox 140 3482 1116 3558; baseline 0.003 -18"><span class='ocrx_word' id='word_1_335' title='bbox 140 3484 199 3540; x_wconf 91' lang='lat' dir='ltr'>mis</span> <span class='ocrx_word' id='word_1_336' title='bbox 213 3482 303 3543; x_wconf 91' lang='lat' dir='ltr'>bonis</span> <span class='ocrx_word' id='word_1_337' title='bbox 325 3483 468 3556; x_wconf 89' lang='lat' dir='ltr'>eredidit,</span> <span class='ocrx_word' id='word_1_338' title='bbox 497 3484 555 3545; x_wconf 94' lang='lat' dir='ltr'>cito</span> <span class='ocrx_word' id='word_1_339' title='bbox 576 3484 725 3545; x_wconf 88' lang='lat' dir='ltr'>deseritur</span> <span class='ocrx_word' id='word_1_340' title='bbox 740 3493 783 3558; x_wconf 88' lang='lat' dir='ltr'>et,</span> <span class='ocrx_word' id='word_1_341' title='bbox 810 3492 921 3545; x_wconf 81' lang='lat' dir='ltr'>utnon</span> <span class='ocrx_word' id='word_1_342' title='bbox 941 3482 1116 3558; x_wconf 79' lang='lat' dir='ltr'>deseratur,</span> 
     </span>
    </p>
   </div>
   <div class='ocr_carea' id='block_1_4' title="bbox 0 0 1238 3930">
    <p class='ocr_par' dir='ltr' id='par_1_4' title="bbox 0 0 1238 3930">
     <span class='ocr_line' id='line_1_40' title="bbox 0 0 1238 3930; baseline 0 2"><span class='ocrx_word' id='word_1_343' title='bbox 0 0 1238 3930; x_wconf 95' lang='lat' dir='ltr'> </span> 
     </span>
    </p>
   </div>
  </div>
 </body>
</html>
